3948 6346
510 388 615 443 675

1148 388 1207 439 Β.
1252 387 1501 441 MBAN]
1543 383 1762 441 MAURI
1797 384 2116 440 ARCHIEP.
2159 382 2470 439 MGGUNT.
2508 383 2794 440 OPERUM
2835 382 3012 439 PARS
3051 384 3115 439 ll.

3687 384 3781 440 G76

513 498 745 569 reposita
770 505 852 552 est
884 496 1013 552 mihi
1050 512 1243 552 corona
1266 496 1508 565 justitiae,
1536 513 1695 568 quam
1732 497 1865 552 mihi
1903 497 2091 551 reddet
2118 504 2161 560 Α
2195 497 2313 561 xu).
2343 516 2357 546 ι
2390 495 2579 551 Oleum
2608 511 2736 550 vero
2759 497 2901 565 quod
2926 495 3191 559 lassorum
3220 495 3462 551 membra
3490 505 3781 561 sustentat,

505 592 686 661 justus
706 587 984 661 judex'Ul
1004 587 1137 642 Tim.
1165 588 1262 659 tv).
1295 608 1312 639 ι
1350 588 1414 642 Et
1443 589 1495 642 in
1526 589 1632 642 alio
1662 588 1780 641 loco
1839 586 2092 641 acreden-

514 690 593 732 tes
627 697 639 731 :
673 696 691 729 ‹
727 676 991 732 Gaudium
1021 692 1222 741 meum,
1255 685 1307 732 et
1329 692 1526 732 corona
1559 692 1674 731 mea
1699 676 1917 747 (Philip.
1941 674 2038 746 iv),
2069 693 2086 724 ι

512 770 706 839 gloria.
737 768 877 822 enim
918 777 1133 837 patrum
1174 767 1288 821 filii.
1344 768 1413 822 Et
1452 770 1503 821 in
1561 767 1850 822 Salomone
1904 765 2093 821 scribi-

515 870 601 915 tur
636 878 649 913 :
684 878 702 910 ι
743 859 953 915 Corona
994 860 1210 929 gloriae,
1256 870 1503 913 senectus
1542 857 1722 929 (Prov.
1766 857 1899 928 xu);
1945 876 1961 907 ι
2007 871 2095 909 θος

514 964 666 1014 rum,
715 948 983 1012 videlicet,
1017 949 1106 1016 qui
1160 950 1545 1003 destruxerunt
1581 962 1643 1000 ea
1688 962 1808 1016 quae
1849 944 2095 1015 parvulo-

513 1054 631 1092 rum
659 1045 801 1100 sunt,
835 1045 889 1088 et
929 1046 1046 1106 post
1091 1045 1302 1090 aetatem
1348 1035 1568 1105 perfecti
1599 1036 1701 1089 viri
1731 1042 1990 1090 venerunt
2028 1035 2095 1086 ad

514 1141 863 1195 senectutem,
914 1141 969 1187 et
1026 1133 1090 1186 ad
1139 1133 1359 1187 Patrum
1392 1132 1627 1184 \nomina
1667 1131 1862 1199 quibus
1910 1129 2097 1184 scribit

513 1222 747 1279 Joannes
775 1231 900 1291 post
924 1238 1120 1293 pueros
1149 1232 1202 1276 et
1216 1222 1464 1291 juvenes.
1497 1222 1589 1290 qui
1620 1228 1843 1290 possunt
1874 1219 2054 1274 dicere
2080 1235 2094 1272 :

521 1331 537 1364 ι
571 1312 797 1379 Quando
829 1327 976 1366 eram
1003 1312 1277 1381 parvulus,
1309 1312 1569 1379 loquebar
1600 1319 1657 1364 ut
1695 1309 1973 1380 parvulus,
2002 1324 2097 1361 co-

515 1403 749 1473 gitaham
784 1410 840 1454 ut
866 1401 1149 1470 parvulus;
1177 1403 1391 1469 quando
1413 1401 1589 1454 factus
1612 1400 1839 1463 sumvir,
1859 1397 2096 1454 destruxi

514 1506 576 1546 ea
608 1506 727 1560 qua)
755 1491 964 1558 parvuli
1000 1498 1127 1544 sunt
1157 1488 1244 1561 (11
1265 1486 1386 1543 Cor.
1412 1490 1553 1557 xm).
1582 1508 1601 1539 ι

592 1602 609 1632 ι
642 1583 709 1635 Ει
736 1591 931 1636 ornata
965 1597 1023 1636 es
1048 1597 1180 1634 auro
1202 1591 1256 1635 et
1286 1590 1527 1651 argento.
1555 1600 1573 1631 ι
1610 1579 1815 1634 Crebro
1840 1579 2096 1641 diximus,

516 1690 706 1728 aurum
732 1674 798 1726 ad
825 1680 1081 1731 mentem,
1109 1679 1386 1741 argentum
1416 1670 1481 1723 ad
1510 1669 1780 1737 eloquium
1803 1669 2095 1737 pertinere,

522 1766 826 1831 tribuatque
853 1763 1008 1817 nobis
1040 1762 1297 1816 Dominus
1327 1769 1386 1813 ut
1421 1760 1659 1813 divinum
1708 1773 1924 1811 sensum
1956 1758 2095 1812 acci-

2198 594 2253 637 et
2277 585 2471 650 rcficit,
2500 595 2555 639 et
2592 595 2677 639 est
2702 585 2921 639 luminis
2954 586 3366 650 nutrimentum,
3388 594 3444 638 et
3470 600 3581 654 quo
3610 585 3666 639 in
3706 596 3786 640 ta-

2198 673 2487 727 bernaculo
2518 674 2611 728 Dei
2634 672 2763 743 juge
2800 672 3033 729 lucernae
3060 674 3239 727 lumen
3270 673 3605 737 accenditur,
3634 670 3784 729 Patri

2196 765 2395 818 dicitur
2421 767 2730 821 convenire.
2766 766 2895 832 Quae
2934 767 3116 827 omnia
3158 765 3505 822 credentibus
3543 765 3789 820 tribuunt

2196 860 2462 927 gratiam,
2514 859 2725 914 dicente
2777 859 3070 929 Apostolo:
3103 878 3120 909 α
3153 858 3457 914 Divisiones
3498 866 3627 913 sunt
3667 873 3789 929 gra-

2199 947 2414 1011 tiarum,
2447 963 2587 1001 unus
2631 957 2812 1001 autem
2849 949 3094 1016 spiritus.
3120 949 3187 1002 Et
3216 948 3508 1002 divisiones
3545 948 3793 1003 ministe-

2198 1036 2425 1098 riorum,
2466 1051 2606 1090 unus
2636 1044 2819 1090 autem
2864 1036 3146 1101 Dominus,
3177 1045 3231 1091 et
3263 1037 3559 1092 divisiones
3596 1051 3793 1107 Opera-

2200 1128 2428 1191 tionum,
2452 1143 2591 1181 unus
2622 1137 2801 1183 autem
2832 1137 2889 1181 et
2914 1129 3056 1183 idem
3082 1129 3223 1183 Deus
3251 1127 3303 1200 (I
3324 1126 3450 1182 Cor.
3479 1127 3601 1200 Ill).
3634 1148 3654 1181 ι
3688 1128 3791 1198 Qui

2200 1217 2359 1270 talem
2389 1220 2684 1273 comederit
2713 1221 2915 1285 cibum,
2944 1229 2999 1275 et
3032 1222 3135 1275 hoc
3160 1221 3473 1277 dulcissimo
3496 1230 3552 1276 et
3581 1222 3795 1279 suavis-

2199 1309 2336 1361 simo
2368 1323 2523 1377 pane,
2546 1308 2759 1378 oleique.
2801 1308 3085 1379 splendore
3110 1309 3344 1379 fulgente
3375 1318 3567 1379 pastus
3604 1308 3789 1376 fuerit,

2201 1412 2264 1450 ac
2293 1397 2546 1461 nutritus,
2567 1406 2806 1452 vertetur
2828 1398 2882 1451 in
2904 1399 3151 1452 decorem
3175 1409 3229 1453 et
3256 1398 3347 1453 fiet
3367 1398 3791 1469 pulcherrimus,

2200 1501 2307 1540 non
2351 1487 2546 1545 semel.
2588 1484 2683 1541 sed
2719 1488 2949 1557 repetito
2987 1489 3177 1552 nimis,
3212 1489 3373 1542 nimis
3408 1508 3419 1542 :
3459 1489 3791 1558 duplicatum

2200 1576 2344 1630 enim
2376 1578 2687 1632 adverbium
2720 1580 2926 1648 pondus
2958 1579 3086 1634 facit
3110 1580 3371 1635 orationis
3391 1621 3405 1646 ,
3444 1597 3553 1651 quo
3579 1582 3648 1636 ad
3680 1581 3796 1652 pul-

2201 1666 2531 1722 chritudinis
2562 1668 2990 1738 magnitudinem
3022 1671 3142 1724 addi
3173 1671 3311 1724 ultra
3342 1672 3475 1725 nihil
3500 1673 3697 1742 possit.

2280 1775 2298 1805 ‹
2328 1757 2394 1809 Ει
2436 1757 2709 1826 profecisti
2756 1759 2808 1811 in
2842 1776 3086 1830 regnum.
3119 1780 3137 1812 ι
3175 1761 3289 1815 Hoc
3335 1762 3387 1816 in
3438 1761 3793 1833 Septuaginta

519 1870 646 1924 pere
677 1869 1002 1917 mereamur,
1036 1863 1196 1919 atque
1217 1851 1555 1919 sapientiam,
1588 1858 1642 1904 et
1664 1848 1716 1901 id
1749 1848 1893 1917 quod
1922 1842 2101 1903 metite
2130 1843 2176 1900 Β
2207 1861 2311 1898 non
2354 1846 2601 1913 habetur,
2648 1848 2739 1916 qui
2787 1847 3014 1903 forsitan
3059 1849 3399 1906 Alexandria:
3444 1852 3499 1905 in
3545 1851 3792 1907 Graecum

522 1943 874 2012 concipimus,
926 1942 1125 2011 eloquii
1166 1950 1451 1996 venustate
1489 1939 1752 2009 proferre,
1800 1950 1855 1994 et
1901 1955 2105 2007 nequa-

520 2051 680 2105 quam
710 2050 777 2088 ex
799 2034 884 2087 bis
912 2032 1091 2087 facere
1121 2031 1283 2094 idola,
1317 2031 1452 2084 sicut
1499 2029 1703 2083 faciunt
1744 2029 2006 2094 haeretici,
2040 2030 2105 2083 de

522 2126 714 2192 quibus
748 2124 1008 2193 scriptum
1034 2130 1117 2177 est
1144 2137 1157 2175 :
1188 2141 1205 2173 ‹
1242 2122 1372 2176 Dedi
1395 2121 1474 2175 eis
1502 2121 1784 2190 argentum
1809 2127 1865 2174 et
1887 2134 2100 2183 aurum,

525 2215 626 2286 ipsi
653 2228 782 2269 vero
803 2229 867 2268 ex
892 2220 1115 2284 argento
1142 2221 1197 2266 et
1234 2228 1365 2265 auro
1388 2211 1633 2266 fecerunt
1657 2211 1785 2265 Baal
1808 2210 1951 2284 (Ose.
1970 2210 2048 2291 ιι).
2080 2231 2097 2261 ι

523 2307 591 2363 Et
618 2309 721 2362 hoc
757 2306 1104 2377 magisjusta
1137 2304 1546 2374 intelligentiam
1581 2304 1903 2372 spiritalem,
1948 2319 2107 2358 orna-

522 2397 601 2452 tui
643 2404 826 2467 aptdm
874 2402 958 2450 est
1004 2393 1345 2448 feminarum.
1406 2392 1658 2460 Alioquin
1699 2393 1909 2462 argenti
1950 2391 2107 2446 vilior

526 2487 751 2541 materia
780 2485 1104 2539 rusticarum
1130 2492 1184 2538 et
1208 2496 1529 2552 pauperum,
1558 2480 1985 2552 ancillarumque
2011 2496 2104 2535 or—

525 2585 684 2631 natus
709 2583 814 2640 est,
841 2575 933 2644 qui
965 2589 1069 2628 non
1113 2574 1365 2628 convenit
1408 2571 1726 2636 Jerusalem,
1762 2586 1880 2641 quze
1926 2572 1979 2625 in
2018 2587 2105 2626 re-

527 2668 704 2739 ginam
735 2666 931 2721 dicitur
952 2663 1264 2734 profecisse.

604 2776 621 2807 ι
649 2756 712 2810 Et
734 2756 925 2810 vestita
943 2770 1001 2809 cs
1016 2755 1176 2824 bysso
1197 2761 1250 2831 et
1264 2752 1521 2824 polymita
1537 2761 1591 2806 et
1611 2750 2056 2806 multicoloribus.
2083 2771 2101 2804 ι

526 2847 715 2905 Omnis
741 2856 919 2903 autem
948 2854 1173 2901 ornatus
1211 2843 1532 2899 describitur
1576 2840 1898 2895 feminarum
1940 2850 1999 2895 ut
2027 2841 2107 2895 la-

525 2948 702 3004 vetur,
734 2936 1127 3000 utmundetur,
1160 2940 1221 2988 ut
1245 2940 1477 3002 ungatur
1505 2931 1642 2995 oleo,
1672 2939 1728 2985 et
1755 2929 2109 2985 discoloribus

525 3030 804 3086 vestiatur.
842 3027 971 3096 Qua:
999 3027 1178 3082 omnia
1210 3025 1365 3096 juxta
1406 3023 1739 3093 superiorem
1773 3021 2109 3091 explanatio-

528 3134 649 3175 nem
698 3118 1001 3189 aptabimus
1059 3114 1429 3185 intelligentia:
1464 3111 1717 3182 spiritali,
1770 3119 1829 3165 ut
1870 3111 2107 3182 byssinis

2207 1950 2510 1991 sermonem
2536 1926 2834 2007 scripturas
2859 1955 2923 1993 ex
2959 1939 3223 1994 ilebraica
3244 1940 3474 1996 veritate
3497 1953 3793 2007 vertentes,

2210 2028 2508 2082 timuerunt
2538 2030 2641 2083 hoc
2670 2030 2868 2095 dicere,
2901 2045 2968 2084 ne
3009 2046 3190 2099 regem
3222 2030 3439 2103 Egypti
3481 2032 3799 2087 viderentur

2205 2118 2502 2185 oll'endere,
2546 2122 2670 2174 dum
2703 2138 2731 2175 a
2772 2123 2881 2176 Deo
2926 2120 3226 2177 Jerusalem
3278 2124 3516 2178 debitum
3570 2139 3797 2194 regnum

2205 2222 2325 2263 esse
2354 2220 2860 2271 commemorarent,
2901 2226 3208 2281 quanquam
3233 2214 3434 2267 eruditi
3466 2213 3614 2267 solos
3643 2214 3801 2282 quin-

2207 2313 2311 2365 que
2361 2298 2528 2353 libros
2558 2299 2725 2370 Moysi
2756 2302 2823 2354 ab
2858 2301 2937 2354 eis
2968 2301 3353 2370 interpretatos
3384 2290 3637 2371 probent.
3673 2301 3801 2356 POst

2207 2400 2458 2444 ornatum
2488 2391 2615 2463 ergo
2640 2391 3013 2462 multiplicem,
3046 2404 3169 2462 post
3193 2408 3472 2455 coronam,
3514 2403 3641 2462 post
3684 2394 3799 2447 auri

2206 2488 2262 2534 et
2298 2480 2517 2551 “argenti
2570 2481 2976 2547 abundantiam,
3024 2490 3147 2551 post
3180 2482 3496 2536 indumenta
3529 2482 3801 2553 palliaqne

2208 2572 2592 2643 pulcherrima,
2616 2580 2741 2641 post
2768 2572 3020 2631 decorem
3058 2572 3450 2637 incredibilem,
3482 2572 3705 2642 prolicit
3743 2573 3797 2627 in

2211 2664 2474 2734 reginam,
2505 2664 2631 2733 quia
2659 2664 2851 2720 civitas
2879 2672 2963 2719 est
3008 2663 3187 2735 magni
3217 2665 3379 2735 regis.
3411 2664 3487 2719 De
3511 2678 3620 2734 quo
3661 2664 3800 2719 scri-

2210 2764 2362 2825 ptum
2386 2764 2502 2809 est:
2525 2772 2544 2805 ‹
2574 2755 2738 2821 Deus,
2756 2754 3016 2825 judicium
3040 2763 3191 2817 tuum
3216 2753 3330 2823 regi
3352 2755 3439 2819 da,
3455 2761 3511 2808 et
3527 2753 3804 2823 justitiam

2213 2854 2357 2899 tuam
2414 2844 2524 2900 ﬁlio
2596 2845 2741 2916 regis
2783 2843 3163 2917 (Psal.uxu).
3202 2864 3221 2898 ι
3258 2845 3324 2899 Et
3371 2844 3427 2899 in
3476 2842 3805 2915 Apocalypsi

2210 2934 2435 2990 Joannis
2465 2953 2478 2990 :
2509 2954 2527 2987 ι
2560 2933 2925 3001 Hierusalem,
2966 2935 3121 3005 quasi
3168 2950 3365 3005 sponsa
3409 2943 3602 2990 ornata
3634 2942 3805 3005 atque

2211 3024 2510 3095 composita
2564 3025 2891 3080 describitur
2946 3026 3065 3079 viro
3114 3040 3213 3080 suo
3258 3024 3441 3095 (Apoc.
3492 3022 3629 3094 xxx).
3664 3042 3683 3075 ι
3746 3021 3805 3077 in

2213 3114 2437 3183 psalmis
2467 3130 2684 3184 quoque
2722 3115 2789 3179 de
2822 3116 3013 3170 eadem
3038 3115 3241 3170 dicitur
3268 3132 3281 3169 :
3313 3133 3331 3166 c
3360 3112 3585 3169 Adstitit
3614 3113 3808 3185 regina

527 3209 800 3281 Operiatur
821 3216 984 3277 atque
1006 3205 1314 3270 subtilibus,
1338 3218 1406 3259 ne
1425 3202 1655 3259 delicata
1679 3202 1923 3273 conjugis
1951 3216 2116 3255 mem-
2141 3191 2185 3252 C
2218 3220 2247 3257 a
2287 3204 2492 3260 dextris
2516 3206 2620 3260 tuis
2659 3206 2715 3259 in
2743 3206 2943 3261 vestitu
2967 3207 3228 3273 deaurato
3258 3206 3593 3261 circumdata
3620 3205 3807 3258 varie—

529 3300 627 3355 hra
666 3297 815 3370 gravi
868 3292 1152 3368 palliorum
1202 3308 1368 3371 onere
1416 3301 1827 3370 praegraventur
1870 3309 1884 3345 :
1924 3291 2017 3347 sed
2061 3299 2117 3346 et

529 3404 686 3445 usum
712 3388 917 3458 pariter
946 3384 1241 3441 exhibeant
1269 3393 1324 3439 et
1345 3384 1618 3439 decorem.

608 3500 626 3531 ‹
662 3471 914 3534 Similam
950 3486 1005 3532 et
1053 3475 1158 3531 mel
1188 3484 1243 3530 et
1282 3473 1459 3529 oleum
1490 3472 1795 3537 comedisti,
1829 3480 1884 3527 et
1921 3472 2115 3527 decora

530 3572 671 3628 facta
696 3586 756 3626 es
779 3570 1129 3625 vehementer
1153 3563 1334 3621 nimis.
1369 3585 1386 3617 ›
1422 3563 1553 3620 Post
1579 3564 1852 3626 vestitum,
1876 3564 2119 3618 ciborum

529 3677 716 3718 curam
764 3660 937 3730 gerit,
1004 3666 1063 3712 ut
1120 3656 1368 3712 comedat
1424 3654 1721 3710 Jerusalem
1778 3653 2009 3709 similam
2065 3663 2120 3708 et

531 3751 637 3807 mel
665 3759 719 3807 et
740 3750 916 3805 oleum
943 3766 956 3803 :
984 3748 1067 3804 vel
1109 3758 1225 3826 per.
1245 3755 1428 3815 partes
1453 3753 1512 3798 ut
1538 3743 1781 3814 plerique
1826 3744 2116 3806 aestimant,

529 3843 615 3898 vel
644 3836 1021 3898 commistione
1047 3840 1213 3893 trium
1252 3836 1549 3892 dulciorem
1584 3846 1799 3905 panem,
1834 3833 1925 3904 qui
1966 3833 2120 3902 panis

531 3932 600 3987 de
620 3930 769 3986 cmlo‘
781 3929 1077 3993 descendit,
1107 3944 1171 3983 ac
1193 3927 1293 3982 sub
1322 3924 1496 3981 tribus
1524 3924 1832 3980 nominibus
1859 3938 1873 3977 :
1903 3933 1962 3977 ut
1987 3939 2120 3977 non-

532 4022 663 4079 nulli
694 4004 1375 4092 putant,'sacramentum
1402 4017 1608 4075 indicat
1646 4016 1947 4074 Trinitatis.
2002 4014 2119 4072 Non

533 4130 641 4186 quo
671 4115 779 4169 alia
818 4123 982 4184 atque
1013 4106 1115 4168 alia
1146 4102 1445 4187 substantia
1489 4113 1579 4179 sit,
1614 4112 1707 4167 sed
1754 4126 1861 4181 quo
1892 4112 2119 4166 diversis

534 4204 727 4260 similae
757 4212 812 4260 et
841 4204 1037 4271 mellis,
1061 4212 1115 4259 et
1156 4204 1262 4259 olei
1299 4204 1630 4268 nominibus,
1659 4202 1860 4267 Patris,
1890 4192 1945 4256 et
1973 4202 2114 4267 Filii,

534 4305 589 4352 et
616 4282 853 4367 Spiritus
895 4295 1087 4359 sancti,
1119 4309 1221 4348 una
1268 4293 1875 4349 dulcedo‘monstretur.
1924 4292 1987 4346 Et
2014 4293 2121 4347 hoc

538 4385 1096 4449 animadvertendum,
1126 4384 1267 4455 quod
1292 4384 1344 4437 in
1371 4383 1555 4437 multis
1586 4382 1886 4445 sacriﬁciis,
1919 4382 2116 4435 oil'cra-

538 4488 627 4532 tur
647 4476 845 4544 simila,
875 4475 927 4530 id
954 4482 1055 4539 est,
1082 4473 1313 4529 medulla
1342 4472 1595 4527 frumenti
1626 4484 1787 4542 atque
1808 4466 2118 4542 purissima,

540 4568 607 4624 de
634 4583 741 4639 qua
768 4566 1031 4634 scriptum
1055 4574 1138 4620 est
1163 4582 1174 4618 :
1206 4582 1223 4615 ι
1261 4563 1327 4618 Ει
1355 4564 1421 4619 de
1443 4563 1601 4632 adipe
1619 4561 1873 4616 frumenti
1904 4562 2122 4617 satiavit

538 4672 632 4713 eos
656 4654 830 4727 (Paul.
856 4654 1044 4728 Lxxx),
1081 4674 1098 4706 ι
1134 4670 1239 4709 non
1279 4655 1345 4709 de
1377 4642 1579 4708 hordeo
1607 4668 1782 4722 neque
1812 4653 1881 4707 de
1924 4654 2121 4719 farina,

541 4763 664 4818 qua:
688 4754 819 4800 tunc
862 4744 1033 4819 solum
1068 4742 1315 4809 offertur,
1342 4744 1561 4814 quando
1587 4744 1817 4816 maritus
1846 4744 2123 4815 zelotypiae

542 4838 735 4909 spiritu
757 4844 1146 4892 commovetur.
1171 4835 1229 4890 in
1256 4835 1504 4891 Judicum
1525 4836 1797 4893 volumine
1819 4836 2121 4893 Debboram

515 4929 803 5000 legimus,
839 4938 959 4997 qua
1004 4926 1395 4996 interpretatur
1430 4928 1568 4996 apis,
1619 4928 1774 4997 cujus
1820 4926 2123 4996 Prbphetia:

542 5020 699 5075 mella
733 5017 1045 5074 dulcissima
1074 5026 1220 5081 sunt,
1250 5025 1302 5072 et
1332 5014 1565 5071 refertur
1594 5017 1661 5071 ad
1700 5015 1961 5087 Spiritum
1996 5033 2122 5071 san-

543 5120 713 5175 ctum,
736 5108 828 5179 qui
854 5109 992 5179 apud
1018 5106 1273 5163 Hebraeos
1300 5106 1615 5181 appellatur.
1632 5122 1827 5179 genere
1864 5108 2122 5163 feminino

547 5217 665 5265 rua,
690 5200 744 5254 in
774 5198 1065 5269 Evangelio
1091 5190 1306 5269 quoque
1339 5197 1687 5253 Hebraeorum
1714 5199 1857 5268 quod
1880 5199 2124 5254 lectitant

549 5288 807 5353 Nazaraii,
842 5278 1091 5361 Salvator
1112 5288 1383 5358 inducitur
1407 5288 1632 5357 loquens
1658 5307 1670 5342 :
1696 5308 1713 5341 ι
1749 5288 1906 5344 Modo
1932 5305 2018 5345 me
2039 5306 2125 5345 ar-

547 5381 712 5453 ripuit
725 5380 898 5435 mater
913 5394 1033 5435 mea
1054 5378 1287 5449 Spiritus
1302 5387 1538 5435 sanctus.
1566 5400 1583 5433 ι
1606 5379 1773 5436 Porro
1792 5382 1989 5447 simila,
2005 5397 2111 5451 qua

549 5472 616 5528 de
634 5470 905 5526 frumento
936 5467 1240 5544 coniicitur,
1261 5469 1490 5525 refertur
1518 5471 1584 5526 ad
1608 5470 1917 5541 Dominum,
1940 5472 2033 5541 qui
2058 5472 2124 5526 de

549 5564 838 5634 semetipso
864 5564 980 5617 ait:
1014 5580 1033 5613 ι
1067 5560 1182 5616 Nisi
1218 5545 1447 5632 granum
1480 5563 1643 5617 tritici
1669 5563 1957 5628 ceciderit,
1985 5573 2041 5617 ct
2067 5564 2121 5618 in

550 5662 695 5708 terra
732 5662 1005 5714 mortuum
1052 5638 1235 5719 fuerit,
1270 5650 1441 5721 ipsum
1477 5651 1651 5733 solum
1696 5660 1897 5708 manet.
1931 5652 1989 5709 Si
2021 5668 2121 5707 au-

555 5753 662 5801 tem
689 5755 959 5800 mortuum
998 5742 1182 5811 fuerit,
1210 5742 1439 5797 multum
1474 5742 1708 5799 fructum
1753 5743 1908 5801 affert
1937 5743 2119 5817 (Joan.

2216 3304 2327 3350 tate
2373 3294 2544 3366 (Psal.
2587 3295 2754 3368 thv).
2786 3318 2803 3349 ι
2846 3295 3019 3353 Omne
3063 3306 3243 3354 autem
3285 3297 3429 3368 quod
3466 3297 3697 3352 dicimus
3740 3296 3809 3350 de

2214 3385 2535 3452 Jerusalem,
2580 3402 2648 3442 ne
2693 3388 2748 3442 in
2791 3387 3019 3458 singulis
3061 3388 3399 3453 hiereamus,
3441 3394 3496 3441 et
3536 3386 3809 3439 librorum

2217 3476 2527 3547 magnitudo
2557 3477 2769 3532 taedium
2806 3477 3107 3554 legentibus
3152 3476 3339 3544 faciat,
3388 3477 3690 3552 referamus
3738 3474 3811 3531 ad

2216 3565 2521 3620 ecclesiam.
2557 3564 2614 3645 Si
2659 3566 2801 3621 enim
2828 3566 3126 3623 Jerusalem
3162 3565 3321 3637 juxta
3342 3566 3655 3637 Apostolum
3688 3581 3811 3622 ma-

2217 3664 2301 3709 ter
2349 3664 2535 3709 nostra
2583 3664 2687 3721 est,
2744 3665 2919 3711 mater
2962 3666 3143 3712 autem
3193 3668 3377 3712 nostra
3424 3656 3657 3712 ecclesia
3697 3664 3807 3719 est,

2216 3756 2609 3813 consequenter
2663 3745 2963 3801 Jerusalem
3013 3747 3242 3803 ecclesia
3286 3757 3407 3811 est,
3460 3756 3626 3801 mater
3694 3748 3813 3816 pri.

2218 3835 2548 3912 mitivorum,
2588 3836 2678 3904 qui
2710 3836 2963 3906 descripti
2989 3845 3112 3892 sunt
3142 3838 3195 3892 in
3223 3838 3396 3892 cmlis.

2282 3947 2299 3977 ι
2339 3928 2404 3982 Ει
2432 3943 2707 3999 egressum
2740 3937 2825 3983 est
2860 3944 3054 4003 nomen
3085 3939 3233 3989 tuum
3269 3927 3324 3988 in
3366 3938 3813 4005 gentesptopter

2224 4041 2242 4074 ι
2288 4021 2699 4095 speciemtuam
2726 4036 2742 4077 :
2776 4024 2911 4092 Quia
2939 4025 3175 4096 perfecta
3204 4027 3409 4082 erasin
3441 4026 3630 4081 decore
3652 4041 3807 4092 meo,

2226 4135 2244 4166 ι
2290 4131 2450 4185 quem
2496 4115 2649 4185 posui
2698 4125 2961 4185 super_te,
3004 4116 3159 4175 dicit_
3182 4116 3443 4170 Dominus
3473 4116 3629 4170 Deus.
3646 4133 3692 4174 ι»
3741 4114 3813 4170 Et

2219 4218 2305 4264 est
2324 4224 2516 4263 sensus
2536 4228 2547 4260 :
2570 4207 2851 4263 Beneﬁciis
2876 4208 3027 4271 meis,
3056 4195 3285 4277 meaque
3312 4206 3603 4263 incredibili
3632 4204 3829 4278 largi--

2222 4307 2332 4354 tate
2374 4300 2443 4354 ad
2490 4300 2689 4369 regina:
2719 4298 3039 4353 vocabulum
3089 4298 3410 4367 pervenisti,
3443 4299 3514 4352 ita
3548 4305 3607 4350 ut
3631 4296 3712 4351 de
3758 4306 3811 4355 te

2221 4389 2464 4444 omnium
2489 4389 2728 4459 gentium
2757 4402 2937 4442 sermo
2952 4386 3281 4457 loqueretur,
3307 4396 3362 4441 ct
3391 4396 3534 4441 esses
3558 4399 3664 4439 non
3700 4387 3812 4442 tuis

2225 4479 2433 4533 meritis
2459 4488 2619 4548 atque
2643 4478 2956 4540 virtutibus,
2993 4478 3088 4533 sed
3120 4493 3241 4532 mea
3267 4476 3588 4532 liberalitate
3619 4476 3812 4546 perfe-

2151 4540 2199 4597 D
2224 4578 2331 4626 cta.
2377 4588 2395 4620 ε
2443 4568 2559 4624 Nisi
2600 4570 2743 4625 enim
2764 4629 2773 4647 ,θ
2792 4568 3051 4625 Dominus
3086 4567 3437 4627 aedificaverit
3470 4567 3718 4632 domum,
3760 4568 3810 4622 in

2225 4675 2424 4714 vanum
2464 4659 2965 4728 laboraveruntqui
2992 4657 3262 4713 aedificant
3294 4673 3437 4714 eam.
3469 4656 3579 4711 Nisi
3617 4654 3812 4711 Domi-

2224 4765 2326 4805 nus
2356 4749 2674 4806 custodierit
2703 4749 3000 4815 civitatem,
3028 4748 3233 4804 frustra
3256 4749 3478 4820 vigilant
3498 4748 3588 4819 qui
3616 4759 3813 4803 custo-

2225 4840 2382 4895 diunt
2404 4854 2523 4893 eam
2549 4836 2954 4910 (Psachm).
2990 4857 3008 4889 ι
3044 4838 3145 4905 Qui
3174 4839 3387 4909 plantat
3423 4838 3588 4899 enim.
3624 4845 3685 4891 et
3718 4838 3811 4908 qui

2225 4932 2389 5002 rigat,
2421 4929 2553 4984 nihﬂ
2580 4936 2682 4994 est,
2712 4929 2820 4984 nisi
2857 4929 3116 4985 Dominus
3138 4930 3347 4985 dederit
3373 4930 3810 4984 incrementum:

2225 5021 2351 5090 quia
2395 5037 2413 5070 ι
2446 5034 2552 5073 non
2591 5026 2676 5073 est
2705 5018 2936 5074 volentis
2965 5031 3138 5087 neque
3176 5018 3468 5082 currentis,
3498 5018 3603 5083 sed
3632 5017 3814 5073 mise-

2227 5110 2395 5164 rentis
2433 5109 2527 5164 Dei
2569 5107 2740 5179 (Rom.
2772 5108 2870 5179 ix).
2918 5128 2937 5160 ι
2978 5107 3050 5163 Ut
3076 5118 3360 5178 postquam
3394 5107 3571 5164 omnia
3611 5104 3814 5163 feceri-

2230 5216 2372 5266 mus,
2391 5200 2633 5255 dicamus
2657 5218 2669 5253 :
2696 5220 2713 5251 (
2745 5199 2900 5257 Servi
2923 5199 3141 5254 inutiles
3156 5214 3364 5265 sumus,
3381 5215 3504 5270 qua:
3524 5198 3814 5253 debuimus

2233 5292 2411 5347 facere
2453 5291 2680 5346 fecimus
2703 5290 2856 5362 (Luc.
2887 5290 3042 5361 xvu).
3082 5310 3100 5342 ι
3135 5290 3251 5345 Non
3271 5305 3380 5360 quo
3402 5305 3474 5353 ex
3509 5287 3817 5345 beneﬁcen-

2232 5384 2304 5437 tia
2334 5383 2429 5437 Dei
2477 5382 2707 5437 liberum
2745 5380 2948 5435 homini
2980 5380 3199 5435 tollatur
3232 5381 3539 5444 arbitrium,
3573 5375 3671 5433 sed
3704 5389 3815 5449 quo

2231 5474 2345 5544 ipsa
2369 5474 2590 5529 libertas
2615 5473 2901 5527 Dominum
2929 5473 3130 5528 habere
3158 5472 3352 5527 debeat
3383 5472 3716 5541 adjutorem.

2306 5584 2324 5615 ι
2361 5564 2427 5617 Et
2458 5564 2662 5618 habens
2704 5562 2956 5617 ﬁduciam
2992 5562 3047 5617 in
3073 5556 3475 5632 pulchritudine
3504 5570 3612 5625 tua,
3641 5558 3816 5617 forni-

2235 5673 2253 5707 ι
2300 5663 2421 5710 cata
2452 5668 2511 5707 es
2558 5654 2612 5706 in
2662 5653 2881 5707 nomine
2917 5660 3033 5719 tuo,
3076 5660 3132 5707 et
3157 5651 3453 5721 exposuisti
3494 5650 3813 5707 fornicatio-

2235 5765 2253 5797 ι
2298 5760 2418 5800 nem
2457 5756 2601 5800 tuam
2631 5746 2778 5799 omni
2822 5745 3145 5813 transeunti,
3176 5755 3234 5799 ut
3276 5743 3395 5814 ejus
3430 5743 3609 5811 lieres,
3647 5761 3666 5797 ι
3702 5751 3792 5801 etc
