3948 6350
177 441 285 496 677

174 562 402 617 Grande
421 562 708 617 discrimen
744 577 848 615 non
903 561 955 615 in
986 560 1080 615 Dei
1120 559 1427 625 clementia,
1453 556 1549 612 sed
1582 556 1633 609 in
1665 571 1763 609 suo
1791 560 1836 618 Α

176 651 379 706 decore
416 651 704 706 conlidere.
738 650 1057 719 Quantoque
1097 650 1218 720 quis
1263 646 1545 703 sublimior
1575 644 1756 710 fuerit,

175 738 341 793 debet
379 740 566 795 timere
599 754 669 793 ne
714 748 955 804 corruat,
997 748 1053 794 et
1103 737 1399 794 fornicetur
1441 736 1492 789 in
1546 735 1761 787 nomine

176 842 301 882 suo.
347 814 688 883 Adversarius
733 829 995 899 siquidem
1037 835 1351 897 potestates,
1404 824 1590 877 solitos
1633 837 1761 876 con-

176 929 429 975 mmnunt
478 920 648 983 cibos,
696 930 751 974 et
794 920 1075 990 peregrina
1124 918 1376 973 alimenta
1428 914 1756 967 desiderant.

177 1006 339 1063 Unde
378 1009 447 1064 de
478 1008 690 1063 diabolo
730 1010 927 1063 dicitur
956 1026 968 1060 :
1000 1026 1016 1058 ς
1054 1008 1202 1061 Esca:
1240 1005 1356 1074 ejds
1394 1005 1577 1060 electa:
1622 1002 1760 1073 (Ηᾳ-

176 1096 295 1149 bac.
324 1096 387 1166 ι).
416 1115 434 1147 ι
464 1095 581 1150 Non
615 1098 728 1150 vult
756 1090 1047 1165 quemlibet
1087 1097 1353 1164 decipere.
1391 1094 1521 1149 Saul
1548 1109 1753 1163 regem,

174 1186 274 1255 qui
301 1186 511 1241 electus
536 1202 565 1240 a
597 1187 824 1241 Domino
853 1196 957 1251 est,
993 1195 1045 1241 et
1074 1184 1264 1239 Judam
1297 1183 1596 1254 apostolum
1633 1198 1759 1250 sup-

173 1276 424 1344 plantare
473 1274 709 1330 festinat.
750 1275 867 1330 Non
896 1290 1025 1345 ergo
1072 1274 1402 1328 confidamus
1437 1273 1500 1344 in
1543 1272 1759 1341 prepria

116 1428 128 1445 '
174 1363 605 1431 pulchritudine,
640 1380 739 1430 nec
766 1364 858 1418 Dei
904 1363 1305 1427 liberalitatem,
1334 1370 1571 1416 nostram
1602 1373 1756 1431 pute-

177 1469 306 1506 mus
326 1468 448 1507 esse
480 1455 772 1519 virtutem;
811 1454 903 1508 sed
930 1455 1110 1523 potius
1139 1454 1451 1507 audiamus:
1484 1474 1501 1503 ‹
1537 1452 1612 1507 Ne
1646 1453 1759 1522 glo-

174 1545 342 1599 rieris
379 1546 431 1598 in
458 1546 773 1613 crastinum.
804 1545 991 1600 Nescis
1011 1546 1155 1600 enim
1182 1545 1308 1615 quid
1334 1546 1511 1613 pariat
1532 1554 1758 1598 ventura

174 1634 296 1689 dies
328 1633 509 1705 (Prov.
548 1635 751 1705 xxvii);
784 1654 801 1685 ι
836 1644 890 1690 ct
932 1635 987 1689 in
1025 1635 1132 1689 alio
1179 1634 1337 1690 loco:
1374 1652 1392 1683 ι
1420 1633 1661 1698 Fratres,
1713 1634 1758 1687 si

170 1733 485 1793 praeventus
529 1722 692 1777 fuerit
738 1724 900 1777 homo
946 1724 1000 1776 in
1034 1723 1213 1792 aliquo
1244 1732 1487 1792 peccato,
1522 1737 1637 1786 vos,
1666 1720 1759 1790 qui

173 1816 453 1884 spiritales
475 1816 631 1876 estis,
663 1815 905 1884 perficite
931 1814 1235 1885 hujusmodi
1280 1816 1332 1869 in
1368 1814 1561 1884 spiritu
1601 1828 1754 1866 man-

1140 438 1493 497 COMMENT.
1534 439 1599 493 ΙΝ
1640 434 2092 523 EZECHIELEM.
2132 468 2202 478 ——
2240 437 2367 491 LIB.
2410 436 2517 492 Vll.

3328 443 3430 502 678

1944 573 1960 606 ι
1998 555 2064 608 Et
2092 553 2257 609 tulisti
2288 568 2415 607 vasa
2459 554 2669 609 decoris
2700 556 2794 621 tui,
2832 555 2899 611 de
2944 570 3077 612 auro
3105 572 3226 613 meo
3253 566 3309 614 et
3344 574 3435 617 ar-

1869 664 1887 695 ι
1934 654 2096 716 gento
2124 659 2261 710 meo,
2294 644 2437 713 quod
2466 644 2583 699 dedi
2614 646 2727 724 tibi,
2756 654 2811 700 et
2838 646 3011 703 fecisti
3052 648 3148 703 tibi
3174 650 3434 722 imagines

1869 758 1883 788 ο
1931 737 2280 800 masculinas,
2313 745 2363 789 et
2388 736 2650 790 fornicata
2676 752 2733 789 es
2754 737 2810 790 in
2838 738 2937 791 eis.
2970 737 3175 793 rJuxta
3200 739 3435 796 litteram

1862 827 2122 881 Dominus
2143 826 2194 879 in
2216 826 2333 894 lege
2352 827 2608 895 praecepit
2627 835 2685 878 ut
2704 824 2893 881 fierent
2909 828 3195 894 thuribula,
3220 831 3444 900 phialae;

1860 915 2267 979 candelabrum,
2303 930 2426 969 arca
2456 918 2783 981 testamenti,
2826 928 3125 987 cunctaque
3151 920 3232 974 vel
3270 937 3435 976 aurea

1860 1006 1944 1060 vel
1977 1007 2254 1070 deaurata,
2287 1016 2341 1059 et
2366 1008 2467 1059 alia
2501 1022 2566 1060 ex
2601 1019 2846 1076 argento,
2877 1024 2996 1075 quae
3034 1012 3211 1065 omnia
3237 1012 3437 1066 conﬂa-

1864 1099 1937 1150 vit
1976 1096 2308 1160 Jerusalem,
2342 1106 2395 1150 et
2425 1098 2586 1150 vertit
2627 1098 2678 1151 in
2716 1098 2855 1152 idola
2897 1098 3072 1164 Belis,
3113 1100 3223 1154 sive
3259 1100 3438 1155 Baalis

1860 1188 2094 1242 Chatnos
2128 1197 2183 1240 et
2221 1187 2507 1251 Astaroth,
2537 1197 2591 1242 et
2617 1187 2903 1243 Melchom.
2937 1189 3096 1244 Juxta
3133 1190 3435 1260 intelligen-

1864 1278 1993 1330 tiam
2027 1276 2346 1345 spiritalem,
2380 1276 2444 1330 de
2476 1293 2608 1330 auro
2633 1288 2688 1332 et
2713 1287 2934 1348 argento
2958 1289 3264 1334 sanctarum
3292 1278 3438 1333 Scri-

1860 1378 2141 1437 pturarum
2188 1367 2326 1421 idola
2355 1368 2602 1432 facimus,
2634 1371 2847 1436 quando
2878 1371 3107 1440 gratiam
3153 1386 3346 1426 sensus
3383 1380 3440 1425 et

1860 1458 2177 1527 eloquentia:
2215 1459 2467 1512 hmretica
2499 1460 2764 1527 pravitate
2803 1462 3221 1529 corrumpimus,
3255 1474 3309 1515 et
3336 1478 3436 1531 po-

1864 1548 2039 1600 nimus
2079 1548 2130 1599 in
2170 1549 2364 1601 coelum
2396 1562 2457 1603 os
2492 1557 2734 1602 nostrum
2774 1559 2823 1602 et
2858 1549 3040 1617 lingua
3096 1558 3277 1603 nostra
3320 1564 3443 1618 per-

1862 1634 2057 1687 transit
2100 1634 2151 1687 in
2198 1643 2418 1687 terram.
2463 1634 2772 1692 Masculinze
2803 1636 3055 1689 dicuntur
3084 1636 3345 1705 imagines
3386 1636 3439 1689 in

1861 1723 2054 1791 quibus
2084 1724 2256 1777 onmis
2301 1723 2522 1777 haeresis
2548 1723 2864 1787 fornicatur,
2897 1741 2962 1780 ex
2999 1742 3063 1780 eo
3098 1728 3240 1796 quod
3279 1742 3441 1780 unus-

1862 1817 2089 1883 quisque
2112 1829 2170 1869 se
2196 1821 2351 1884 putat
2383 1816 2756 1869 robustissima
2785 1817 2960 1871 colere
2994 1826 3049 1871 et
3076 1818 3295 1882 habere,
3320 1833 3442 1886 quae

174 1904 500 1965 suetudinis,
529 1904 876 1959 considerans
905 1904 1153 1973 teipsum,
1193 1918 1259 1957 ne
1289 1903 1428 1958 forte
1462 1911 1613 1957 et'tu
1647 1912 1759 1957 ten—
1788 1921 1836 1979 Β
1867 1902 2039 1968 finxit,
2093 1920 2194 1958 nec
2244 1902 2351 1956 ulla
2392 1918 2551 1970 posse
2595 1907 2989 1975 Oppugnatione
3035 1906 3294 1960 subverti.
3348 1905 3444 1983 lla:

174 1993 314 2046 teris
342 1990 483 2061 (Gal.
514 1994 607 2062 γι).
641 2012 659 2043 ι
693 1991 880 2061 Neque
916 2007 1246 2062 exponamus
1281 1994 1395 2047 sive
1423 1992 1761 2049 efl‘uudamus

174 2084 594 2157 fornicationem
644 2093 883 2138 nostram
911 2083 1055 2138 omni
1084 2084 1382 2139 transeunti
1421 2093 1481 2137 ut
1531 2099 1638 2137 non
1669 2084 1769 2137 Dei

176 2174 234 2226 in
264 2188 426 2241 quem
459 2173 752 2239 credimus,
783 2174 875 2228 sed
901 2173 1019 2243 ejus
1044 2172 1234 2227 fiamus
1260 2188 1288 2226 a
1320 2188 1426 2241 quo
1452 2173 1763 2242 polluimur,

178 2262 275 2330 qui
306 2270 501 2315 cuncta
542 2261 732 2330 recipit
773 2262 922 2326 vitia,
963 2270 1017 2315 et
1047 2262 1380 2316 diversorum
1422 2273 1763 2332 peccatorum

178 2352 433 2422 spiritum
466 2360 831 2406 transeuntem
856 2366 955 2406 suo
985 2351 1211 2421 suscipit
1242 2354 1467 2422 gremio,
1493 2360 1547 2405 et
1569 2352 1767 2406 divari-

182 2451 276 2498 cat
302 2444 469 2514 pedes
497 2458 623 2498 suos
664 2445 809 2497 omni
850 2445 1149 2499 transeunti
1176 2464 1187 2497 :
1212 2445 1314 2499 iste
1343 2444 1566 2500 effundit
1602 2446 1767 2499 forni-

180 2535 456 2590 cationem
502 2549 680 2599 suam,
711 2543 767 2589 et
816 2536 933 2605 ejus
972 2535 1163 2605 incipit
1208 2536 1479 2589 sustinere
1526 2538 1767 2589 domina-

188 2637 326 2691 tum,
348 2628 502 2696 cujus
525 2628 721 2696 hospes
743 2628 1001 2682 extiterit.

267 2734 283 2766 ι
320 2715 388 2769 Et
422 2731 640 2769 sumens
680 2716 744 2771 de
791 2716 1128 2770 vestimentis
1165 2718 1292 2781 tuis,
1336 2715 1509 2770 fecisti
1551 2714 1642 2769 tibi
1676 2729 1768 2769 ex-

190 2823 215 2859 (
260 2804 404 2860 celsa
432 2805 560 2859 hinc
591 2804 715 2858 inde
748 2815 994 2869 consuta,
1023 2814 1077 2859 et
1100 2803 1359 2859 fornicata
1391 2820 1449 2858 es
1478 2818 1639 2872 super
1665 2802 1765 2866 cis,

192 2911 215 2946 α
258 2893 401 2948 sicut
428 2909 533 2952 non
562 2902 644 2947 est
686 2892 909 2957 factum,
951 2909 1124 2963 neque
1152 2893 1386 2948 futurum
1418 2903 1520 2947 cst.
1552 2912 1567 2943 ι
1614 2892 1767 2959 Quod

192 3000 358 3054 super
406 2983 705 3040 Jerusalem
757 2986 909 3055 juxta
964 2986 1198 3041 litteram
1268 2986 1490 3056 intelligi
1549 2994 1765 3054 potest,

189 3085 249 3129 ut
276 3076 459 3129 omnia
501 3085 766 3146 praecepta
788 3076 923 3147 legis
948 3085 1004 3133 et
1045 3077 1279 3142 divitias,
1329 3092 1392 3131 ac
1431 3092 1611 3131 rerum
1648 3091 1767 3131 om-

189 3166 343 3220 nium
391 3166 771 3220 abundantiam
827 3165 984 3221 idolis
1023 3166 1400 3236 deputaverit:
1453 3167 1595 3235 quod
1639 3181 1772 3235 gens

1867 2004 1992 2050 sunt
2039 1997 2323 2067 imagines,
2354 2012 2489 2065 quas
2535 1997 2600 2051 de
2641 2008 2827 2052 nostro
2866 1999 3029 2053 corde
3079 2000 3354 2065 finximus,
3390 2007 3446 2055 et

1868 2102 1985 2154 qut'e
2012 2088 2064 2139 in
2092 2088 2297 2141 caelesti
2342 2088 2637 2141 Jerusalem
2664 2089 3011 2145 destruendm
3037 2091 3287 2143 sunt.'De
3322 2092 3445 2159 qui-

1867 2176 1965 2230 bus
1990 2176 2257 2245 Propheta
2294 2177 2649 2245 pronuntiat:
2689 2197 2705 2228 |
2741 2178 2986 2244 Domine,
3021 2179 3072 2232 in
3104 2179 3321 2233 civitate
3359 2189 3448 2235 tua

1868 2267 2129 2335 imagines
2157 2281 2343 2320 eorum
2388 2263 2864 2338 dissipahisU’sal.
2915 2270 3103 2339 cxxu).
3137 2288 3154 2320 ›
3191 2269 3448 2336 Quicum-

1869 2372 1974 2425 que
2003 2357 2146 2411 enim
2188 2357 2349 2410 homo
2377 2365 2479 2419 est,
2508 2366 2562 2415 et
2592 2356 2683 2410 Dei
2717 2372 2911 2411 nomen
2936 2358 3137 2423 amisit,
3164 2358 3363 2414 dicitur
3386 2362 3449 2413 de

1869 2462 1972 2501 eo:
2004 2466 2022 2498 ‹
2054 2447 2432 2501 Verumtamen
2466 2448 2517 2500 in
2548 2448 2783 2517 imagine
2810 2449 3217 2518 perambulabat
3266 2450 3301 2503 h
3326 2466 3448 2514 uno,

1869 2545 2241 2590 verumtamen
2290 2535 2490 2591 frustra
2538 2540 2895 2592 conturbatur
2925 2538 3097 2608 (Psal.
3134 2540 3389 2610 xxxvm).
3425 2560 3444 2591 ι

1870 2626 1977 2679 Nos
2006 2620 2182 2681 autem
2208 2642 2371 2679 unum
2404 2628 2664 2682 habemus
2689 2624 2885 2692 virum,
2914 2638 2969 2681 et
3012 2645 3175 2683 unam
3222 2645 3449 2683 venera-

1871 2732 1991 2770 mur
2020 2716 2327 2786 imaginem,
2360 2732 2478 2784 qua:
2510 2718 2781 2787 estimago
2813 2718 3096 2773 invisibilis
3123 2730 3177 2773 et
3204 2721 3451 2789 enutipo-

1874 2807 2052 2860 tentis.

1946 2916 1962 2947 (
1996 2896 2063 2950 Et
2084 2897 2356 2966 sumpsisti
2380 2898 2692 2951 vestimenta
2720 2906 2809 2951 tua
2836 2898 3213 2962 multicoloria,
3242 2908 3297 2956 et
3318 2915 3450 2969 ope-

1877 3008 1894 3038 ‹
1944 2974 2095 3041 riiisti
2134 2987 2269 3041 illas.
2309 3008 2326 3038 ›
2362 2987 2691 3041 Subauditur
2719 2989 3358 3058 imaginesmasculinas,
3389 3000 3452 3045 ut

1872 3093 2086 3131 omnem
2126 3078 2325 3131 cultum
2351 3093 2507 3144 quem
2550 3088 2834 3146 acceperat
2876 3077 2942 3132 ad
2982 3080 3235 3133 utendum
3274 3090 3450 3135 verte-

1876 3169 2035 3223 retin
2095 3168 2503 3237 blasphemiam.
2553 3167 2665 3224 Hoc
2707 3178 2886 3224 autem
2931 3168 3193 3247 facimus,
3237 3171 3451 3241 quoties

192 3257 300 3311 alia
336 3272 442 3313 non
477 3254 665 3311 fecerit
701 3270 803 3312 nec
837 3256 1043 3312 factura
1069 3258 1157 3312 sit.
1196 3256 1395 3313 Omnes
1420 3256 1561 3311 enim
1598 3257 1773 3311 natio-
1801 3262 1844 3323 C
1876 3260 2185 3328 prudentia,
2238 3258 2614 3330 temperantia,
2664 3256 3001 3324 fortitudine,
3037 3258 3266 3327 justitia,
3318 3273 3447 3315 cun-

191 3360 311 3411 nes,
353 3360 473 3415 qua:
518 3360 550 3400 a
597 3345 868 3417 principio.
897 3346 1053 3402 idolis
1101 3346 1423 3411 servierunt,
1472 3354 1581 3400 neu
1633 3346 1770 3400 tanti

192 3438 439 3493 criminis
476 3452 578 3492 rea:
616 3447 759 3493 sunt.
796 3437 991 3493 Nostra
1038 3446 1229 3493 autem
1266 3436 1594 3502 Jerusalem,
1652 3452 1770 3506 qua:

196 3529 587 3596 interpretatur
628 3528 757 3582 cisio
802 3529 981 3598 pacis,
1037 3530 1104 3583 ab
1161 3528 1427 3583 haereticis
1487 3526 1770 3592 scinditur,

195 3618 413 3686 quando
436 3632 600 3670 unum
626 3625 681 3671 et
706 3616 935 3671 alterum
974 3616 1337 3672 testimonium
1380 3617 1771 3685 scripturarum

195 3710 263 3763 de
307 3709 539 3778 propriis
567 3716 847 3778 carpentes
887 3709 1020 3764 locis
1074 3716 1337 3763 conantur
1380 3722 1622 3771 assuere,
1667 3707 1770 3771 his,

197 3798 396 3865 quibus
421 3812 524 3851 non
548 3806 749 3865 queunt
774 3806 1026 3865 coaptare
1049 3813 1061 3825 ·
1090 3796 1156 3849 ad
1178 3810 1313 3865 quos
1333 3805 1387 3850 et
1407 3796 1771 3865 supradictum

198 3890 250 3942 in
283 3890 387 3943 hoc
412 3888 597 3942 eodem
624 3887 891 3958 Propheta
929 3886 1156 3957 legimus
1186 3906 1197 3939 :
1234 3906 1251 3937 ‹
1282 3886 1373 3940 Va:
1397 3886 1480 3940 his
1523 3887 1612 3956 qui
1644 3902 1772 3941 con-

198 3990 367 4034 suunt
392 3978 698 4045 cervicalia,
728 3979 828 4033 sub
851 3978 995 4033 omni
1024 3977 1207 4038 cubitu
1239 3992 1453 4041 manus,
1486 3985 1541 4030 et
1570 3975 1773 4030 faciunt

197 4070 536 4140 operimenta
587 4083 751 4138 super
799 4076 960 4137 caput
1008 4067 1275 4122 universae
1331 4067 1510 4121 aetatis
1555 4066 1770 4136 (Ezech.

201 4163 346 4233 xm).
382 4180 401 4213 ›
435 4161 582 4225 Quod
633 4158 749 4214 fieri
790 4158 1050 4213 Dominus
1087 4158 1395 4227 prohibens,
1436 4156 1673 4226 loquitur
1720 4156 1774 4210 in

201 4250 543 4320 Evangelio:
596 4267 612 4299 ι
649 4246 815 4303 Nemo
869 4249 1095 4303 assumit
1148 4248 1558 4303 commissuram
1610 4246 1774 4316 panni

201 4343 353 4398 rudis
387 4341 442 4395 in
470 4340 637 4396 veteri
671 4340 1010 4395 vestimento.
1054 4338 1307 4409 Alioquin
1334 4338 1471 4394 tollit
1508 4338 1573 4392 de
1603 4336 1777 4406 pleni-

200 4432 387 4488 tudine
413 4432 527 4502 ejus
555 4440 609 4486 et
630 4430 780 4501 pejor
806 4431 1039 4486 scissura
1076 4428 1186 4484 ﬁet.
1216 4428 1324 4483 Nec
1351 4428 1567 4482 mittunt
1592 4428 1774 4481 vinum

200 4538 401 4578 novum
428 4521 482 4577 in
507 4528 657 4578 utres
680 4528 889 4577 veteres
912 4518 1123 4592 (Matth.
1154 4517 1252 4590 ιχ).
1294 4538 1311 4570 ›
1341 4517 1497 4573 Tales
1522 4524 1647 4572 sunt
1670 4515 1774 4569 Na-

1873 3351 2081 3421 Ctisque
2114 3351 2404 3405 virtutibus
2446 3350 2756 3405 hmreticam
2792 3350 3425 3425 circumdamuspravita

1875 3449 2002 3504 tem,
2028 3448 2083 3492 et
2106 3439 2205 3493 sub
2233 3438 2517 3493 occasione
2543 3453 2755 3504 earum,
2784 3425 3058 3507 simplices
3078 3452 3327 3508 quosque
3354 3439 3447 3493 de-

1874 3531 2124 3600 cipimus,
2163 3538 2219 3582 ut
2265 3528 2513 3583 videntes
2544 3528 2704 3583 mella
2744 3528 3030 3593 virtutum,
3072 3528 3326 3582 vitiorum
3366 3542 3453 3596 ve-

1875 3634 2014 3673 nena
2041 3633 2145 3672 non
2180 3627 2426 3672 caveant.

1951 3726 1969 3759 ι
2006 3708 2072 3761 Ει
2096 3707 2274 3763 oleum
2308 3721 2485 3762 meum
2505 3714 2561 3760 et
2589 3706 2879 3776 thymiama
2901 3706 3334 3777 meumiposulsti
3360 3719 3452 3763 co—

1880 3816 1899 3850 r
1945 3813 2059 3851 ram
2104 3798 2203 3852 eis.
2240 3796 2308 3850 Et
2335 3812 2530 3867 panem
2567 3812 2744 3851 meum
2785 3797 2953 3868 (Sive,
2994 3807 3053 3853 ut
3099 3797 3450 3871 Septuaginta

1880 3905 1899 3938 ι
1949 3887 2358 3951 transtulerunt,
2395 3902 2563 3956 panes
2592 3886 2759 3960 meos)
2788 3903 2947 3956 quem
2974 3888 3094 3942 dedi
3126 3890 3262 3951 tibi;
3294 3890 3449 3944 simi-

1881 3995 1898 4028 ι
1945 3976 2069 4040 lam,
2104 3986 2159 4031 et
2189 3976 2387 4041 oleum,
2424 3985 2477 4030 et
2518 3978 2641 4043 mel,
2679 3978 2876 4047 quibus
2912 3978 3145 4032 enutrivi
3174 3985 3244 4044 te,
3272 3978 3451 4049 posui-

1882 4085 1901 4118 ‹
1948 4068 2015 4121 sti
2039 4082 2101 4120 ea
2134 4066 2188 4120 in
2218 4078 2507 4135 conspectu
2531 4081 2718 4121 eorum
2754 4067 2806 4122 iu
2837 4067 3057 4124 odorem
3094 4068 3397 4123 suavitatis.
3426 4086 3448 4119 ι

1876 4155 2062 4212 Oleum
2091 4156 2157 4209 de
2180 4171 2284 4224 quo
2315 4170 2474 4225 supra
2505 4156 2759 4220 diximus,
2792 4164 2846 4209 et
2887 4155 3180 4225 thymiama
3221 4156 3333 4211 sive
3372 4157 3455 4210 in-

1878 4261 2119 4311 censum,
2159 4246 2224 4299 de
2279 4260 2385 4314 quo
2427 4244 2710 4298 Psalmista
2760 4242 3101 4299 conclamat:
3130 4261 3147 4293 ι
3181 4236 3457 4320 Dirigatur

1876 4336 2051 4390 oratio
2076 4350 2197 4390 mea
2242 4336 2379 4389 sicut
2412 4334 2693 4389 incensum
2732 4333 2787 4387 in
2821 4342 3109 4402 conspectu
3154 4341 3245 4388 tuo
3272 4332 3451 4401 (Psal.

1878 4426 2022 4496 CXL),
2063 4445 2081 4477 ι
2116 4434 2170 4479 et
2205 4440 2373 4495 panes
2420 4422 2803 4494 propositionis
2852 4437 2987 4491 quos
3031 4422 3257 4475 Domino
3294 4421 3450 4492 jube-

1881 4533 2000 4572 mur
2044 4516 2279 4572 offerre:
2312 4516 2543 4571 similam
2590 4522 2803 4585 quoque
2844 4529 3058 4568 sensum
3100 4514 3453 4583 purissimum

200 4614 393 4679 zarari,
432 4612 524 4682 qui
564 4610 763 4667 veteris
812 4588 945 4681 legis
987 4588 1388 4664 observantiam
1438 4606 1772 4677 Evangelica:
1797 4600 1848 4659 D
1878 4606 2299 4676 Scripturarum,
2346 4614 2399 4660 et
2440 4605 2545 4659 mel
2590 4605 2730 4674 quod
2779 4605 3014 4676 gustavit
3061 4588 3354 4670 Jonatban,
3396 4611 3453 4660 et

199 4703 386 4773 gratia:
426 4709 609 4771 aptare
635 4705 918 4754 conantur.
951 4697 1017 4752 Et
1052 4712 1239 4751 omnes
1272 4696 1541 4760 Haeretici,
1571 4695 1659 4763 qui
1692 4703 1769 4749 te-

200 4792 513 4847 stimonium
558 4791 611 4845 in
640 4805 738 4845 suo
767 4790 904 4855 loco,
933 4788 1087 4843 alteri
1122 4787 1301 4843 sensui
1341 4800 1660 4856 congruens,
1694 4784 1773 4839 al-

203 4884 304 4938 teri
352 4884 595 4936 nituntur
630 4894 849 4936 assuere
874 4898 886 4935 :
912 4894 1033 4935 cum
1065 4877 1278 4933 Domini
1321 4876 1499 4930 tunica
1541 4875 1773 4943 desuper

201 4980 348 5026 texta
374 4986 469 5043 per
489 4979 658 5025 totum
698 4970 868 5025 scindi
902 4969 1123 5026 omnino
1155 4982 1261 5022 non
1286 4967 1474 5036 possit,
1507 4966 1601 5021 sed
1629 4975 1771 5021 texta

204 5063 410 5133 Spiritu
436 5070 624 5118 sancto
660 5061 860 5123 nullam
888 5060 1109 5131 recipiat
1132 5060 1466 5115 scissionem.
1497 5058 1648 5125 Quod
1675 5073 1772 5111 au-

204 5164 311 5209 tem
338 5152 535 5207 dicitur
549 5151 705 5220 juxta
724 5150 1095 5220 Septuaginta,
1134 5168 1152 5203 ι
1178 5156 1232 5202 et
1255 5164 1362 5203 non
1396 5148 1641 5211 intrabis,
1676 5162 1772 5202 ne-

201 5255 305 5309 que
321 5240 444 5302 erit,
473 5259 491 5291 ι
510 5239 611 5295 hoc
623 5238 905 5310 significat,
924 5253 1047 5292 cum
1061 5237 1154 5291 tibi
1181 5236 1319 5291 idola
1342 5235 1536 5292 feceris
1558 5251 1776 5307 perver-

203 5345 388 5384 surum
418 5329 745 5401 dogmatum,
777 5344 895 5400 quae
931 5328 1212 5383 arbitraris
1245 5327 1482 5393 excelsa,
1526 5337 1581 5384 et
1612 5327 1779 5382 forni-

206 5431 327 5476 cata
352 5421 429 5476 sis
466 5436 626 5491 super
651 5423 749 5487 eis,
776 5420 1000 5476 credens
1027 5420 1080 5473 in
1112 5420 1215 5483 bis,
1247 5433 1367 5487 qua:
1401 5420 1516 5488 ipsa
1545 5417 1770 5482 finxiszi,

206 5510 459 5583 templum
500 5512 594 5567 Dei
633 5514 834 5567 intrare
870 5527 975 5566 non
1005 5511 1228 5580 poteris,
1264 5517 1318 5563 et
1364 5510 1650 5564 simulacra
1684 5520 1773 5564 tua

202 5603 557 5657 substantiam
594 5617 697 5655 non
741 5603 1034 5665 habebunt,
1079 5613 1254 5668 neque
1293 5607 1454 5653 erunt
1496 5600 1550 5654 in
1592 5614 1775 5670 perpe-

204 5704 375 5759 tuum,
417 5692 629 5747 dicente
668 5691 953 5761 Apostolo:
988 5709 1006 5741 ι
1037 5689 1249 5744 Scimus
1280 5689 1421 5744 enim
1468 5690 1592 5758 quia
1642 5690 1774 5744 nihil

199 5793 286 5838 est
304 5782 505 5838 idolum
534 5781 585 5835 in
622 5782 817 5835 mundo
842 5779 891 5848 (1
923 5777 1045 5833 Cor.
1076 5777 1213 5849 vut).
1249 5797 1267 5829 ι

1877 4700 2046 4769 aperti
2073 4708 2196 4753 sunt
2219 4698 2359 4752 oculi
2391 4696 2526 4765 ejus,
2560 4695 2971 4752 et‘confortatus
2998 4702 3100 4759 est,
3139 4695 3317 4774 posuit
3341 4692 3447 4750 mi-

1876 4805 1995 4846 sera
2026 4788 2325 4844 Jerusalem
2370 4788 2424 4841 iu
2454 4797 2742 4856 conspectu
2781 4784 3069 4849 idolorum,
3106 4785 3220 4839 sive
3262 4798 3450 4842 coram

1877 4880 2203 4951 imaginibus
2248 4877 2590 4945 masculinis,
2644 4884 2706 4929 ut
2756 4883 2938 4930 essent
2990 4870 3076 4929 his
3121 4876 3176 4928 in
3224 4874 3446 4929 odorem

1878 4966 2182 5033 suavitatis,
2212 4982 2330 5037 quae
2354 4975 2545 5021 natura
2568 4981 2661 5019 sua
2686 4964 2861 5020 dulcia
2882 4975 3029 5029 sunt,
3060 4970 3222 5033 atque
3242 4964 3451 5019 suavis-

1880 5059 2036 5113 sima.
2084 5056 2189 5111 Sed
2221 5057 2345 5108 dum
2400 5053 2702 5108 offeruntur
2740 5053 2914 5117 idolis,
2965 5050 3223 5122 falsisque
3254 5051 3453 5108 doctri-

1874 5152 1984 5215 nis,
2017 5156 2302 5203 vertuntur
2329 5146 2381 5199 in
2411 5144 2865 5207 amaritudinem,

1956 5257 1974 5289 «
2006 5238 2068 5291 Ει
2089 5236 2287 5291 factum
2316 5244 2417 5300 est,
2445 5236 2521 5289 ait
2550 5235 2805 5289 Dominus
2832 5236 2995 5299 Deus,
3027 5242 3081 5289 et
3110 5232 3279 5287 tulisti
3315 5232 3456 5289 filios

1884 5348 1903 5381 ς
1952 5340 2091 5391 tuos,
2122 5336 2177 5381 et
2201 5326 2337 5380 filias
2366 5334 2502 5388 tuas,
2527 5340 2663 5393 quas
2687 5324 2915 5396 genuisti
2937 5323 3092 5389 mihi,
3122 5332 3177 5376 et
3200 5322 3448 5377 immola-

1887 5440 1904 5473 ι
1950 5422 2020 5475 sti
2047 5422 2126 5475 eis
2175 5419 2242 5472 ad
2271 5419 2659 5473 devorandum.
2689 5416 2942 5485 Nunquid
2981 5429 3148 5484 parva
3178 5423 3263 5470 est
3292 5414 3453 5470 tomi-

1888 5530 1905 5562 ι
1950 5510 2093 5563 catio
2122 5518 2211 5562 tua
2260 5507 2586 5561 immolantis
2630 5505 2767 5560 filios
2808 5521 2978 5570 meos,
3006 5512 3061 5559 et
3106 5503 3305 5560 dedisti
3329 5503 3456 5561 illos

1886 5621 1903 5652 ι
1949 5614 2273 5655 consecrans
2304 5598 2401 5653 eis.
2432 5598 2497 5650 Et
2521 5606 2640 5667 post
2664 5611 2854 5652 omnes
2882 5582 3308 5650 abominationes
3328 5603 3451 5651 tuas

1884 5709 1902 5741 ‹
1948 5700 2003 5745 et
2032 5689 2415 5743 fornicationes
2449 5701 2556 5741 non
2598 5700 2657 5741 es
2697 5685 2978 5740 recordata
3019 5684 3228 5745 dierum
3252 5681 3453 5738 .adole—

1886 5800 1903 5829 ‹
1950 5778 2170 5833 scentire
2217 5784 2344 5841 tute,
2388 5775 2602 5843 quando
2650 5788 2773 5828 eras
2818 5773 2976 5838 nuda,
3027 5782 3083 5827 et
3127 5770 3463 5828 confusionis
