3948 6340
516 363 621 427 679

1155 365 1216 419 B.
1256 362 1509 419 RABAM
1548 360 1765 437 MAURI
1804 362 2119 419 ARClllEP.
2164 360 2471 419 MOGUNT.
2514 358 2797 433 OPERUM
2829 359 3004 416 PARS
3041 356 3106 430 ll.

520 499 539 533 ς
580 478 759 548 plena,
798 476 1110 532 conculcata
1157 475 1211 529 in
1255 475 1515 544 sanguine
1564 481 1674 527 tuo.
1713 493 1731 525 ι
1762 473 1913 539 Quod
1952 474 2093 527 ﬁlios
2121 475 2169 533 Α
2197 472 2319 541 plcx
2364 470 2753 534 maledictionis
2779 486 2957 548 sermo
2977 472 3253 542 dirigitur,
3280 480 3340 527 ut
3368 472 3612 538 audiant,
3671 486 3780 537 vat.

516 558 641 622 sues
692 564 989 622 Jerusalem
1036 572 1092 621 et
1142 564 1281 620 ﬁlias
1337 566 1404 619 de
1432 564 1629 634 quibus
1670 563 1929 634 scriptum
1970 575 2087 634 esu

2195 576 2274 615 va:
2318 548 2434 624 tibi,
2589 546 2852 615 Dominus
2888 560 3061 625 Deus;
3084 579 3102 610 ι
3129 559 3281 628 juxta
3313 560 3444 616 illud
3468 561 3614 630 quod
3634 561 3784 616 scri-

521 678 539 711 ι
572 658 738 714 Filios
763 659 921 730 genui
944 666 997 713 et
1021 657 1278 722 exaltavi,
1311 659 1411 728 ipsi
1444 630 1623 711 autem
1652 630 1970 725 spreverunt
2008 630 2115 707 me.
2192 658 2341 719 ptum
2370 659 2451 704 est
2474 630 2885 728 idApocalypsi
2922 648 3148 705 Joannis
3174 668 3189 717 εγ
3218 652 3339 706 «Va:
3376 665 3540 722 super
3580 662 3783 723 omnes

516 750 651 821 (ιω.
666 751 759 819 1).»
777 750 949 806 idolis
962 750 1324 806 immolaverit
1350 758 1533 805 sancta
1560 735 1842 816 Scriptura
1858 759 2093 800 comme-

514 849 730 918 morat:
758 860 777 892 ι
808 839 1229 896 immolaverunt
1260 839 1397 894 ﬁlios
1427 848 1481 894 et
1512 840 1649 892 tilias
1681 852 1805 892 suas
1840 832 2093 915 daemoni-

515 934 617 988 bus
637 932 810 1003 (Psal.
834 933 942 1002 cv).
994 952 1011 984 ι
1041 931 1108 985 Et
1158 932 1351 989 iterum
1380 950 1391 984 :
1440 953 1455 981 ι
1486 929 1631 996 Quas
1680 926 2094 982 immolaverunt

516 1023 853 1095 sculptilibus
882 1023 1159 1077 Chanaan.
1196 1042 1215 1074 ι
1250 1022 1384 1077 Suos
1419 1029 1595 1074 autem
1630 1026 1785 1072 vorat
1810 1018 1963 1087 juxta
1990 1014 2095 1067 lle-

514 1115 780 1171 braicurn.
806 1114 925 1186 ipse
945 1116 1091 1169 enim
1118 1116 1183 1169 de
1211 1115 1294 1169 eis
1321 1113 1554 1173 dixerat,
1586 1110 1729 1178 ﬁlios
1764 1124 1922 1170 meos,
1954 1106 2087 1170 sive,

506 1202 663 1275 juxta
698 1205 1069 1277 Septuaginta,
1095 1214 1232 1269 tuos,
1262 1218 1397 1273 quos
1434 1203 1501 1257 de
1548 1198 1900 1281 fornicatione
1927 1211 2091 1265 gene~

514 1296 665 1350 rasti.
693 1295 827 1351 Cum
856 1298 985 1361 haec,
1013 1297 1108 1359 ait,
1141 1294 1353 1360 feceris,
1388 1309 1493 1349 non
1524 1306 1584 1348 es
1610 1290 1891 1346 recordata
1920 1288 2093 1343 infan-

514 1384 602 1438 tiae
629 1392 755 1451 tuae,
781 1367 997 1454 quando
1021 1386 1113 1440 tuli
1144 1395 1194 1440 te
1240 1399 1589 1453 conspersum
1621 1382 1884 1452 sanguine
1925 1388 1980 1436 et
2015 1379 2096 1433 la-'

514 1471 602 1537 vi,
647 1483 702 1527 et
732 1484 849 1545 post
877 1474 1044 1547 multa
1078 1490 1195 1545 qum
1222 1474 1571 1543 propheticus
1604 1487 1784 1526 sermo
1826 1470 2088 1533 narravit,

511 1563 759 1631 copulavi
804 1565 957 1618 mihi.
998 1564 1190 1620 Nostra
1220 1579 1434 1635 quoque
1474 1562 1771 1619 Jerusalem
1827 1562 1871 1617 si
1920 1562 2093 1617 haere-

511 1655 614 1708 tica
644 1652 807 1708 fuerit
826 1655 1182 1710 fraudulentia
1214 1655 1581 1725 supplantata,
1608 1653 1745 1708 tollit
1772 1654 1909 1709 ﬁlios
1939 1667 2089 1719 suos,

510 1746 600 1813 qui
643 1744 951 1799 subtiliores
987 1746 1039 1798 in
1089 1745 1192 1799 fide
1229 1754 1377 1809 sunt,
1407 1754 1461 1799 et
1510 1744 1647 1799 ﬁlias
1681 1759 1800 1813 quae
1844 1758 1950 1797 non
1994 1742 2090 1796 lia-

2195 739 2531 795 liabitatol'es
2590 737 2747 795 terrai
2793 740 2975 810 (Apoc.
3006 738 3151 811 vin).
3178 759 3195 791 ›
3246 742 3303 797 Si
3350 742 3495 797 enim
3548 751 3787 798 sanctus

2196 828 2358 882 dicit:
2381 828 2627 884 «Advena
2650 844 2769 882 sum
2794 839 2847 883 et
2870 830 3208 898 peregrinus,
3232 831 3571 888 sicutomnes
3587 840 3785 902 patres

2196 919 2299 972 mei
2346 919 2518 990 (Palat.
2547 918 2802 991 xxxvni),
2826 938 2843 970 ι
2880 935 3049 989 quare
3076 936 3182 975 non
3217 904 3475 992 peccator
3500 922 3785 977 habitator

2197 1018 2353 1063 terra:
2381 1025 2500 1064 esse
2534 1009 2768 1064 dicitur?
2796 1009 3051 1065 AZdiﬁCat
3076 1018 3254 1064 autem
3282 1011 3384 1066 sibi
3409 1011 3657 1082 lupanar,
3683 1010 3782 1081 qui

2198 1108 2307 1153 tota
2372 1098 2566 1153 frontis
2617 1099 2862 1154 libertate
2908 1098 3207 1170 delinquit,
3252 1098 3408 1169 juxta
3457 1100 3586 1156 illud
3614 1099 3785 1179 ‘quod

2195 1190 2454 1259 scriptum
2494 1200 2578 1246 est
2603 1205 2616 1244 :
2651 1209 2667 1242 ι
2691 1191 2954 1245 Peccator
2984 1204 3106 1246 cum
3135 1194 3348 1247 venerit
3365 1192 3418 1247 in
3446 1192 3784 1264 profundum

2195 1281 2515 1349 iniquitatis,
2540 1283 2839 1345 contemnit
2868 1280 3047 1352 (Prov.
3074 1284 3249 1351 xvttt),
3273 1303 3293 1336 ι

2230 1440 2231 1443 η
2268 1370 2333 1424 Et
2377 1368 2947 1426 exstruxialtissitnum
2974 1354 3176 1427 locum.
3206 1373 3259 1427 in
3304 1372 3511 1429 cunctis
3552 1372 3778 1444 plateis.

2201 1482 2217 1513 ι
2252 1461 2385 1516 Lata
2418 1462 2562 1517 enim
2594 1470 2648 1516 et
2673 1465 2908 1532 spatiosa
2956 1464 3039 1517 via
3083 1447 3203 1533 qum
3238 1462 3393 1519 ducit
3429 1464 3495 1517 ad
3539 1472 3779 1531 mortem

2197 1550 2409 1621 (Matth.
2440 1549 2561 1621 vti).
2597 1571 2614 1601 ι
2668 1550 2735 1604 Εῑ
2775 1552 2827 1607 in
2871 1552 3016 1604 omni
3057 1551 3233 1619 capite
3272 1552 3387 1605 viae
3410 1550 3674 1614 aediﬁcat,
3716 1557 3781 1607 ut

2196 1640 2339 1693 nulla
2380 1631 2725 1710 peccatorum
2770 1655 2965 1708 genera
3005 1641 3365 1711 derelinquat,
3412 1640 3515 1697 sed
3552 1640 3782 1698 imitans

2197 1741 2432 1785 scortum
2486 1731 2893 1799 proverbiorum
2946 1730 3231 1786 manifeste
3277 1732 3331 1786 in
3377 1731 3570 1801 plateis
3615 1740 3672 1787 et
3722 1732 3780 1787 in

510 1834 639 1888 bent
662 1844 866 1887 tantam
906 1835 1026 1889 ﬁdei
1068 1834 1461 1899 fortitudinem,
1498 1843 1590 1888 aut
1619 1844 1765 1889 certe
1802 1834 1960 1897 ﬁlios,
2000 1834 2092 1903 qui

2201 1820 2408 1890 angulis
2445 1819 2785 1889 platearum,
2818 1828 3202 1891 praetereuntes
3245 1818 3437 1876 stultos
3456 1819 3688 1890 juvenes
3712 1822 3782 1879 ad

509 1924 736 1993 mystica
786 1934 1011 1993 qumque
1052 1934 1404 1996 cognoscunt,
1458 1924 1594 1978 ﬁlias
1625 1939 1744 1993 quae
1796 1922 2095 1992 simplicem

509 2023 812 2083 sequuntur
837 2015 1141 2069 historiam.
1172 2016 1239 2067 Et
1277 2014 1441 2068 tradit
1470 2014 1804 2069 daemonibus
1834 2013 2098 2068 devoran-

508 2104 606 2159 dos
640 2112 693 2159 et
740 2119 863 2159 cum
911 2104 1354 2171 interﬁciat'eos,
1388 2105 1665 2160 viviﬁcare
1714 2120 1773 2160 se
1821 2104 1994 2160 credit
2042 2112 2097 2160 et

508 2193 723 2265 placare
773 2193 1081 2259 simulacra,
1133 2209 1362 2265 quorum
1438 2196 1708 2251 occisione
1759 2204 2092 2250 saturantur.

509 2284 772 2354 Quodque
806 2284 1003 2338 dicitur
1036 2285 1189 2354 juxta
1228 2284 1604 2357 Septuaginta,
1651 2287 1755 2340 hoc
1799 2294 1899 2349 est,
1934 2298 2097 2354 super

509 2390 724 2430 omnem
749 2375 1162 2430 fornicationem
1196 2384 1362 2440 tuam,
1397 2385 1453 2431 et
1478 2377 1907 2430 abominationes
1933 2383 2052 2428 tuas
2076 2392 2092 2428 :

508 2466 642 2523 illud
668 2466 939 2537 signiﬁcat
970 2485 981 2520 :
1012 2470 1155 2535 quod
1191 2468 1398 2522 cunctis
1426 2468 1665 2537 peccatis
1696 2475 1749 2521 ct
1780 2466 2095 2522 fornicatio-

508 2560 669 2617 nibus
688 2559 839 2630 pejor
866 2560 936 2613 sit
958 2560 1202 2615 doctrina
1235 2562 1631 2622 bzereticorum,
1658 2574 1777 2628 quae
1806 2556 1901 2613 Dei
1930 2558 2095 2625 ﬁlios,

507 2648 642 2707 facit
663 2650 802 2706 lilios
833 2646 1242 2716 daemoniorum,
1278 2650 1386 2704 imo
1415 2648 1813 2714 interﬁciteos,
1847 2663 1983 2718 quos
2007 2646 2096 2702 vel

508 2740 681 2797 multo
719 2740 905 2796 labore
930 2750 1196 2810 genuerat
1226 2741 1355 2805 Deo,
1391 2740 1477 2795 vel
1521 2755 1649 2795 suos
1687 2738 1892 2795 fecerat
1928 2738 2094 2806 ﬁlios,

509 2843 648 2905 quos
676 2833 731 2888 in
760 2831 1119 2889 fornicatione
1138 2839 1417 2903 genuerat.

583 2944 605 2981 ι
634 2925 703 2983 Et
743 2923 939 2981 accidit
978 2922 1100 2994 pust
1132 2940 1349 2979 omnem
1375 2923 1635 2979 malitiam
1678 2932 1846 2987 tuam,
1884 2939 1985 2991 vae,
2017 2940 2095 2979 vae

512 3034 534 3070 ι
570 3017 688 3081 tibi,
716 3016 849 3072 dicit
870 3016 1120 3071 dominus
1144 3016 1306 3071 Deus.
1331 3014 1695 3071 Etmdiﬁcasti
1724 3014 1818 3068 tibi
1842 3012 2089 3085 lupanar,

512 3124 533 3161 ι
568 3112 625 3162 et
662 3104 837 3163 fecisti
888 3104 986 3161 tibi
1033 3105 1389 3176 prostibulum
1428 3106 1483 3159 in
1516 3106 1724 3159 cunctis
1765 3104 1978 3173 plateis,
2025 3103 2102 3157 ad-

512 3216 531 3250 α
570 3204 935 3267 omne'caput
974 3194 1074 3251 vim
1121 3195 1401 3250 mdiflcasti
1447 3195 1657 3266 signum
1696 3194 2093 3265 prostitutionis

509 3305 531 3341 ι
564 3294 696 3354 tuo,
740 3283 1230 3343 etabominabilem
1282 3286 1455 3342 fecisti
1498 3286 1751 3340 decorem
1806 3294 1975 3340 tuum.
2031 3286 2095 3342 Et

511 3395 532 3431 ι
568 3372 824 3434 dimisisti
863 3379 1030 3449 pedes
1067 3388 1186 3433 tuos
1224 3378 1375 3433 omni
1405 3378 1727 3441 transeunti,
1754 3386 1809 3431 et
1835 3378 2093 3446 multipli-

511 3487 534 3525 α
750 3469 1139 3526 fornicationes
1164 3479 1302 3533 tuas,
1342 3477 1396 3525 et
1430 3468 1699 3525 fornicata
1726 3484 1786 3524 es
1816 3484 1942 3525 cum
1972 3469 2094 3525 ﬁliis

513 3578 535 3616 ι
570 3559 790 3633 ,Επριί
816 3560 1012 3617 vicinis
1039 3560 1146 3616 tuis
1170 3549 1485 3633 magnarum
1514 3561 1781 3615 carnium.
1818 3561 1885 3615 Et
1914 3562 2097 3615 multi-

516 3668 538 3705 ι
572 3650 788 3725 plicasti
818 3650 1205 3707 fornicationes
1244 3660 1362 3707 tuas
1404 3648 1470 3707 ad
1512 3651 1855 3707 irritandam.
1887 3670 1903 3703 ι
1942 3650 2094 3719 Quod

510 3740 679 3798 same!
698 3750 754 3798 et
776 3743 975 3797 iterum
1002 3750 1165 3812 atque
1192 3741 1389 3797 iterum
1422 3742 1658 3797 diximus
1692 3741 1747 3796 in
1775 3752 2097 3813 perpetuum

512 3833 715 3889 dixisse
749 3831 1004 3898 suﬁiciat,
1048 3820 1416 3902 sublpersona
1466 3833 1709 3887 mulieris
1738 3840 1863 3901 post
1911 3832 2094 3885 mariti

511 3923 775 3978 beneficia
833 3922 1158 3979 fornicantis
1202 3923 1433 3977 describi
1488 3922 1899 3977 fornicationem
1943 3922 2095 3976 Jeru—

512 4012 727 4069 salem:
761 4014 1031 4084 quomodo
1078 4028 1111 4068 a
1160 4011 1271 4068 Deo
1323 4013 1645 4078 recesserit;
1694 4022 1749 4067 et
1789 4012 1976 4081 juncta
2027 4015 2098 4067 sit

513 4101 693 4172 idolis,
724 4121 824 4162 nec
848 4107 1062 4164 occulta
1108 4109 1270 4165 fuerit
1311 4109 1665 4166 fornicatione
1702 4120 1975 4177 contenta,
2002 4110 2097 4166 sed

516 4195 863 4253 aediﬁcaverit
894 4198 995 4254 sibi
1033 4198 1281 4270 lupanar,
1311 4210 1365 4256 et
1395 4205 1539 4256 omni
1566 4202 1647 4256 via
1678 4203 1891 4273 signum
1921 4215 2095 4258 trans-

512 4287 768 4344 euntibus
796 4290 1056 4359 posuerit,
1096 4299 1155 4345 ut
1183 4294 1433 4347 venirent
1473 4294 1537 4347 ad
1576 4300 1817 4349 scortum
1852 4301 1905 4349 et
1932 4294 2095 4349 satia-

518 4370 641 4434 rent
680 4378 960 4435 libidinem
987 4400 1001 4434 :
1030 4397 1137 4437 non
1177 4392 1285 4438 tam
1330 4399 1481 4457 suam
1510 4400 1673 4454 quam
1702 4384 1839 4453 eius,
1872 4401 1989 4455 qua:
2017 4386 2098 4441 di-

518 4466 795 4523 varicavit‘
812 4484 969 4524 crura
997 4486 1093 4525 sua
1125 4473 1271 4527 omni
1301 4475 1623 4539 transeunti,
1655 4484 1710 4529 et
1744 4475 2100 4544 pulchritudi-

516 4563 602 4617 nis
630 4562 1056 4633 magnitudinem
1098 4562 1473 4622 fornicationis
1523 4565 1890 4637 magnitudine
1916 4567 2099 4623 detur-

516 4652 680 4722 parit.
713 4652 779 4707 Et
805 4652 947 4709 inter
985 4662 1198 4718 Caetera,
1254 4656 1418 4709 etiam
1456 4654 1725 4728 Egyptiis
1760 4656 1954 4711 vicinis
1984 4657 2096 4713 suis

518 4757 709 4796 amore
727 4757 1045 4814 magnarum
1074 4744 1316 4799 carnium
1340 4754 1609 4815 prostrata
1638 4746 1728 4800 sit.
1760 4744 1909 4811 Etpt
1936 4760 2097 4802 omne

518 4845 689 4902 genus
721 4833 1065 4901 turpitudinis
1103 4835 1524 4902 demonstraret,
1545 4836 1855 4907 multiplicis
1892 4838 2100 4908 spurci-

524 4915 612 4974 tia:
634 4935 831 4990 genere
848 4919 1155 4976 deformata
1185 4923 1274 4976 sit.
1290 4921 1435 5000 Nulli
1468 4932 1648 4979 autem
1678 4926 1921 4991 dubium,
1955 4927 2095 4996 quod

523 5009 761 5081 zEgypto
802 5010 979 5065 vicina
1026 5012 1099 5066 sit
1144 5011 1451 5080 Palteatina,
1500 5015 1713 5071 dicente
1764 5016 1992 5072 Domino
2030 5016 2098 5072 ad

524 5101 833 5155 Abraham:
867 5118 886 5152 ι
916 5101 1064 5155 Dabo
1093 5102 1188 5157 tibi
1218 5119 1434 5159 omnem
1460 5113 1660 5161 terram
1689 5122 1720 5161 a
1742 5107 1905 5161 fluvio
1932 5106 2097 5179 IEgyp

524 5188 599 5261 pti
627 5200 797 5257 usque
817 5187 884 5241 ad
905 5187 1102 5243 ﬂumen
1125 5202 1369 5259 magnum
1390 5190 1697 5263 Euphraten
1722 5191 2022 5267 (Geu.xv),i
2042 5206 2101 5252 ut

523 5294 591 5332 ex
618 5294 723 5332 una
760 5285 912 5348 parte
952 5275 1255 5349 Egyptios,
1300 5293 1367 5333 ex
1412 5280 1577 5335 altera
1604 5282 1798 5337 habeat
1826 5283 2095 5355 Assyrios,

528 5366 651 5420 eum
696 5366 892 5435 quibus
938 5374 991 5421 et
1037 5368 1090 5421 in
1138 5368 1528 5437 posterioribus
1570 5369 1768 5426 dicitur
1808 5372 2091 5429 fornicata.

529 5456 837 5512 Foruicatio
891 5464 1070 5510 autem
1136 5455 1439 5513 Jerusalem
1491 5474 1633 5530 cum.
1667 5460 1938 5533 iﬁgyptiis
1983 5467 2096 5520 ido-

529 5546 755 5601 lolatria:
790 5560 978 5601 eorum
1018 5548 1248 5604 imitatio
1291 5559 1393 5605 est.
1436 5550 1503 5605 Et
1548 5552 1614 5607 ad
1662 5565 1901 5609 nostram
1941 5554 2098 5611 Jeru-

532 5638 695 5691 salem
730 5638 845 5694 sive
873 5638 1195 5704 Ecclesiam,
1235 5636 1350 5697 sive
1394 5644 1729 5699 credentium
1777 5642 2024 5702 animas:
2054 5648 2098 5702 si

533 5731 731 5785 fuerint
767 5733 1111 5807 negligentes,
1148 5744 1209 5791 et
1227 5736 1484 5791 omnibus
1511 5736 1656 5794 vitiis
1684 5740 1975 5808 patuerint,
2006 5742 2101 5797 du-

2124 4491 2176 4551 D

2202 1927 2327 1965 suos
2377 1910 2569 1964 invitet
2618 1910 2918 1977 amplexus,
2949 1919 3003 1965 et
3033 1910 3235 1979 polluat
3261 1911 3455 1966 animze
3496 1912 3789 1978 decorem,

2199 2015 2356 2070 quem
2387 2016 2483 2069 pro
2514 2000 2777 2055 beneﬁcio
2809 2015 2838 2053 a
2868 2001 2978 2055 Deo
3013 2000 3295 2062 conditore
3334 2002 3526 2056 sortita
3562 2010 3647 2058 est
3681 2021 3696 2057 :
3727 2012 3783 2060 et

2197 2092 2378 2145 omnia
2425 2090 2622 2145 itinera
2664 2089 2780 2157 eius
2822 2090 2980 2159 plena
3020 2100 3145 2145 sunt
3173 2092 3521 2165 turpitudinis
3540 2095 3782 2151 cunctis-

2198 2196 2302 2251 que
2332 2180 2774 2251 cogitationibus,
2817 2195 2936 2249 quaa
2971 2180 3231 2236 vitiorum
3267 2181 3534 2237 incentiva
3585 2199 3785 2254 suppe-

2201 2271 2395 2337 ditant,
2435 2271 2610 2341 aperit
2632 2286 2726 2325 cor
2753 2286 2908 2325 suum
2939 2278 2994 2325 et
3016 2284 3176 2325 crura
3206 2271 3487 2337 divaricat.
3517 2273 3586 2327 Et
3613 2272 3784 2329 furni.

2200 2368 2355 2417 catur
2390 2375 2511 2416 cum
2542 2359 2809 2433 Egyptiis
2850 2361 3042 2416 vicinis
3088 2362 3220 2427 suis,
3265 2378 3494 2433 quorum
3532 2365 3783 2436 exempla

2197 2462 2465 2519 sectatur,
2502 2452 2732 2509 ethnicis
2766 2453 3039 2520 videlicet,
3084 2454 3177 2524 qui
3228 2454 3282 2509 in
3328 2456 3443 2511 suis
3482 2442 3783 2527 turpitudi-

2196 2548 2358 2603 nibus
2402 2546 2725 2616 gloriantur,
2768 2552 2823 2600 et
2864 2553 2974 2599 tam
3020 2545 3229 2601 nefaria
3254 2554 3355 2613 est,
3382 2557 3443 2603 ut
3470 2548 3618 2620 ipsos
3642 2563 3784 2619 quo-

2198 2652 2302 2707 que
2328 2643 2545 2707 superet
2581 2634 2634 2689 in
2669 2633 3020 2705 turpitudine.
3059 2634 3129 2689 Et
3161 2636 3276 2692 haec
3308 2639 3487 2693 omnia
3524 2624 3676 2704 facit,
3722 2637 3785 2696 iit

2198 2728 2367 2783 Deum
2413 2725 2478 2780 ad
2521 2724 2860 2780 iracundiam
2904 2733 3180 2796 provocet.
3231 2718 3546 2798 Magnarum
3599 2737 3783 2785 autem

2197 2817 2441 2873 carnium
2476 2815 2715 2887 Ailgyptii
2742 2830 2860 2871 esse
2887 2816 3161 2884 dicuntur,
3187 2818 3301 2874 sive
3329 2819 3398 2875 ob
3425 2820 3782 2891 turpitudinis

2196 2908 2643 2979 magnitudinem,
2695 2908 2808 2962 sive
2849 2907 2921 2975 pb
2965 2918 3310 2978 peccatorum
3350 2908 3775 2967 deformitatem.

2200 2997 2352 3054 Unde
2374 3006 2591 3053 sanctus
2615 2997 2837 3061 dicitur,
2884 2999 3131 3053 carnium
3158 2998 3528 3068 parvularum,
3572 3015 3695 3071 qua:
3724 3000 3779 3056 in

2195 3102 2259 3142 eo
2290 3088 2609 3143 decrescunt
2636 3088 2899 3156 quotidie,
2932 3096 2986 3143 et
3006 3102 3105 3159 per
3124 3090 3353 3147 virtutes
3388 3090 3781 3157 adtenuantur,

2119 3154 2165 3215 (ἶ
2198 3178 2272 3233 ita
2313 3186 2372 3231 ut
2414 3154 2753 3248 nequaquam
2790 3192 2918 3233 caro
2950 3154 3266 3249 appelletur,
3314 3171 3412 3253 sed
3453 3180 3695 3251 spiritus,

2196 3266 2448 3337 loquatur
2469 3267 2522 3322 in
2545 3267 2754 3337 psalmo
2782 3286 2795 3319 2
2831 3285 2849 3319 ς
2872 3266 3053 3323 Sitivit
3076 3270 3257 3324 anima
3282 3284 3402 3325 mea
3428 3270 3495 3325 ad
3521 3278 3591 3333 te,
3617 3270 3777 3336 Deus,

2194 3377 2356 3432 quam
2405 3360 2776 3432 multipliciter
2820 3361 2914 3415 tibi
2944 3365 3073 3418 caro
3104 3376 3242 3428 mea,
3283 3361 3337 3415 in
3378 3370 3525 3417 terra
3551 3346 3781 3428 deserta

2196 3461 2252 3507 et
2298 3453 2556 3522 inaquosa
2587 3451 2665 3505 sic
2693 3451 2746 3504 in
2776 3459 2965 3506 sancto
2999 3451 3222 3520 apparui
3244 3451 3339 3506 tibi
3364 3449 3537 3523 (Ρεαι.
3565 3450 3721 3523 Lxu).
3754 3469 3776 3504 t

2198 3541 2555 3609 Quamobrem
2588 3550 2642 3594 et
2667 3538 2980 3609 Corinthius
3016 3535 3316 3597 fornicator
3352 3541 3667 3609 traditurwin
3702 3544 3783 3597 in-

2200 3634 2415 3687 teritum
2446 3632 2645 3697 carnis,
2684 3640 2743 3686 ut
2772 3632 2998 3702 spiritus
3029 3631 3207 3690 salvus
3236 3632 3346 3688 ﬂat.
3382 3634 3459 3689 De
3483 3634 3587 3690 hac
3615 3650 3781 3692 carne

2198 3725 2458 3794 scriptum
2480 3732 2562 3779 est
2589 3741 2601 3777 :
2639 3742 2656 3774 ι
2687 3721 2872 3779 Omnis
2918 3738 3045 3778 caro
3084 3722 3285 3789 fenum,
3318 3734 3372 3780 et
3403 3726 3581 3780 omnis
3608 3726 3783 3795 gloria

2197 3814 2313 3884 ejus
2342 3814 2493 3884 quasi
2529 3812 2627 3868 llos
2652 3813 2787 3884 agri.
2834 3812 2993 3867 Aruit
3025 3812 3240 3878 fenum,
3284 3824 3338 3869 et
3381 3813 3480 3871 llos
3524 3814 3659 3883 ejus
3689 3818 3783 3873 de-

2198 3907 2362 3970 cidit;
2414 3906 2638 3960 verbum
2702 3915 2882 3960 autem
2927 3906 3137 3961 Domini
3183 3914 3368 3961 manet
3416 3908 3470 3963 in
3516 3918 3780 3986 aeternum

2200 3996 2332 4067 (lsa.
2364 3998 2474 4067 ιι).
2508 4016 2526 4050 ι
2568 3996 2645 4053 De
2667 4013 2773 4067 qua
2812 4006 2865 4053 et
2892 3997 3180 4070 Apostolus
3205 3998 3564 4071 loquebatur:
3600 4001 3780 4061 «Caro

2198 4097 2252 4143 et
2278 4091 2497 4161 sanguis
2519 4103 2741 4159 regnum
2766 4090 2861 4146 Dei
2886 4106 2995 4146 non
3018 4090 3369 4162 possidebunt
3394 4091 3445 4165 (I
3464 4091 3586 4148 Cor.
3611 4093 3726 4165 xv).
3752 4112 3772 4147 ι

2200 4179 2266 4234 Ει
2296 4181 2348 4235 in
2380 4180 2575 4235 Genesi
2615 4180 2854 4250 loquitur
2896 4182 3072 4238 Deus:
3108 4200 3126 4234 ι
3154 4180 3270 4237 Non
3306 4185 3644 4254 permanebit
3672 4184 3781 4257 api;

2201 4273 2339 4327 ritus
2378 4287 2530 4327 meus
2561 4272 2613 4327 in
2644 4272 2955 4328 hominibus
2980 4273 3116 4339 istis,
3144 4274 3271 4343 quia
3308 4290 3434 4330 caro
3462 4285 3589 4330 sunt
3616 4275 3775 4348 (Gen.

2200 4362 2297 4433 vt).
2322 4382 2340 4415 ι
2374 4358 2536 4415 Ειίειᾱ
2564 4360 2848 4416 credentes
2892 4359 3123 4416 dicitur:
3156 4378 3174 4413 ι
3196 4360 3297 4428 Qui
3340 4363 3394 4417 in
3440 4378 3608 4418 carne
3652 4373 3782 4421 sunt

2204 4451 2313 4506 Deo
2347 4450 2563 4521 placere
2603 4464 2707 4504 non
2744 4459 2990 4520 possunt.
3035 4448 3141 4521 vos
3187 4457 3371 4505 autem
3412 4466 3523 4507 non
3562 4453 3693 4509 estis
3722 4452 3775 4508 in

2204 4560 2383 4609 carne,
2410 4546 2503 4599 sed
2538 4544 2591 4598 in
2631 4541 2822 4613 spiritu
2854 4539 3031 4612 (Rom.
3076 4541 3259 4615 vim.»
3294 4542 3415 4598 Alia
3444 4553 3625 4599 autem
3650 4561 3777 4603 caro

2200 4646 2510 4692 sanctorum
2557 4642 2657 4690 est.
2703 4636 2777 4691 De
2808 4649 2919 4704 qua.
2948 4634 3211 4705 scriptum
3234 4643 3316 4691 est
3341 4651 3357 4691 :
3391 4654 3411 4687 ί
3436 4634 3627 4693 Omnis
3650 4629 3777 4694 caro

2200 4727 2403 4783 videbit
2428 4726 2660 4786 salutare
2684 4724 2780 4781 Dei
2819 4723 2953 4795 (lca.
2982 4724 3092 4796 χι).
3114 4744 3133 4778 ι

2279 4856 2297 4890 ι
2327 4838 2465 4893 Ecce
2494 4852 2591 4907 ego
2630 4836 2911 4891 extendam
2949 4851 3169 4911 manum
3212 4851 3388 4892 meam
3424 4852 3589 4909 super
3612 4848 3684 4906 te,
3720 4852 3775 4899 et

2210 4947 2229 4982 ι
2263 4922 2505 4984 auferam
2536 4925 2976 4995 justiticationem
3026 4926 3192 4991 tuam,
3236 4934 3293 4981 et
3332 4926 3473 4983 dabo
3500 4936 3557 4983 te
3580 4930 3775 4989 animi:

2210 5039 2228 5074 ι
2261 5017 2559 5075 odientium
2597 5024 2669 5081 te,
2711 5010 3409 5083 ﬁliarumPalazstinarum,
3456 5032 3582 5088 qua:
3622 5024 3774 5080 ardo-

2212 5133 2231 5165 ς
2268 5119 2427 5168 scunt
2452 5110 2586 5184 [Al.,
2616 5107 2964 5181 erubescunt]
2994 5109 3048 5163 in
3078 5108 3160 5163 via
3202 5117 3289 5164 tua
3316 5110 3597 5169 scelerata.
3631 5134 3651 5169 ι
3677 5116 3775 5174 Ex-

2208 5202 2377 5257 tendit
2401 5210 2580 5255 autem
2601 5199 2857 5253 Dominus
2878 5214 3039 5269 super
3050 5197 3347 5256 Jerusalem
3361 5216 3581 5258 manum
3596 5220 3771 5275 suam,

2205 5302 2263 5365 ut
2276 5291 2512 5362 corrigat
2528 5286 2808 5358 delinquen
2817 5297 2921 5343 tem
2931 5330 2944 5353 ,
2960 5296 3015 5343 et
3028 5289 3240 5345 auferat
3253 5290 3489 5362 legitima
3502 5296 3641 5365 ejus,
3654 5312 3771 5367 qua

2200 5381 2451 5452 quamdiu
2477 5379 2570 5434 Dei
2592 5387 2857 5447 praecepta
2885 5381 3155 5446 servabat,
3182 5380 3419 5450 legitima
3443 5382 3656 5441 Domini
3692 5387 3770 5442 di-

2200 5458 2477 5528 cebantur.
2509 5470 2731 5536 Quando
2759 5482 2887 5524 vero
2916 5470 3165 5526 adoravit
3200 5472 3336 5528 idola
3377 5483 3434 5528 et
3460 5475 3774 5546 religionem

2202 5562 2477 5633 impietate
2505 5560 2763 5623 mutavit,
2790 5572 3142 5630 nequaquam.
3168 5546 3403 5633 legitima
3430 5562 3577 5620 illius
3596 5566 3774 5637 appel-

2202 5654 2398 5709 lantur.
2450 5652 2602 5719 Quod
2631 5668 2738 5706 non
2758 5649 2938 5731 solum
2970 5652 3024 5706 in
3047 5638 3165 5723 lege
3192 5662 3247 5710 et
3273 5658 3633 5721 caeremoniis.
3680 5656 3773 5714 sed

2203 5747 2258 5800 in
2298 5744 2539 5800 sabbatis
2565 5758 2777 5814 quoque
2800 5754 2854 5801 et
2879 5744 3068 5801 diebus
3089 5743 3241 5801 festis
3269 5755 3325 5801 et
3358 5747 3660 5803 neomeniis
3681 5761 3775 5806 ao-
