3948 6376
202 438 299 493 681

1134 418 1485 491 COMMENT.
1530 432 1593 486 lN
1635 430 2087 489 BZECHIELEM.
2130 464 2196 476 -
2237 434 2363 491 LIB.
2416 433 2502 491 vu

3366 433 3475 492 683

202 556 377 625 cipien
402 555 530 607 Tum.
568 551 707 605 D.~.:.s
738 552 878 605 enim
911 550 1082 623 legem
1105 551 1177 605 ait
1208 566 1221 603 :
1254 571 1271 602 ε
1303 550 1540 605 Sabbata
1578 564 1697 604 mea
1734 558 1787 605 ct
1816 558 1865 616 Α
1890 552 2072 614 stitue,
2121 550 2363 615 Domine,
2404 548 2767 619 legislatorem
2810 562 2969 617 super
2996 560 3090 601 eos
3117 544 3287 618 (Psal.
3326 548 3421 619 ιι).
3450 569 3470 601 ι

204 645 319 700 dies
345 643 511 697 festos
554 656 701 696 meos
725 641 913 710 (Lavit.
942 639 1077 711 XIX).
1100 659 1119 693 ι
1152 639 1377 706 Quando
1409 649 1588 695 autem
1619 654 1799 694 reces-

204 741 393 789 serunt
428 749 457 787 a
497 733 629 797 Deo,
684 731 886 786 dicitur
932 732 1011 786 eis
1040 748 1052 784 :
1085 728 1445 785 «Neomenias
1486 738 1698 784 vestras
1745 739 1799 786 et

204 825 431 880 sabbata
460 830 515 877 et
554 823 692 877 diem
725 836 981 891 maguum
1011 835 1117 875 non
1145 819 1421 889 recipiam.
1448 817 1719 888 Jejunium
1747 828 1801 874 et

203 917 373 971 otium
394 926 449 969 et
466 914 832 971 solemnitates
847 922 1056 969 vestras
1077 913 1190 968 odit
1206 912 1383 967 anima
1399 927 1517 968 mea
1536 911 1668 985 (ha.
1696 911 1759 986 1).
1774 934 1792 965 ι

206 1006 360 1074 Quod
391 1014 445 1060 et
469 1007 533 1060 de
555 1006 751 1075 pOpulo
782 1005 1045 1075 scriptum
1074 1013 1175 1059 est.
1221 1004 1323 1071 Qui
1352 1005 1495 1059 enim
1523 1006 1673 1076 prius
1700 1005 1796 1059 Dei

203 1096 436 1167 populus
458 1097 775 1162 vocabatur,
813 1105 1099 1166 postquam
1137 1096 1361 1150 recessit
1385 1112 1415 1149 a
1441 1096 1572 1161 Deo,
1598 1096 1801 1151 dicitur

204 1188 271 1240 de
299 1201 365 1240 eo
393 1184 457 1238 ad
487 1184 740 1255 Moysen:
764 1203 782 1234 ι
806 1184 1061 1239 Peccavit
1081 1182 1307 1253 populus
1335 1193 1455 1237 tuus
1476 1198 1637 1253 quem
1661 1183 1797 1238 edu-

202 1279 331 1332 xisti
364 1280 429 1333 de
455 1286 596 1331 terra
644 1276 865 1347 Egypti
904 1274 1099 1347 (Exod.
1135 1276 1329 1348 χχχιι).
1364 1296 1382 1327 ι
1418 1275 1548 1343 Quae
1574 1275 1664 1331 hic
1700 1290 1799 1329 ex-

206 1372 383 1425 tensio
432 1385 625 1424 manus
670 1370 794 1424 alibi
842 1357 1072 1424 elevatio
1128 1369 1240 1422 sive
1289 1368 1531 1422 visitatio
1579 1352 1797 1422 dicitur.

204 1459 438 1527 Quando
468 1460 608 1513 enim
653 1467 966 1529 peccantem
997 1473 1103 1511 non
1135 1458 1362 1527 corripit
1394 1457 1557 1523 Deus,
1584 1466 1801 1511 contra-

206 1551 290 1604 hit
338 1566 553 1603 manum
599 1565 774 1604 suam.
821 1548 915 1604 Sin
963 1556 1140 1601 autem
1182 1547 1509 1615 peccaverit,
1539 1547 1676 1601 etin
1704 1546 1797 1601 Del

205 1640 438 1709 eruperit
485 1639 600 1710 lege
652 1646 952 1708 aegrotare,
1006 1636 1238 1689 mittitur
1278 1635 1345 1688 ad
1390 1651 1512 1690 eum
1563 1637 1805 1691 visitatio

199 1730 358 1800 juxta
400 1730 530 1784 illud
570 1732 712 1800 quod
745 1730 796 1783 iu
821 1729 1044 1799 psalmis
1072 1727 1288 1782 canitur
1317 1746 1328 1781 :
1368 1748 1384 1777 ι
1411 1727 1467 1781 Si
1497 1728 1802 1797 derclique~

206 1834 336 1879 runt
379 1825 471 1879 ﬁlii
502 1824 615 1893 ejus
645 1824 817 1895 legem
855 1839 1061 1888 meam,
1110 1835 1163 1879 et
1190 1827 1241 1879 in
1273 1822 1491 1890 iudiciis
1515 1823 1648 1877 meis
1694 1839 1802 1879 non

1902 643 1966 695 Et
1996 643 2047 696 in
2073 642 2179 697 alio
2206 642 2322 697 loco
2351 660 2362 694 :
2399 660 2415 692 ι
2452 640 2651 711 Legem
2683 654 2819 710 pone
2846 639 2996 703 mihi,
3031 638 3275 705 Domine,
3308 639 3361 693 in
3391 641 3478 695 via

1902 743 1990 786 tua
2018 732 2188 804 (Psal.
2223 730 2391 804 xxvr).
2428 751 2444 783 ι

1974 842 1991 874 ι
2034 824 2101 878 Εῑ
2143 822 2408 878 fornicata
2447 839 2505 877 es
2552 822 2604 874 in
2654 821 2775 875 ﬁliis
2810 821 3175 893 Assyriorum,
3226 836 3291 876 eo
3336 820 3480 891 quod

1906 933 1923 965 ι
1961 912 2190 968 necdum
2220 914 2388 968 fueris
2416 911 2649 983 expleta.
2683 911 2750 965 Et
2777 919 3062 981 postquam
3099 910 3365 969 fornicata
3396 928 3475 977 es,

1906 1022 1924 1054 ι
1965 1019 2062 1058 nec
2087 1004 2167 1058 sic
2198 1018 2257 1058 es
2297 1004 2511 1058 satiata.
2558 1002 2626 1056 Et
2664 1000 3030 1070 multiplieasti
3070 1000 3480 1056 fornicationem

1905 1112 1923 1144 ι
1960 1103 2105 1147 tuam
2135 1093 2186 1146 in
2221 1101 2363 1146 terra
2402 1090 2657 1146 Chanaan
2688 1105 2810 1144 cum
2843 1088 3105 1146 Chaldaeis
3134 1108 3145 1143 :
3180 1099 3235 1146 et
3264 1107 3363 1146 nec
3399 1092 3480 1146 sic

1906 1205 1923 1237 ι
1961 1185 2153 1238 satiata
2202 1198 2277 1237 es.
2305 1201 2322 1232 ι
2358 1181 2530 1251 Supra
2570 1181 2830 1251 scriptum
2861 1188 2943 1235 est
2976 1178 3294 1235 fornicatam
3321 1178 3483 1234 Jeru-

1901 1275 2070 1332 salem
2131 1290 2254 1329 cum
2308 1272 2432 1327 ﬁliis
2488 1272 2709 1343 [Egypti
2764 1270 2955 1326 vicinis
3014 1271 3166 1337 suis,
3219 1272 3311 1342 qui
3356 1282 3485 1326 sunt

1900 1378 2217 1435 magnarum
2250 1362 2511 1417 carnium.
2543 1361 2641 1416 llic
2665 1349 2832 1415 altera
2860 1361 3203 1432 Assyriorum
3234 1362 3484 1417 vicinitas

1902 1456 2191 1510 indicatur.
2216 1454 2282 1507 Et
2309 1462 2594 1523 propterea
2624 1452 2873 1521 utrisque
2892 1454 3179 1507 traduntur
3206 1453 3478 1521 gentibus,

1902 1548 2027 1619 quia
2045 1556 2394 1616 utrarumque
2419 1545 2705 1601 simulacra
2724 1544 2965 1600 venerati
2991 1554 3135 1601 sunt.
3179 1544 3484 1616 Ingredien-

1903 1649 2091 1708 tcsque
2131 1637 2458 1704 Cbaldzeam,
2500 1652 2619 1707 quae
2657 1644 2742 1692 est
2793 1645 2939 1693 terra
2977 1638 3253 1704 Chanaan,
3285 1638 3483 1694 imitati

1902 1740 2029 1787 sunt
2076 1747 2261 1787 eorum
2303 1747 2534 1796 errores,
2565 1748 2792 1801 quorum
2836 1731 3061 1801 imperio
3110 1729 3480 1799 subjucebant.

1908 1823 2214 1878 Secundum
2246 1823 2621 1892 tropologiam,
2674 1823 2740 1875 de
2790 1822 2911 1876 aliis
2953 1821 3213 1891 peccatis,
3266 1824 3333 1876 ad
3381 1822 3486 1877 alia

206 1914 630 1979 ambulaverint,
682 1914 913 1968 visitabo
969 1914 1021 1967 in
1070 1916 1219 1985 virga
1263 1914 1574 1981 iniquitates
1615 1927 1804 1967 eorum
1838 1909 2052 1985 Bsmpe
2101 1916 2435 1979 transimus,
2491 1928 2721 1985 cumque
2770 1930 2874 1969 non
2920 1915 3190 1985 egerimus
3242 1915 3485 1984 priorum

208 2003 387 2069 (Paul.
417 2006 699 2077 exxxvnt).
731 2024 749 2056 ›
778 2004 845 2057 Et
875 2004 924 2057 in
950 2005 1053 2058 hoc
1090 2004 1356 2074 Propheta
1386 2002 1641 2071 scriptum
1675 2013 1756 2058 est
1782 2020 1793 2057 :

214 2116 233 2148 σ
266 2096 437 2151 Terra
487 2097 534 2152 si
580 2095 889 2166 peccaverit
927 2096 1061 2149 mihi
1097 2102 1153 2149 ut
1192 2094 1469 2164 delinquat
1518 2092 1799 2160 delictum,

205 2188 499 2244 extendam
547 2201 767 2241 manum
817 2199 993 2240 meam
1043 2201 1205 2257 super
1247 2200 1391 2250 eam,
1436 2193 1489 2238 Ol.
1518 2193 1800 2239 conteram

208 2279 612 2334 ﬁrmauentum
662 2277 815 2348 panis
857 2277 975 2348 ejus
1000 2275 1172 2347 (Psal.
1202 2275 1332 2347 etv),
1378 2286 1482 2331 etc.
1517 2295 1534 2327 υ
1589 2274 1644 2329 in
1689 2290 1802 2344 quo

206 2369 505 2438 qumrimus
548 2367 674 2438 quid
729 2369 799 2422 sit
845 2368 989 2422 inter
1034 2367 1408 2422 extensionem
1462 2380 1688 2431 manus,
1745 2369 1803 2418 et

207 2460 557 2514 emissionem
584 2458 720 2527 ejus.
768 2457 1031 2527 Loquitur
1071 2457 1316 2512 diabolus
1355 2459 1422 2509 ad
1469 2455 1799 2510 Dominum:

216 2569 233 2601 ι
264 2548 415 2603 Mitte
441 2563 658 2604 manum
684 2558 852 2612 tuam,
877 2556 932 2602 et
954 2556 1113 2617 tange
1140 2546 1317 2600 omnia
1336 2560 1455 2614 qum
1482 2544 1668 2610 habet,
1693 2540 1799 2597 nisi

210 2640 267 2694 in
300 2639 438 2695 facie
468 2638 806 2694 benedixerit
844 2638 939 2692 tibi
985 2636 1128 2708 (Job.
1183 2637 1277 2710 1).»
1313 2637 1640 2709 Videturque
1665 2635 1800 2693 mihi

210 2732 353 2787 mitti
384 2745 579 2798 manus
602 2730 668 2785 ad
697 2729 1071 2799 probationem
1100 2744 1283 2783 eorum
1310 2728 1507 2797 quibus
1540 2730 1797 2785 mittitur.

211 2818 444 2873 Extendi
474 2827 652 2872 autem
683 2818 749 2871 ad
778 2830 965 2887 pmnas
995 2832 1204 2880 eorum,
1237 2818 1325 2885 qui
1363 2827 1642 2873 merentur
1675 2834 1805 2889 sup-

209 2910 393 2979 plicia,
412 2922 510 2962 nec
528 2908 699 2962 solum
713 2908 955 2962 extensio
970 2916 1022 2961 et
1039 2908 1280 2971 emissio,
1298 2908 1391 2962 sed
1409 2908 1668 2978 expansio
1686 2925 1804 2961 Ina-

212 3016 313 3055 nus
333 3000 423 3054 Dei
448 2999 667 3063 dicitur,
684 2997 818 3052 lsaia
835 3012 900 3052 ex
917 3012 1149 3068 persona
1168 2997 1376 3051 Domini
1400 2997 1802 3068 proclamante:

218 3110 237 3141 ι
268 3090 406 3145 Tota
447 3090 533 3144 die
572 3089 804 3160 expandi
856 3104 1047 3143 manus
1092 3104 1242 3143 meas
1279 3089 1346 3143 ad
1386 3089 1638 3159 populum
1692 3105 1802 3145 non

216 3180 527 3233 credentem
582 3186 636 3233 et
686 3177 1145 3232 contradicentem
1186 3177 1321 3249 (Isa.
1351 3177 1499 3248 va).
1525 3198 1543 3230 ι
1572 3176 1804 3233 Sanctus

215 3286 435 3344 quoque
463 3271 643 3326 levare
681 3279 936 3324 narratur
982 3284 1193 3335 manus,
1234 3269 1511 3340 Scriptura
1545 3271 1798 3330 dicente:
1832 3262 1875 3323 C

221 3384 238 3415 ι
260 3364 506 3419 Elevatio
535 3378 790 3418 manuum
818 3362 1411 3418 mearumsacrillcium
1437 3373 1805 3434 vespertinum

216 3454 393 3528 (Psal.
425 3456 570 3526 exe).
595 3471 615 3506 ι
644 3454 881 3511 Sublatis
922 3464 1099 3511 autem
1140 3456 1393 3527 legitimis
1425 3456 1522 3509 Dei
1547 3471 1579 3509 a
1611 3457 1808 3526 populo

212 3544 523 3602 ludatorum
556 3546 950 3617 interrogemus
974 3562 1069 3601 eos
1099 3562 1260 3615 quam
1291 3547 1525 3602 habeant
1549 3548 1685 3618 legis
1709 3551 1806 3604 ob-

212 3640 546 3696 serrantiam
582 3657 594 3692 :
632 3639 894 3693 Victimas
952 3639 1162 3694 sublato
1217 3641 1414 3710 templo
1464 3650 1631 3711 atque
1677 3643 1805 3697 sub-

212 3745 377 3787 verso
414 3729 611 3784 offerre
653 3745 758 3784 non
797 3738 1045 3798 possunt,
1075 3744 1175 3785 nec
1211 3731 1579 3785 adulterarum
1607 3733 1808 3803 lapida-

214 3822 316 3885 tio,
366 3829 797 3889 caeterorumque
839 3820 1129 3874 criminum
1176 3819 1292 3890 lege
1341 3832 1601 3877 concessa
1653 3838 1809 3877 excr—

214 3928 344 3968 cere
372 3920 569 3981 potest,
594 3919 649 3966 et
670 3911 881 3965 vacatio
911 3919 1067 3965 terra:
1094 3925 1239 3965 anno
1262 3913 1603 3969 remissionis
1628 3922 1679 3968 et
1709 3930 1809 3969 cae-

216 4016 333 4059 tera
359 4002 687 4073 hujusmodi.
715 4004 883 4055 Datur
902 4009 1082 4056 autem
1108 4002 1159 4056 in
1186 4003 1397 4056 animas
1422 4003 1721 4059 odientium
1752 4022 1809 4062 se

213 4097 452 4150 ﬁliarum
498 4084 913 4157 Palestitiarum,
947 4078 1162 4162 quando
1209 4093 1437 4148 traditur
1476 4093 1805 4150 Palestinis:

212 4202 354 4256 quos
396 4184 767 4239 indiﬁ‘erenter
807 4182 1158 4256 Septuaginta
1199 4183 1533 4254 alienigenas
1572 4195 1804 4239 vocant:

213 4292 353 4347 quas
400 4277 699 4349 intelligere
742 4291 1032 4346 possumus
1072 4275 1234 4330 urbes
1285 4275 1370 4329 vet
1416 4276 1608 4346 oppida
1656 4276 1809 4331 Pale-

217 4369 395 4422 stina».
424 4368 613 4423 Nostra
644 4382 857 4438 quoque
882 4365 1180 4422 Jerusalem
1207 4368 1249 4422 si
1281 4377 1673 4436 praetereamus
1702 4385 1806 4424 ca:—

217 4461 493 4515 remOnias
542 4461 657 4525 Dei,
710 4469 765 4515 et
794 4469 1015 4515 extenta
1057 4461 1223 4516 fuerit
1264 4478 1462 4518 manus
1496 4462 1612 4531 ejus
1649 4478 1809 4532 super

217 4570 342 4621 nos,
366 4563 421 4610 et
446 4554 621 4609 ablata
649 4564 843 4610 cuneta
871 4556 1004 4626 legis
1026 4556 1374 4611 observantia
1405 4557 1643 4611 tradetur
1674 4556 1807 4610 ﬁlia-

214 4644 322 4703 bus
369 4645 648 4701 Palestinae
691 4653 743 4701 et
793 4662 897 4700 non
948 4646 1091 4702 ﬁliis.
1150 4646 1337 4716 Neque
1384 4649 1528 4703 enim
1572 4650 1805 4719 primum

217 4738 538 4795 fortioribus
575 4738 851 4807 suppliciis
898 4738 1197 4803 trademur,
1236 4740 1332 4794 sed
1369 4739 1521 4808 juxta
1556 4750 1806 4810 peccato—

220 4847 343 4886 rum
391 4828 705 4899 qualitatem
734 4827 1097 4895 inferioribus,
1139 4840 1197 4884 ut
1233 4833 1467 4903 correpti
1503 4834 1555 4887 in
1587 4834 1801 4900 minori,

222 4920 431 4990 majora
472 4919 805 4974 cruciatuum
842 4928 1111 4975 tormenta
1160 4921 1414 4978 vitemus.
1459 4922 1801 4992 Philisthiim,

220 5013 329 5067 hoc
375 5020 480 5076 est,
506 5009 784 5077 Palestini,
833 5012 1006 5081 prima
1042 5012 1350 5073 litterarum
1386 5024 1535 5086 parte
1577 5026 1801 5085 mutata,

221 5102 650 5170 interprétantur
674 5101 946 5165 cadentes,
974 5106 1166 5171 poculo
1193 5104 1310 5159 sive
1352 5106 1556 5161 factura
1600 5106 1806 5180 [Fat-te,

224 5188 437 5261 actura]
453 5205 549 5259 per
562 5206 680 5260 quis
703 5189 1035 5261 signiﬁcatur
1051 5195 1346 5250 tradendos
1368 5211 1466 5251 nos
1486 5198 1809 5253 adversariis

221 5280 604 5352 potestatibtns,
628 5297 747 5351 qua:
765 5283 1016 5337 biberunt
1036 5284 1101 5339 de
1118 5284 1290 5340 calice
1306 5286 1593 5358 Babylonis
1612 5300 1666 5343 et
1691 5305 1809 5344 cor-

224 5379 474 5435 ruerunt,
514 5380 569 5426 et
598 5386 825 5441 quarum
861 5388 1022 5443 opera
1058 5390 1316 5443 perversa
1350 5385 1494 5431 sunt.
1532 5378 1810 5448 Tantaque

227 5463 333 5517 erit
364 5463 575 5516 miserae
594 5460 891 5517 Jerusalem
917 5466 1195 5534 correptio
1218 5475 1380 5537 atque
1405 5468 1718 5538 ignominia,
1752 5479 1809 5523 ut

224 5556 575 5618 erubescant,
600 5554 762 5608 etiam
792 5555 922 5625 ipsa:
960 5556 1286 5612 adversaria
1327 5567 1620 5628 potestates
1649 5575 1811 5629 super

227 5652 541 5706 nostrorum
576 5648 948 5717 magnitudine
973 5660 1341 5718 peccatorum.
1372 5651 1610 5707 Sublatis
1632 5663 1809 5707 autem

226 5740 569 5796 caeremoniis
599 5739 693 5795 Dei
719 5756 749 5792 a
786 5741 981 5808 populo
1016 5739 1322 5797 .iudzeorum
1347 5745 1413 5797 ad
1443 5758 1539 5797 nos
1567 5759 1688 5798 cum
1721 5760 1811 5799 sa-

228 5832 471 5890 cerdotio
488 5831 682 5886 transit
697 5839 751 5884 et
768 5830 1055 5900 legislatio,
1073 5833 1349 5905 Scriptura
1368 5834 1576 5890 dicente
1598 5853 1608 5887 :
1639 5854 1654 5884 ι
1668 5833 1807 5889 Con-

633 5925 903 5985 PATBOL.
944 5925 1075 5983 CX.

1905 2002 2170 2058 scelerum
2194 2003 2591 2073 pmnitentiam,
2633 2017 2889 2073 augemus
2927 2003 3117 2057 delicta
3160 2003 3388 2069 delictis,
3428 2016 3483 2057 et

1905 2094 2053 2149 nullo
2076 2109 2262 2149 errore
2291 2094 2568 2147 satiamur.
2615 2092 2721 2149 Sed
2757 2093 2912 2163 quasi
2939 2092 3063 2148 fune
3094 2093 3251 2163 longo
3279 2102 3334 2149 et
3360 2110 3482 2149 cor-

1903 2184 2039 2256 rigia
2080 2183 2196 2255 jugi
2237 2183 2415 2239 vitula:
2455 2185 2723 2240 trahimus
2750 2192 2993 2254 peccata,
3021 2194 3077 2240 et
3105 2193 3486 2242 testamentum

1903 2285 2149 2329 nostrum
2176 2275 2289 2329 sive
2322 2274 2732 2330 fornicationem
2776 2275 3193 2344 inuitiplicamus
3234 2277 3288 2331 in
3339 2285 3485 2332 terra

1904 2366 2180 2430 Chanaan,
2204 2379 2323 2434 qua:
2345 2365 2747 2436 interpretatur,
2777 2366 2931 2435 quasi
2964 2365 3260 2433 fluctuatio,
3284 2375 3483 2422 etcum

1905 2455 2188 2522 Chaldaeis,
2240 2456 2331 2526 qui
2374 2466 2428 2511 et
2478 2456 2577 2527 ipsi
2628 2457 2909 2513 nobiscum
2954 2466 3167 2523 sonant,
3197 2458 3349 2527 quasi
3381 2457 3486 2513 dae-

1906 2546 2107 2611 monia,
2148 2559 2464 2615 semperque
2507 2545 2733 2614 vestigia
2773 2546 3031 2603 habemus
3079 2546 3130 2599 in
3169 2544 3371 2601 sabulo.
3414 2546 3483 2599 Et

1905 2654 2195 2709 numquam
2212 2653 2498 2709 possumus
2518 2639 2717 2705 dicere,
2743 2658 2759 2689 ι
2780 2641 2969 2693 statuit
2985 2655 3144 2710 supra
3160 2648 3369 2709 petram
3384 2655 3479 2710 pc.-

1905 2732 2000 2787 des
2030 2746 2201 2795 meos,
2225 2751 2242 2781 ι
2270 2731 2751 2800 lucreticorumque
2771 2731 3124 2800 pravitatibus
3143 2730 3481 2799 subjicimur,

1906 2824 1995 2891 qui
2045 2823 2243 2877 habent
2288 2821 2693 2876 similitudinem
2746 2823 3154 2889 dmmouiorum,
3193 2822 3307 2877 sive
3350 2823 3482 2893 ipsis

1907 2914 2271 2979 daeztcnibus,
2314 2913 2382 2968 de
2424 2914 2622 2983 quibus
2673 2912 2872 2968 Paulus
2919 2914 3146 2969 scribit:
3186 2913 3343 2969 «Non
3398 2926 3483 2970 est

1906 3020 1975 3058 no
2016 3004 2061 3058 is
2099 3018 2274 3074 pugna
2316 3004 2601 3059 adversum
2645 3019 2863 3060 carnem
2910 3017 2963 3060 et
3014 3007 3346 3077 sanguinem,
3389 3008 3485 3062 sed

1908 3095 2189 3148 alversum
2228 3102 2468 3150 rectores
2512 3095 2855 3153 tenebrarum
2905 3097 3152 3163 istarum,
3199 3099 3486 3154 adversum

1907 3182 2172 3253 Spit-italia
2195 3182 2448 3252 nequitia:
2471 3182 2524 3236 in
2553 3183 2860 3238 ccelestibus
2891 3182 3105 3255 (Ephes.
3141 3184 3234 3257 vi).
3261 3205 3280 3237 ι

1986 3300 1998 3330 ι
2032 3282 2087 3335 In
2132 3297 2240 3351 quo
2282 3280 2553 3336 mundabo
2578 3295 2674 3336 cor
2700 3290 2868 3344 tuum,
2913 3280 2989 3335 ait
3032 3281 3289 3336 Dominus
3318 3283 3483 3348 Deus,

1913 3393 1930 3424 ι
1961 3388 2081 3428 eum
2104 3374 2272 3430 facias
2292 3374 2474 3430 omnia
2503 3375 2617 3430 hrec
2646 3388 2808 3444 opera
2838 3371 3081 3429 mulieris
3107 3375 3405 3431 meretricis
3429 3381 3490 3434 et

1913 3484 1927 3512 ς
1960 3464 2224 3533 procacis,
2253 3465 2377 3535 quia
2420 3444 2685 3519 fabricata
2709 3478 2767 3519 es
2798 3463 3023 3532 lupanar
3050 3472 3200 3519 tuum
3231 3465 3287 3519 in
3308 3465 3483 3536 capite

1913 3576 1929 3604 ‹
1957 3555 2132 3610 omnis
2162 3555 2279 3620 vite,
2312 3564 2367 3610 et
2394 3554 2666 3610 excelsum
2698 3563 2847 3610 tuum
2883 3553 3055 3610 fecisti
3080 3555 3139 3610 in
3178 3555 3325 3611 omni
3360 3555 3484 3626 pla-

1914 3665 1931 3695 ι
1964 3656 2068 3712 tea,
2096 3664 2196 3703 nec
2224 3648 2362 3703 facta
2404 3662 2486 3714 es,
2522 3650 2673 3719 quasi
2727 3649 2983 3703 meretrix
3022 3647 3235 3704 fastidio
3276 3663 3483 3719 augens

1915 3759 1932 3790 ‹
1964 3741 2215 3808 pretium.
2243 3760 2260 3792 ›
2292 3740 2415 3794 Hazc
2438 3741 2617 3795 omnia
2649 3740 2712 3794 ad
2741 3738 3037 3795 Jerusalem
3057 3740 3295 3810 loquitur
3318 3741 3480 3807 Deus,

1907 3833 2047 3902 quod
2093 3833 2332 3887 invenire
2369 3846 2474 3887 non
2516 3832 2695 3887 valeat
2731 3847 2838 3901 quo
2863 3840 3211 3903 aagrotantem
3240 3842 3294 3887 et
3324 3834 3487 3889 semi-

1908 3946 2095 3985 necem
2140 3921 2308 3999 possit
2338 3943 2529 3984 curare
2575 3925 2948 3989 medicamine,
2985 3921 3140 3992 juxta
3173 3922 3301 3979 illud
3341 3923 3486 3993 quod

1907 4023 2097 4077 scribit
2141 4021 2349 4076 lsaias:
2390 4039 2409 4071 ε
2437 4019 2575 4087 Quid
2606 4026 2689 4073 est
2736 4016 2878 4087 quod
2916 4015 3074 4071 debui
3120 4014 3257 4069 ultra
3306 4013 3487 4071 facere

1909 4113 2079 4167 vincte
2118 4126 2274 4175 meae,
2310 4119 2365 4165 et
2400 4125 2505 4164 non
2558 4107 2781 4163 fecerim
2804 4107 2853 4161 ei
2883 4105 3018 4177 (lsa.
3042 4105 3162 4176 v)?»
3202 4104 3271 4160 Et
3296 4104 3484 4161 Oscae:

1915 4223 1931 4253 ‹
1965 4202 2099 4269 Quid
2126 4200 2218 4255 tiii
2246 4200 2460 4263 faciam,
2485 4198 2762 4268 Ephraim,
2785 4197 2912 4267 quid
2939 4196 3131 4251 faciam
3162 4195 3291 4262 tibi,
3315 4194 3488 4251 Juda?

1910 4289 2277 4345 Misericordia
2314 4299 2513 4351 vestra,
2543 4289 2694 4357 quasi
2728 4288 2898 4345 nubes
2928 4286 3213 4351 matutina,
3242 4295 3298 4340 et
3320 4286 3486 4356 ‘quasi

1911 4396 2000 4435 ros
2044 4396 2201 4433 mane
2245 4380 2610 4450 pertransiens
2653 4375 2796 4448 (Ose.
2828 4378 2924 4449 v1).
2948 4397 2965 4428 ι
3005 4377 3310 4432 idololatria
3337 4377 3484 4432 enim

1911 4480 2002 4525 tua
2031 4485 2138 4526 non
2168 4471 2221 4524 in
2251 4468 2484 4535 occulto,
2511 4469 2604 4523 scd
2637 4477 2746 4523 tota
2771 4467 3020 4523 libertate
3056 4467 3343 4523 commissa
3381 4476 3485 4534 est,

1912 4570 1972 4617 ut
1997 4563 2050 4617 in
2073 4562 2323 4617 omnibus
2351 4562 2557 4614 viarum
2582 4559 2860 4630 principiis
2884 4566 2939 4613 et
2966 4558 3213 4628 compitis
3247 4574 3483 4628 poneres

1912 4666 2037 4709 aras
2076 4662 2130 4708 et
2168 4653 2326 4708 bases
2374 4652 2487 4707 sive
2540 4649 2809 4706 excelsum
2855 4658 3004 4703 tuum
3058 4646 3146 4719 (de
3183 4664 3291 4718 quo
3322 4663 3487 4720 supra

1913 4743 2166 4814 diximus)
2221 4742 2426 4809 faceres
2476 4742 2529 4796 in
2579 4740 2724 4796 omni
2771 4740 2968 4810 platea,
3022 4755 3120 4794 nec
3166 4740 3374 4794 imitata
3424 4754 3486 4795 es

1912 4837 2133 4893 callidas
2154 4836 2483 4899 meretrices,
2514 4850 2633 4903 quae
2660 4834 2836 4889 solent
2860 4831 3170 4887 diﬁieultate
3198 4846 3397 4903 augere
3422 4831 3488 4885 li-

1912 4928 2109 4984 bidiuis
2138 4929 2389 4999 pretium,
2428 4935 2482 4982 et
2511 4942 2576 4981 ex
2602 4927 2704 4981 hoc
2736 4926 2907 4995 magis
2933 4933 3204 4978 amatores
3244 4924 3310 4977 ad
3344 4923 3487 4977 insa-

1912 5019 2054 5072 niam
2078 5032 2390 5089 provocare.
2432 5015 2555 5071 Sive
2586 5016 2739 5085 juxta
2767 5014 3136 5083 Septuaginta,
3168 5028 3274 5067 non
3318 5012 3488 5080 fuisti,

1913 5112 2069 5179 quasi
2094 5108 2371 5173 meretrix,
2399 5122 2734 5179 congregans
2771 5105 3047 5160 mercedes
3077 5123 3088 5157 :
3122 5104 3214 5158 sed
3255 5102 3450 5159 dedisti
3470 5145 3486 5171 ,

1914 5217 2031 5270 qua:
2077 5201 2319 5268 accipere
2346 5199 2626 5261 debueras,
2658 5206 2717 5251 ut
2741 5211 2841 5251 nec
2864 5196 2917 5249 in
2942 5210 3028 5261 eo,
3056 5196 3196 5265 quod
3226 5194 3488 5249 fornicata

1913 5306 1970 5344 es
2002 5299 2056 5344 et
2096 5298 2277 5343 secuta
2309 5289 2598 5351 daemones,
2622 5301 2807 5340 eorum
2854 5284 3212 5355 protegereris
3242 5284 3443 5337 auxilio
3474 5302 3485 5336 :

1913 5379 2004 5439 sed
2030 5380 2189 5433 variis
2224 5392 2479 5448 oppressa
2518 5376 2914 5445 captivitatibus
2940 5374 3171 5429 sentires
3208 5372 3486 5428 calamita—

1919 5479 2000 5524 tes
2047 5478 2180 5524 tuas.
2228 5469 2381 5535 Quod
2428 5468 2641 5538 quidem
2669 5475 2721 5521 et
2750 5467 2815 5521 ad
2843 5480 3056 5521 onmem
3089 5466 3322 5519 animam
3345 5465 3490 5518 chri-

1918 5559 2145 5612 stianam
2184 5557 2376 5614 referri
2413 5565 2607 5627 potest,
2641 5572 2761 5626 quae
2784 5559 2997 5611 deserto
3025 5554 3169 5608 cultu
3202 5554 3319 5618 Dei,
3347 5552 3490 5607 vitiis

1918 5668 1975 5707 se
2022 5653 2246 5706 luxuriae
2286 5651 2450 5722 pollui
2473 5651 2736 5720 permisit,
2766 5657 2820 5703 et
2849 5647 3161 5702 saecularem
3192 5654 3373 5700 secuta
3401 5659 3485 5700 vt-

1919 5753 2048 5808 tam,
2076 5760 2141 5797 ne
2178 5744 2229 5797 in
2258 5758 2320 5797 ea
2345 5741 2562 5812 quidem
2604 5741 2713 5811 egit
2766 5739 3015 5802 feliciter,
3064 5734 3158 5791 sed
3193 5745 3246 5789 et
3273 5734 3492 5791 divitias

1920 5837 2188 5904 religionis
2214 5836 2465 5906 perdidit,
2511 5842 2562 5888 ct
2603 5833 2783 5888 mundi
2829 5829 3043 5885 divitias
3086 5841 3193 5881 non
3240 5824 3488 5894 accepit:

2900 5920 2978 5978 22
