3948 6350
452 402 558 460 0‘85

1092 399 1151 454 ιι.
1195 378 1703 455 nauANt‘nsuat
1743 397 2040 453 Aticnter

2158 400 2412 457 ccum.
2456 382 2739 459 ornavit
2781 402 2959 460 rans
2998 404 3059 460 η.

3628 407 3736 468 σει

454 514 634 570 Necin
660 514 1056 582 constupranda
1072 526 1135 565 ea
1162 509 1263 565 fuit
1284 510 1463 580 aliqua
1489 509 1794 575 dilIicultas,
1812 510 1905 565 sed
1927 509 2040 579 ipsa
2069 516 2117 575 Α
2151 530 2170 563 ι
2214 521 2299 567 tur
2328 514 2607 569 mercedes
2636 532 2647 567 :
2683 522 2738 568 tu
2768 524 2958 577 autem.
2980 516 3172 572 dedisti
3200 518 3503 574 mercedem
3525 524 3737 581 cunctis

455 621 514 660 se
544 606 767 675 ingessit
800 602 1133 658 amatoribus
1158 601 1292 657 suis.
1325 601 1421 656 Est
1452 612 1633 657 autem
1664 609 1719 656 ct
1740 600 1844 655 alia
1869 600 2033 657 forni-

456 696 599 751 catio
626 693 903 764 Spiritalis,
934 693 1150 763 quando
1187 692 1504 748 deserentes
1540 692 1838 747 Ecclesiam
1866 691 2039 746 haere-

457 786 579 841 ticis
610 784 911 854 jungimur,
950 792 1006 839 et
1046 782 1381 839 aedificamus
1429 783 1657 853 lupanar
1706 790 1955 837 nostrum
1984 782 2039 836 iu

456 878 635 949 capite
678 876 856 931 omnis
898 876 1019 941 vim,
1050 874 1247 944 quibus
1286 874 1531 944 prmcipit
1571 888 1750 929 sermo
1787 872 2036 927 divinus:

463 986 482 1018 ι
508 966 661 1021 State
690 967 742 1021 in
762 965 866 1020 viis
892 973 949 1020 et
973 964 1199 1035 quaerite
1239 967 1461 1019 semitas
1504 962 1717 1017 Domini
1760 963 2043 1032 sempiter-

446 1071 577 1120 nas,
615 1065 671 1111 et
709 1053 885 1110 videte
920 1070 1040 1125 quae
1060 1054 1131 1109 sit
1164 1053 1250 1107 via
1302 1053 1441 1108 bona
1464 1092 1479 1118 ,
1506 1061 1559 1106 et
1588 1051 1859 1107 ambulate
1895 1052 1949 1106 in
1976 1066 2039 1106 ea

455 1143 695 1218 (Jan-vx)
714 1188 729 1213 ,
747 1164 764 1198 ι
798 1144 967 1216 Moysi
1002 1143 1271 1211 videlicet,
1292 1142 1449 1209 Jcsu,
1474 1141 1723 1198 Judicum
1750 1136 2039 1213 et'Regum

455 1236 610 1291 libris
652 1234 900 1305 lsaiaque
951 1244 1006 1290 et
1047 1232 1305 1300 Jercmia,
1356 1243 1411 1289 et
1462 1232 1583 1287 aliis
1631 1233 1930 1304 prophetis.
1982 1231 2038 1286 ln

453 1326 705 1382 omnibus
735 1326 944 1405 viarum
970 1326 1251 1398 principiis
1281 1324 1580 1381 fabricatur
1606 1326 1833 1395 lupanar
1860 1341 2038 1391 suum,

451 1419 578 1489 quia
617 1418 688 1476 ob
728 1419 1143 1490 perversitatem
1190 1419 1480 1482 doctrinae,
1534 1418 1856 1473 testimoniis
1902 1418 2041 1473 male

452 1508 695 1564 abutitur
744 1507 1175 1579 Scripturarutn.
1228 1508 1293 1562 Et
1334 1507 1468 1568 dicit
1500 1507 1666 1565 :HIBC
1723 1509 1801 1562 ait
1851 1508 2038 1575 Isaias,

453 1600 569 1657 hazc
591 1602 727 1658 dicit
746 1601 906 1668 Osce,
938 1601 1055 1657 bzec
1077 1601 1289 1681 locutus
1315 1608 1400 1655 est
1429 1600 1661 1672 Moyses,
1692 1601 1808 1656 hinc
1828 1600 2037 1666 Daniel,

450 1699 505 1744 et
545 1688 771 1760 pulchre
801 1704 909 1747 non
942 1689 995 1743 in
1024 1688 1218 1744 mediis
1242 1687 1368 1755 viis,
1400 1704 1503 1765 nec
1533 1689 1586 1743 in
1615 1689 1823 1743 viarum
1856 1690 2043 1743 termi-

453 1783 538 1838 nis
566 1783 718 1853 ponit
762 1782 991 1859 lupanar
1027 1798 1206 1857 suum,
1244 1782 1346 1855 sed
1385 1781 1437 1836 in
1482 1782 1766 1853 principio.
1814 1782 1869 1838 Si
1895 1783 2041 1838 enim

2149 621 2167 654 ι
2215 604 2548 659 amatoribus
2577 605 2704 671 tuis,
2728 614 2782 660 et
2812 606 3050 661 donabas
3070 607 3150 662 eis
3183 615 3243 661 ut
3270 608 3541 664 intrarent
3565 614 3632 666 ad
3657 622 3735 677 te,

2151 711 2169 743 ι
2215 693 2449 762 undique
2502 696 2568 747 ad
2617 693 2993 751 fornicandum
3040 706 3263 752 tecum:
3297 697 3610 770 [actumque
3652 710 3736 756 est

2149 794 2167 825 ί
2214 784 2267 838 in
2304 792 2355 838 te
2381 794 2568 840 contra
2601 787 3367 845 consuetudinem‘mulierum
3404 792 3457 845 in
3501 792 3739 848 fornica-

2148 895 2165 927 ι
2214 875 2449 931 tionibus
2480 876 2603 930 tuis.
2636 876 2703 930 Et
2738 887 2862 946 post
2897 885 2949 931 te
2984 892 3090 933 non
3118 880 3223 933 erit
3250 879 3554 937 fornicatio.
3586 880 3641 936 In
3668 895 3740 938 eo

2147 984 2166 1015 ι
2212 964 2358 1018 enim
2383 965 2527 1033 quod
2557 964 2751 1020 dedisti
2791 966 3089 1033 mercedes,
3118 978 3173 1023 et
3198 954 3478 1027 mercedes
3512 987 3617 1027 non
3644 986 3740 1029 ac-

2149 1075 2167 1106 ι
2212 1056 2427 1125 cepisti,
2454 1056 2653 1112 factum
2685 1065 2769 1112 est
2799 1058 2851 1112 in
2890 1066 2941 1112 te
2971 1062 3321 1116 contrarium.
3353 1082 3372 1114 ι
3405 1062 3548 1124 Tulit
3572 1064 3742 1136 igitur

2141 1146 2440 1204 Jerusalem
2493 1165 2677 1204 rerum
2722 1150 2963 1215 omnium
2990 1152 3401 1220 abundantiam,
3429 1170 3592 1226 quam
3616 1156 3741 1212 fue-

2143 1253 2229 1296 rat
2277 1241 2378 1295 viri
2425 1241 2747 1297 liberalitate
2790 1243 3006 1298 donata.
3043 1244 3111 1299 Et
3165 1246 3313 1300 dedit
3358 1263 3479 1303 eam
3522 1248 3742 1317 alienis,

2142 1332 2477 1387 (Immonibus
2510 1332 2758 1388 videlicet
2800 1341 2855 1389 et
2885 1334 3058 1399 idolis,
3079 1334 3232 1405 juxta
3264 1336 3395 1392 illud
3426 1338 3567 1407 quod
3598 1339 3742 1393 scri-

2142 1434 2293 1495 ptum
2322 1434 2405 1480 est
2433 1424 2485 1478 in
2510 1422 2647 1479 Osca
2677 1444 2690 1479 :
2727 1443 2745 1475 ι
2782 1424 2847 1479 Ει
2879 1425 2993 1480 haec
3027 1442 3132 1481 non
3178 1428 3449 1497 cognovit,
3482 1429 3610 1498 quia
3637 1443 3743 1498 ego

2143 1515 2263 1572 dedi
2283 1515 2333 1570 ei
2356 1515 2592 1570 triticum
2620 1525 2675 1570 et
2695 1516 2879 1570 vinum
2905 1525 2960 1571 et
2984 1516 3187 1583 oleum,
3214 1526 3270 1573 et
3294 1530 3580 1591 argentum
3605 1519 3745 1575 mni-

2145 1605 2381 1684 tipliea‘vi
2421 1606 2490 1661 ei.
2519 1606 2792 1676 lpsa‘vero
2823 1617 3077 1680 argentea
3100 1618 3156 1665 et
3186 1625 3351 1665 aurea
3382 1609 3513 1667 fecit
3534 1610 3742 1666 Baalim

2144 1695 2291 1767 (Ore.
2319 1697 2400 1769 ll).
2440 1716 2459 1750 ι
2499 1697 2649 1753 Unde
2690 1698 2867 1753 iratus
2918 1700 3100 1755 statim
3150 1701 3357 1756 infert:
3396 1721 3415 1754 ι
3448 1701 3746 1774 Propterea

2143 1786 2433 1845 convertar
2456 1798 2512 1843 et
2537 1787 2781 1845 auferam
2807 1788 3044 1844 triticum
3068 1805 3246 1846 meum
3274 1790 3326 1845 in
3352 1799 3595 1862 tempore
3619 1807 3745 1857 suo,

453 1874 522 1930 ad
552 1874 857 1941 scientiam,
892 1883 945 1930 et
972 1874 1243 1947 profunda
1277 1875 1582 1931 divinorum
1624 1876 1845 1933 venerit
1877 1874 2041 1931 libro-
2069 1897 2116 1957 Β
2143 1887 2198 1933 et
2248 1878 2431 1951 vinum
2481 1879 2661 1934 meum
2710 1879 2764 1933 in
2810 1888 3053 1957 tempore
3104 1898 3226 1938 suo.
3267 1882 3335 1937 Et
3365 1882 3551 1938 tollam
3583 1884 3747 1939 vesri-

449 1984 595 2033 rum,
623 1982 808 2023 errare
850 1984 957 2025 non
1000 1970 1218 2040 poterit.
1260 1968 1547 2025 Excelsum
1595 1984 1809 2039 quoque
1856 1982 2037 2034 suum,

452 2063 567 2118 sive
612 2061 808 2127 basim,
852 2058 996 2115 facit’
1027 2061 1081 2115 in
1124 2060 1274 2116 omni
1318 2061 1496 2130 platea
1533 2062 1873 2117 ethnicorum
1903 2075 1960 2116 se
1987 2067 2044 2115 et

453 2141 755 2223 impiorum
791 2152 1027 2208 lascivite
1067 2152 1323 2223 vitiisque
1348 2153 1672 2223 permittens
1709 2154 1871 2209 etiam
1901 2154 2042 2207 inter

454 2243 601 2313 ipsos
638 2242 926 2297 haereticos
948 2257 1071 2299 cum
1117 2242 1187 2297 ab
1236 2243 1317 2297 eis
1359 2241 1526 2298 fuerit
1569 2244 1851 2313 deturpata
1878 2284 1892 2307 ,
1936 2259 2040 2297 non

454 2332 662 2387 habens
695 2331 949 2403 gratiam,
994 2332 1087 2388 sed
1115 2342 1308 2403 patens
1343 2334 1701 2403 contemptui,
1733 2334 1858 2403 quia
1887 2332 2044 2388 facile

453 2422 786 2494 praeteritam
834 2421 959 2479 ﬁdei
1004 2423 1238 2494 perdidit
1292 2425 1619 2479 castitatem.
1662 2423 1775 2479 Hoc
1828 2433 2038 2487 autem,

452 2515 615 2585 quod,
658 2522 719 2569 ut
760 2522 923 2584 supra
969 2514 1225 2580 diximus,
1260 2514 1313 2569 in
1342 2515 1609 2570 Hebraico
1650 2530 1758 2570 non
1789 2515 2040 2579 habetur,

452 2605 719 2660 fornicata
747 2618 807 2659 es
839 2604 1124 2674 tripliciter
1152 2605 1206 2659 in
1230 2604 1455 2673 filiabus
1476 2606 1603 2670 tuis,
1652 2606 1768 2661 sive
1796 2606 1863 2659 ad
1888 2606 2044 2661 Jeru-

452 2691 808 2760 salemjuxta
850 2693 1089 2748 litteram
1130 2694 1351 2759 dicitur,
1394 2697 1539 2765 quod
1578 2696 1726 2750 omni
1766 2710 1960 2767 genere
1988 2696 2042 2750 in

452 2787 566 2841 suis
602 2785 836 2856 oppidis,
865 2794 921 2841 et
946 2786 1138 2843 viculis
1178 2786 1447 2843 fornicata
1485 2783 1578 2853 ‘sit,
1629 2797 1685 2845 et
1729 2787 1909 2844 nullus
1963 2804 2047 2843 rc-

454 2879 717 2934 manserit
746 2878 996 2948 angulus
1040 2879 1126 2935 vel
1180 2880 1384 2950 platea,
1435 2880 1527 2935 ubi
1579 2896 1686 2936 non
1727 2880 2045 2936 idololatria:

452 2971 607 3040 signa
626 2971 951 3033 condiderit,
978 2968 1093 3027 sive
1117 2972 1375 3029 Ecclesia:
1402 2960 1859 3045 credentibusque
1887 2974 2044 3029 dece-

451 3063 582 3133 ptis,
611 3063 703 3133 qui
729 3078 834 3118 non
861 3064 1151 3119 audierunt
1181 3064 1310 3119 illud
1339 3064 1579 3136 Apostoli
1616 3084 1629 3121 :
1669 3084 1687 3117 ι
1717 3066 1841 3134 Ipse
1865 3074 2046 3121 autem

455 3156 597 3211 Dens
621 3156 770 3227 pacis
804 3155 1108 3211 sanctificet
1132 3172 1229 3212 vos
1258 3171 1355 3227 per
1384 3156 1605 3224 omnia,
1625 3165 1681 3213 et
1702 3158 1909 3228 integer
1938 3157 2047 3228 spi-

2147 1976 2330 2023 menta
2357 1984 2476 2024 mea
2506 1980 2560 2024 et
2585 1969 2900 2037 linteamina
2932 1987 3073 2039 mea,
3102 1981 3159 2028 ut
3194 1988 3301 2028 non
3330 1974 3571 2044 operiam
3600 1972 3746 2028 ultra

2146 2059 2495 2130 ignominiam
2524 2060 2665 2129 ejus.
2692 2062 2760 2117 Et
2787 2080 2931 2118 nunc
2974 2064 3227 2120 revelabn
3258 2065 3658 2120 immunditiam
3689 2066 3745 2120 in

2145 2162 2440 2221 conspectu
2480 2162 2785 2208 amatorum
2828 2154 2991 2219 illius,
3036 2164 3091 2209 et
3138 2169 3298 2210 nemo
3328 2165 3484 2211 eruet
3514 2171 3636 2211 eam
3674 2156 3747 2212 de

2147 2257 2306 2295 manu
2352 2256 2472 2297 mea
2500 2241 2711 2313 (Ibid)
2747 2242 2990 2313 Cumque
3032 2259 3222 2301 omnes
3266 2246 3523 2303 mulieres
3568 2248 3748 2303 forni-

2146 2340 2333 2385 cantes
2382 2330 2594 2385 soleant
2642 2332 2890 2402 accipere
2954 2337 3234 2389 mercedes
3290 2336 3358 2391 ab
3407 2338 3749 2393 amatoribus

2144 2422 2279 2485 suis,
2326 2420 2625 2477 Jerusalem
2673 2423 2803 2479 fecit
2850 2427 3205 2492 contrarium,
3234 2438 3292 2481 ut
3343 2429 3518 2499 magis
3565 2430 3745 2496 daret,

2145 2528 2306 2582 quam
2339 2513 2610 2599 acciperet
2644 2532 2657 2566 :
2691 2524 2750 2570 ut
2779 2515 3088 2583 largitatem
3116 2519 3384 2575 mercedis
3406 2521 3743 2579 ostenderet.

2145 2603 2481 2669 Hunorabat,
2512 2604 2705 2674 inquit,
2735 2621 2827 2661 eos
2855 2617 2914 2661 ut
2939 2609 3207 2675 venirent,
3236 2610 3304 2665 ad
3329 2625 3388 2666 se
3417 2626 3515 2682 per
3541 2613 3748 2669 circui-

2149 2701 2279 2757 tum,
2314 2688 2383 2747 ne
2423 2693 2545 2764 quis
2570 2704 2716 2749 esset
2745 2695 2975 2761 vicinus,
3007 2697 3099 2768 qui
3136 2698 3591 2770 ejusignominiae
3635 2718 3749 2757 non

2143 2785 2488 2839 misceretur.
2536 2784 2603 2839 Et
2648 2787 2866 2855 quidem
2910 2786 3212 2864 Jerusalem
3277 2790 3331 2844 in
3375 2790 3480 2847 hoc
3526 2807 3747 2863 quoque

2148 2875 2278 2930 vicit
2315 2876 2450 2930 alias
2492 2878 2831 2943 meretrices,
2858 2889 2917 2933 ut
2945 2895 3052 2934 non
3086 2879 3261 2935 solum
3292 2896 3389 2935 sua
3418 2882 3595 2946 daret,
3622 2900 3746 2955 qua:

2147 2980 2245 3035 pro
2285 2966 2392 3021 ritu
2430 2967 2778 3036 turpitudinis
2814 2968 2999 3024 labore
3026 2970 3371 3039 quaesiverat,
3417 2972 3513 3027 sed
3547 2982 3605 3027 et
3632 2989 3749 3027 mu-

2150 3073 2280 3113 nera
2320 3060 2589 3113 maritalia
2620 3061 2953 3116 amatoribus
2981 3070 3037 3116 et
3066 3062 3467 3131 stupratoribus
3496 3064 3612 3119 suis
3640 3065 3744 3119 tri-

2148 3151 2360 3206 buerct.
2391 3151 2671 3223 Tantaque
2710 3152 2812 3209 fuit
2837 3153 3105 3223 expositio
3139 3153 3398 3209 adulterae
3430 3156 3498 3210 ad
3525 3171 3744 3212 omnem

457 3247 593 3301 ritus
635 3254 817 3301 vester
857 3254 913 3301 et
954 3246 1136 3300 anima
1164 3255 1220 3301 et
1242 3261 1446 3316 corpus
1471 3246 1590 3302 sine
1625 3246 1843 3317 querela
1874 3246 2046 3301 indie
2075 3249 2119 3309 C
2152 3242 2500 3311 turpitudinis
2528 3244 2977 3315 magnitudinem,
3010 3254 3072 3315 ut
3112 3262 3218 3301 non
3250 3244 3425 3301 solum
3460 3249 3747 3317 praesenti-

456 3338 721 3394 adventus
744 3336 963 3392 Domini
992 3338 1161 3392 nostri
1186 3335 1313 3393 Jesu
1341 3346 1589 3394 servetur
1618 3336 1668 3409 (Ι
1704 3336 1883 3391 Thess.
1912 3335 1987 3406 v).
2022 3354 2041 3387 ι

447 3422 566 3487 Sed
597 3431 743 3486 omni
769 3444 969 3502 genere
1008 3428 1258 3485 fornicati
1289 3438 1415 3485 sunt
1443 3436 1500 3483 et
1528 3442 1757 3498 corpore
1783 3436 1835 3483 et
1866 3427 2048 3483 anima

456 3531 510 3579 et
532 3522 746 3592 spiritu.
770 3520 1020 3592 Legimus
1044 3521 1096 3575 in
1128 3520 1435 3577 Proverbiis
1476 3538 1488 3573 :
1534 3538 1551 3570 ι
1585 3518 1839 3575 Describe
1868 3526 2049 3573 autem

458 3614 551 3670 tibi
588 3612 871 3683 tripliciter
898 3620 958 3667 ut
985 3612 1316 3683 respondeas
1342 3626 1625 3666 sermones
1653 3609 1921 3679 veritatis,
1954 3608 2046 3679 qui

455 3712 828 3774 proponuntur
855 3701 949 3757 tibi
992 3701 1172 3773 (Prov.
1205 3702 1372 3769 xxii);
1406 3722 1423 3753 ι
1462 3709 1516 3756 et
1551 3698 1773 3769 jubetur
1806 3699 1961 3755 nobis
1989 3706 2049 3752 ut

454 3796 667 3866 eloquia
707 3794 975 3859 veritatis,
1009 3794 1057 3848 id
1098 3802 1182 3849 cst
1213 3792 1523 3864 Scripturas
1565 3801 1805 3858 sanctas,
1849 3791 2049 3846 intelli-

455 3902 645 3959 gamus
688 3885 974 3956 tripliciter
1008 3901 1020 3937 :
1056 3884 1287 3955 primum
1330 3882 1484 3952 juxta
1513 3882 1773 3947 litteram,
1808 3880 2046 3937 secundo

458 3979 631 4034 medie
658 3992 755 4046 per
797 3975 1175 4047 tr0pologiam,
1207 3974 1366 4030 tertio
1396 3962 1704 4038 sublimius,
1733 3980 1791 4027 ut
1815 3972 2048 4042 mystica

455 4079 683 4141 qumque
730 4082 1037 4123 noscamus.
1091 4065 1395 4122 Secundum
1449 4065 1686 4120 litteram
1735 4064 1863 4118 illud
1914 4071 2041 4118 est:

462 4180 482 4212 ι
516 4159 702 4229 Neque
734 4157 1082 4221 fornicemur,
1114 4157 1255 4211 sicut
1294 4156 1512 4225 quidam
1557 4169 1744 4210 eorum
1792 4152 2045 4208 fornicati

458 4259 606 4315 sunt,
636 4258 691 4305 ct
721 4250 1035 4305 ceciderunt
1054 4264 1165 4303 una
1183 4246 1269 4303 die
1296 4248 1483 4319 viginti
1515 4246 1616 4301 tria
1649 4246 1814 4301 millia
1844 4244 1896 4318 (Ι
1920 4244 2042 4325 Cor.

456 4342 536 4411 x).
574 4360 593 4393 ι
628 4341 695 4394 Et
724 4358 737 4394 :
774 4359 792 4391 ι
823 4338 998 4395 Nolite
1042 4354 1407 4403 murmurare,
1438 4338 1579 4393 sicut
1622 4338 1839 4406 quidam
1871 4353 1936 4392 ex
1966 4336 2048 4392 eis

462 4431 781 4489 murmurati
847 4439 1004 4496 sunt,
1066 4438 1137 4485 et
1180 4429 1454 4501 perierunt
1501 4429 1566 4485 ab
1624 4428 2047 4483 exterminatorc

461 4522 670 4595 (Ibid).
708 4542 727 4575 ι
761 4521 931 4576 Medic
962 4530 1143 4577 autem
1171 4531 1225 4577 et
1247 4518 1399 4587 juxta
1428 4519 1800 4588 tropoIOgiam,
1832 4519 2046 4589 quando

466 4590 769 4676 recedimus
793 4627 821 4665 a
853 4610 1031 4665 littera
1067 4609 1340 4679 paululum
1386 4608 1453 4671 ad
1489 4608 1681 4662 altiora
1728 4608 2048 4664 conscendi-
2080 4590 2126 4648 Ῑ)

384 4771 387 4775 .
468 4718 581 4757 mus
605 4702 813 4757 dicente
837 4700 1093 4771 Apostolo
1124 4719 1137 4754 :
1174 4718 1192 4751 ‹
1222 4698 1491 4768 Scriptum
1516 4706 1627 4763 est,
1659 4698 1775 4752 Non
1803 4698 2049 4770 alligabis

465 4804 523 4846 os
557 4790 678 4845 bavi
712 4790 987 4845 trituranti
1013 4788 1063 4861 (1
1092 4786 1216 4843 Cor.
1242 4788 1339 4859 ιχ).
1377 4808 1395 4839 ι
1426 4786 1730 4859 Statimque
1755 4789 2043 4858 sequitur:

470 4893 487 4924 ι
515 4880 765 4950 Nunquid
786 4881 854 4935 de
874 4879 1046 4946 bubus
1072 4895 1200 4951 cura
1218 4889 1299 4934 est
1321 4878 1467 4937 Deo?
1491 4894 1556 4932 an
1584 4888 1802 4949 propter
1823 4892 1925 4936 nos
1945 4881 2049 4935 uti-

468 4986 569 5039 que
585 4970 801 5026 locutus
823 4971 941 5025 est?
963 4964 1155 5043 (Ιὸἰά.)
1172 4970 1423 5025 Extrema
1454 4978 1651 5036 autem,
1670 4966 1738 5025 id
1759 4978 1863 5035 est,
1888 4970 2048 5026 tertia

463 5078 517 5121 et
554 5068 798 5123 sublimis
847 5082 1109 5136 sacraque
1156 5066 1531 5137 intelligentia,
1555 5068 1708 5136 juxta
1740 5066 1867 5120 illud
1906 5058 2049 5137 ejus-

467 5167 583 5214 ttcm
610 5160 847 5229 Apostoli
881 5179 891 5212 :
926 5180 943 5211 ι
982 5159 1268 5228 Propterea
1316 5158 1580 5227 relinquet
1627 5159 1785 5212 homo
1831 5158 2045 5212 Patrem

469 5262 518 5304 et
565 5260 815 5315 matrem,
865 5258 918 5304 et
961 5250 1255 5305 adhaerebit
1286 5250 1440 5303 uxori
1470 5265 1578 5303 suac
1609 5269 1619 5301 :
1652 5258 2048 5303 sacramentum

471 5342 569 5395 hoc
606 5354 858 5409 magnum
895 5350 979 5393 est
1009 5357 1021 5391 :
1056 5355 1155 5408 ego
1185 5348 1362 5393 autem
1393 5338 1513 5392 dico
1546 5339 1597 5391 in
1640 5338 1854 5392 Christo
1898 5346 1947 5391 ct
1996 5339 2048 5392 in

467 5428 704 5486 Ecclesia
748 5430 970 5499 (Ep/tes.
999 5430 1083 5499 v).
1138 5450 1156 5483 ι
1208 5430 1356 5486 Filiae
1402 5441 1581 5485 autem
1627 5431 1881 5486 Ecclesiae
1925 5440 2054 5485 sunt

468 5518 803 5586 fornicantis,
837 5523 1171 5576 credentium
1202 5524 1353 5592 prius
1380 5535 1434 5577 et
1473 5532 1593 5592 post
1622 5525 1966 5591 deceptorum
1996 5523 2048 5575 in

467 5612 656 5667 ltzercsi
686 5613 877 5665 anima:
905 5627 1132 5681 quarum
1160 5610 1315 5681 culpa
1347 5612 1577 5667 refertur
1600 5613 1666 5667 ad
1703 5622 1950 5666 matrem.

544 5721 561 5752 ι
600 5704 705 5757 Sed
748 5706 901 5772 quasi
944 5704 1135 5758 mulier
1185 5704 1449 5770 adultera,
1498 5720 1616 5773 quze
1664 5721 1826 5774 super
1875 5706 2051 5760 virum

474 5812 493 5841 ι
533 5808 685 5847 suum
712 5793 915 5849 inducit
948 5795 1171 5849 alienos.
1212 5794 1473 5849 Omnibus
1502 5795 1875 5849 meretricibus
1914 5778 2049 5849 dan-

2147 3334 2268 3399 bus,
2289 3336 2381 3390 sed
2406 3335 2566 3390 etiam
2595 3336 2790 3391 futuris
2817 3339 3195 3394 meretricibus
3217 3338 3560 3410 praeferatur.
3591 3340 3748 3397 Unde

2148 3432 2203 3479 et
2223 3434 2322 3479 nos
2344 3423 2498 3494 juxta
2512 3423 2894 3496 Symmachum
2919 3428 3261 3499 interpretati
3286 3445 3526 3497 sumus,i
3544 3440 3748 3503 etpost

2150 3524 2203 3571 te
2245 3530 2348 3570 non
2396 3516 2503 3571 erit
2529 3515 2835 3573 fornicatio.
2868 3538 2886 3570 ι
2918 3519 3219 3576 Collatione
3250 3522 3396 3577 enim
3436 3523 3545 3579 tuis
3570 3526 3749 3581 omnis

2148 3607 2401 3678 deinceps
2438 3606 2725 3664 fornicatio
2756 3609 2923 3672 levior
2960 3612 3339 3668 azstimabitur.
3378 3614 3652 3686 Quidquid
3680 3618 3750 3672 de

2148 3696 2443 3752 Jerusalem
2489 3697 2744 3764 diximus,
2776 3699 2985 3756 referre
3012 3702 3077 3756 ad
3112 3703 3399 3758 ecclesiam
3423 3705 3748 3778 animasque

2148 3788 2505 3853 credentium,
2521 3803 2641 3857 qua:
2662 3804 2882 3845 munera
2907 3792 3193 3859 maritalia,
3212 3808 3406 3849 aurum
3427 3796 3683 3852 videlicet
3696 3800 3750 3851 in

2150 3894 2332 3943 sensu,
2361 3885 2416 3933 et
2450 3887 2736 3949 argentum
2764 3880 2819 3934 in
2844 3880 3088 3951 eloquio,
3115 3893 3171 3938 et
3196 3886 3523 3942 vestimenta
3550 3888 3752 3957 quibus

2150 3968 2367 4024 fceditas
2398 3978 2581 4024 nostra
2612 3978 2667 4024 et
2699 3971 2974 4040 turpitudo
2996 3974 3227 4039 velatur,
3255 3978 3599 4033 amatoribus
3618 3978 3751 4033 dant

2150 4060 2372 4126 suis,vel
2393 4061 2683 4115 contrariis
2704 4060 3113 4120 fortitudinibus
3131 4065 3214 4120 vel
3237 4050 3512 4138 magistris
3532 4069 3753 4139 dogma-

2153 4162 2264 4206 tum
2312 4166 2687 4222 perversorum
2716 4194 2730 4219 ,
2792 4157 3009 4225 quando
3060 4166 3310 4213 asserunt
3357 4160 3496 4214 nihil
3549 4176 3752 4216 nocere

2152 4244 2511 4306 luxuriam,et
2536 4244 2807 4313 passivam
2834 4244 3131 4310 libidinem,
3145 4246 3302 4316 juxta
3330 4252 3575 4320 corporis
3602 4251 3752 4321 geni-

2150 4333 2302 4399 talia,
2324 4334 2524 4389 coitum
2553 4335 2785 4389 naturali
2815 4335 2931 4407 lege
2966 4337 3262 4406 dcposcere
3291 4358 3304 4393 :
3338 4341 3475 4396 cibis
3495 4342 3752 4399 omnibus

2150 4422 2519 4479 indifferenter
2565 4424 2845 4491 utendum,
2878 4406 2975 4495 qui
3014 4428 3080 4481 ad
3123 4428 3226 4482 hoc
3256 4426 3385 4483 facti
3410 4438 3538 4484 sunt
3567 4439 3629 4486 ut
3650 4446 3748 4487 su-

2152 4522 2387 4579 mantur,
2441 4514 2783 4583 prudentiam
2839 4516 2892 4569 in
2936 4531 3001 4573 eo
3031 4524 3238 4571 tantum
3269 4522 3654 4585 necessariam,
3687 4528 3753 4579 ut

2154 4606 2253 4660 sibi
2282 4605 2473 4675 prosit.
2504 4605 2611 4660 Nec
2635 4606 2903 4675 justitiam
2936 4607 3136 4662 habere
3162 4608 3360 4675 locum,
3390 4625 3512 4679 qua:
3556 4612 3603 4666 si
3644 4626 3748 4665 va-

2154 4696 2258 4751 leat
2289 4695 2704 4751 mendicantium
2733 4697 2828 4762 sit,
2854 4707 2909 4752 et
2938 4714 3058 4752 cum
3090 4698 3421 4769 huiusmodi,
3451 4716 3577 4770 qua:
3607 4704 3750 4759 acci-

2153 4787 2306 4856 piens
2363 4787 2563 4841 misera
2608 4785 2905 4843 Jerusalem
2959 4789 3012 4843 in
3075 4805 3181 4858 qua
3228 4790 3365 4846 visio
3414 4792 3568 4862 pacis
3626 4808 3750 4849 esse

2153 4878 2393 4941 deberet,
2408 4892 2631 4932 acumen
2650 4878 2847 4951 ingenii
2869 4888 2916 4934 et
2934 4880 3130 4950 eloquii
3149 4890 3489 4938 venustatem
3512 4884 3676 4939 vertit
3693 4886 3750 4941 in

2156 4966 2540 5043 turpitudinem
2569 4985 2579 5019 :
2604 4974 2657 5021 et
2671 4966 2767 5037 pro
2782 4969 3116 5024 amatoribus
3134 4972 3266 5035 suis,
3282 4973 3567 5028 adversum
3582 4974 3750 5030 mari-

2156 5062 2265 5108 tum
2290 5066 2477 5109 ornata
2500 5059 2760 5127 processit
2787 5058 2870 5113 his
2893 5063 3228 5116 ornamentis
3249 5063 3301 5115 in
3324 5063 3519 5131 quibus
3541 5064 3596 5118 in
3618 5064 3747 5120 boni

2155 5145 2468 5203 abusionem
2496 5164 2524 5201 a
2558 5150 2675 5201 viro
2700 5148 2879 5203 fuerat
2903 5161 3117 5207 ornata.
3162 5152 3421 5224 Quodque
3453 5158 3703 5226 sequitur
3730 5174 3746 5211 :

2232 5264 2251 5296 ι
2288 5247 2354 5301 Ει
2382 5248 2619 5302 donabas
2647 5250 2725 5303 cis
2768 5260 2826 5303 ut
2872 5252 3139 5308 intrarent
3192 5254 3259 5309 ad
3290 5264 3340 5311 te
3385 5256 3624 5327 undique
3677 5259 3746 5315 ad

2161 5355 2179 5387 ‹
2226 5335 2601 5393 fornicandum
2636 5349 2834 5394 tecum.
2866 5362 2883 5393 ι
2921 5343 3092 5398 Omne
3126 5360 3295 5415 genus
3322 5347 3593 5417 significat
3619 5363 3752 5419 pec-

2158 5436 2424 5493 catorum,
2467 5438 2525 5482 ut
2563 5446 2668 5484 non
2702 5448 2809 5486 uno
2846 5433 2912 5486 sit
2941 5444 3193 5488 contenta
3222 5435 3439 5502 delicto,
3489 5438 3583 5491 sed
3615 5454 3746 5508 pec-

2151 5518 2309 5573 candi
2332 5522 2593 5574 sustineat
2620 5520 2842 5587 famem,
2879 5533 2934 5578 et
2981 5535 3172 5580 contra
3210 5524 3334 5594 jura
3369 5536 3581 5582 natura:
3632 5544 3753 5583 om-

2152 5610 2308 5663 nibus
2353 5620 2564 5679 turpata
2616 5615 2875 5669 membris
2931 5631 3103 5685 usque
3148 5618 3405 5671 verticem
3451 5618 3750 5687 polluatur.

2226 5720 2241 5749 ι
2280 5700 2593 5770 Propterea,
2625 5704 2903 5768 meretrix,
2937 5706 3059 5758 audi
3092 5708 3313 5761 verbum
3346 5707 3582 5763 Domini.
3622 5706 3748 5763 Haec

2158 5810 2175 5842 ι
2224 5790 2351 5845 dicit
2379 5791 2634 5847 Dominus
2668 5794 2807 5849 Deus
2843 5814 2853 5847 :
2888 5796 3018 5860 Ouia
3052 5796 3277 5851 effusum
3320 5808 3406 5853 est
3448 5815 3523 5853 aes
3573 5808 3750 5859 tuum.
