3948 6332
159 361 261 415 085

1138 350 1493 407 COMMENI.
1538 349 1603 404 ΙΝ
1645 348 2102 405 EZECIIIELEM.
2143 380 2208 389 —
2251 348 2376 403 LIB.
2420 348 2527 405 ΠΙ.

3332 352 3434 408 686

161 500 179 532 ι
223 488 279 534 et
304 476 539 531 revelata
567 483 650 529 est
679 473 970 544 ignominia
1006 482 1091 525 tua
1122 472 1175 526 in
1230 470 1588 525 fornicatione
1608 544 1613 549 h
1636 478 1751 534 tua,
1780 486 1830 545 Α
1855 468 2176 536 Jerusalem,
2206 471 2332 541 quia
2364 486 2484 525 cum
2530 470 2684 526 idolis
2727 470 2989 525 fornicata
3019 478 3123 534 est,
3154 466 3281 537 quid
3315 483 3436 523 eam

165 592 180 622 ι
226 585 390 640 super
412 576 682 620 amatores
714 573 854 627 tuos,
877 573 933 615 et
952 578 1111 631 super
1128 562 1265 617 idola
1291 561 1751 616 abominatiouum

164 684 183 715 ι
232 672 444 718 tuarum
475 660 527 713 in
560 657 820 727 sanguine
853 655 1085 709 filiorum
1117 664 1329 707 tuorum
1377 667 1513 721 quos
1560 652 1752 706 dedisti

164 776 181 805 ι
229 754 330 807 eis.
366 751 503 804 Ecce
529 764 630 818 ego
678 745 1016 817 eongregabo
1054 758 1243 799 omnes
1294 752 1565 797 amatores
1613 751 1750 805 tuos,

166 866 183 895 ι
229 846 427 913 quibus
453 840 745 896 commixta
791 853 869 903 es,
902 845 956 891 et
985 852 1175 891 onmcs
1200 849 1337 916 quos
1364 834 1601 887 dilexisti
1630 848 1755 888 cum

168 954 183 983 ι
225 932 497 987 universis
530 944 665 999 quos
689 928 903 983 oderas.
934 927 995 980 Et
1027 925 1373 997 congregabo
1401 937 1495 979 eos
1526 939 1685 994 super
1705 933 1757 979 te

168 1045 184 1075 ι
230 1024 470 1091 undique
496 1031 550 1075 et
579 1021 790 1075 nudabo
816 1018 1167 1089 ignominiam
1198 1026 1343 1071 tuam
1366 1031 1552 1070 coram
1579 1016 1679 1081 eis,
1703 1024 1757 1071 et

168 1137 183 1165 ι
232 1114 491 1168 videbunt
516 1127 729 1167 onmem
769 1109 1151 1180 turpitudinem
1182 1116 1327 1161 tuam
1358 1104 1683 1176 etjudicabo
1704 1114 1758 1160 te

169 1226 185 1255 ι
223 1204 447 1274 judiciis
478 1202 845 1257 adulterarum
878 1209 932 1255 et
978 1197 1367 1253 eifundentium
1418 1196 1753 1267 sanguinem.

168 1315 185 1346 ι
236 1297 300 1349 Et
330 1293 469 1348 dabo
502 1301 553 1347 te
582 1293 635 1345 in
665 1290 926 1361 sanguine
957 1288 1157 1341 furoris
1182 1294 1235 1339 et
1287 1285 1387 1340 zeli
1438 1292 1492 1340 et
1523 1285 1662 1339 dabo
1709 1294 1760 1339 te

170 1407 187 1433 ι
237 1389 290 1441 in
320 1402 515 1440 manus
562 1399 771 1446 eorum,
803 1390 855 1436 et
901 1382 1184 1435 destruent
1232 1369 1461 1447 lupanar
1488 1386 1660 1438 tuum,
1707 1383 1762 1429 et

170 1499 187 1527 ι
238 1477 601 1532 demolientur
625 1471 982 1544 prostibulum
1015 1482 1181 1525 tuum.
1218 1467 1287 1521 Et
1314 1466 1663 1521 denudabunt
1710 1476 1761 1520 te

169 1589 187 1619 ι
236 1566 581 1621 vestimentis
612 1563 735 1627 tuis,
765 1570 820 1616 et
850 1559 1097 1614 auferent
1124 1573 1246 1612 vasa
1298 1556 1512 1631 decoris
1564 1556 1659 1609 tui.
1694 1555 1758 1609 Et

168 1678 187 1709 ‹
236 1656 617 1726 derelinquent
661 1663 712 1707 te
738 1654 934 1706 nudam
972 1650 1295 1720 plenamque
1342 1646 1653 1716 ignominia,
1708 1654 1762 1698 et

169 1768 187 1799 ε
238 1749 510 1802 adducent
539 1759 701 1816 super
728 1752 776 1797 te
804 1740 1223 1820 multitudinem,
1254 1747 1308 1793 et
1352 1736 1665 1806 lapidabunt
1713 1744 1763 1789 te

169 1860 187 1890 ι
239 1837 528 1906 lapidibus,
552 1843 607 1888 et
633 1831 957 1887 truncabunt
981 1839 1033 1883 te
1062 1827 1252 1898 gladiis
1283 1827 1412 1881 suis.
1452 1824 1519 1877 Et
1545 1824 1767 1878 combu-

170 1947 189 1978 ι
246 1935 366 1982 rent
416 1926 607 1979 domus
656 1930 773 1976 tuas
810 1920 943 1990 igni,
980 1928 1033 1982 et
1062 1917 1262 1972 facient
1305 1916 1365 1969 in
1398 1924 1449 1969 te
1472 1912 1677 1987 judicia
1712 1913 1766 1967 in

172 2042 191 2073 ι
244 2020 416 2075 oculis
439 2016 726 2072 mulierum
755 2014 1129 2084 plurimarum.
1160 2010 1228 2064 Et
1248 2009 1461 2065 desines
1483 2007 1766 2073 fornicari,

174 2132 192 2162 α
241 2122 297 2166 et
320 2108 597 2165 mercedes
620 2107 762 2160 ultra
786 2120 890 2159 non
921 2103 1095 2168 dabis,
1124 2109 1179 2155 et
1210 2096 1770 2170 requiescetindigna—

174 2220 192 2251 ι
248 2202 323 2255 tio
356 2214 475 2252 mea
504 2198 557 2251 in
592 2205 665 2261 te,
696 2205 749 2251 et
798 2192 1070 2249 auferetur
1112 2191 1258 2246 zelus
1303 2204 1455 2244 meus
1504 2194 1651 2263 arte.
1702 2187 1770 2241 Et

176 2312 194 2344 ι
249 2292 550 2361 quiescam,
583 2304 679 2341 nec
708 2286 914 2341 irascar
941 2284 1204 2352 amplius,
1232 2296 1297 2336 eo
1323 2279 1465 2349 quod
1512 2292 1618 2332 non
1649 2276 1768 2332 fue-

175 2403 194 2434 ‹
250 2382 326 2436 ris
352 2380 633 2435 recordata
670 2378 877 2432 dierum
923 2374 1298 2430 adolescentia:
1327 2381 1454 2438 tuae,
1489 2379 1545 2427 et
1572 2383 1769 2441 provo-

179 2496 196 2528 ι
251 2477 386 2532 casti
437 2491 519 2530 me
552 2476 603 2528 in
638 2474 887 2529 onmibus
912 2473 1013 2527 his.
1049 2471 1388 2540 Quapropter
1435 2477 1490 2523 et
1517 2480 1615 2539 ego
1658 2466 1774 2519 vias

177 2587 197 2620 ι
252 2577 373 2622 tuas
404 2567 458 2620 in
483 2564 657 2635 capite
692 2573 781 2618 tuo
818 2563 958 2626 dedi,
987 2562 1064 2615 ait
1100 2560 1358 2614 Dominus
1397 2559 1558 2639 Deus,
1586 2564 1774 2609 etnon

180 2679 202 2709 ι
251 2660 355 2715 feci
380 2659 534 2729 juxta
566 2656 769 2711 scelera
803 2664 913 2719 tua,
963 2654 1015 2707 in
1063 2652 1312 2707 omnibus
1360 2648 1775 2706 abominationi-

181 2770 201 2803 ι
254 2751 356 2804 bus
384 2748 509 2803 tuis.
548 2766 564 2798 ι
599 2745 837 2800 Primum
873 2744 1112 2799 historite
1153 2742 1502 2797 fundamenta
1522 2738 1773 2808 jacimus.

176 2838 323 2907 Quia
373 2838 488 2891 haec
520 2844 577 2891 et
630 2834 719 2888 illa
767 2832 972 2897 fecisti,
1000 2843 1125 2901 quae
1150 2830 1395 2900 s‘uperior
1422 2843 1601 2884 sermo
1629 2841 1777 2882 eom-

179 2930 489 3001 pnehendit.
518 2927 723 2982 Idcirco
748 2925 897 2991 audi,
929 2924 1207 2987 meretrix,
1241 2939 1360 2992 qua-
1396 2920 1611 2985 feceris,
1657 2934 1777 2990 qua:

178 3034 413 3092 passura
444 3018 539 3072 sis.
570 3015 816 3071 Effudisti
845 3030 918 3069 ωε
943 3022 1090 3068 tuum
1121 3013 1262 3082 quod
1286 3027 1317 3065 a
1364 3027 1450 3067 me
1488 3024 1778 3080 acceperas

177 3124 235 3167 et
263 3110 462 3167 dedisti
494 3107 797 3162 mercedem
825 3105 1159 3161 amatoribus
1204 3104 1331 3169 tuis,
1362 3119 1483 3173 qua:
1532 3103 1778 3173 accipere

1855 575 2138 629 passuram
2179 570 2452 630 putamus,
2504 562 2717 630 quando
2762 560 2855 615 Dei
2884 560 3078 614 Filium
3120 557 3441 633 trucidavit?

1856 652 1921 705 Et
1952 652 2085 715 inec,
2122 653 2215 714 ait,
2254 653 2505 707 universa
2535 651 2731 716 fecisti,
2759 652 2925 707 oblita
2950 650 3301 721 pristinorum
3347 648 3440 704 be-

1858 743 2195 815 neficiorum,
2240 752 2295 797 et
2331 758 2415 797 me
2456 743 2523 797 ad
2568 742 2896 797 iracundiam
2946 742 3276 812 provocasti,
3328 740 3444 796 sive

1857 835 2188 889 contristasti
2220 850 2328 900 me,
2368 849 2527 907 quem
2575 833 2731 888 bonis
2775 834 3026 903 operibus
3069 833 3336 888 debueras
3373 832 3442 885 ad

1858 928 2052 998 gaudia
2077 942 2392 997 provocare.
2423 926 2715 997 Propterea
2736 934 2791 981 et
2815 939 2912 996 ego
2938 925 3141 980 reddidi
3167 924 3258 979 tibi
3278 938 3439 994 opera

1860 1017 2019 1070 tuain
2040 1028 2205 1086 caput
2230 1026 2398 1071 tuum.
2429 1017 2495 1070 Et
2523 1032 2646 1071 cum
2677 1023 2728 1071 te
2756 1015 3093 1081 subvertere,
3118 1031 3150 1071 o
3178 1015 3442 1079 adultera,

1861 1116 2043 1162 tamen
2068 1108 2246 1162 minus
2272 1109 2324 1161 in
2346 1117 2396 1162 te
2428 1109 2521 1162 ira:
2551 1121 2705 1173 mete,
2732 1106 3017 1171 exercebo,
3049 1121 3209 1177 quam
3241 1106 3441 1161 memi—

1860 1199 1948 1261 sti,
1993 1214 2100 1268 quo
2122 1206 2175 1253 et
2205 1198 2257 1251 in
2300 1199 2402 1253 hoc
2442 1199 2623 1253 divina
2671 1198 2956 1254 clementia
3004 1198 3442 1254 demonstretur:

1840 1296 1921 1341 'ut
1941 1288 2145 1358 majOra
2176 1289 2283 1342 sint
2311 1297 2552 1357 peccata,
2586 1302 2748 1358 quam
2784 1300 2977 1357 paruae.
3006 1286 3163 1342 Juxta
3216 1285 3450 1358 tropolo~

1861 1377 2000 1447 giam
2024 1378 2201 1432 omnis
2221 1377 2399 1431 anima
2424 1377 2615 1446 accipit
2638 1392 2666 1430 a
2686 1377 2797 1431 Deo
2818 1378 3101 1446 pecuniam
3126 1375 3444 1445 spiritalem,

1856 1467 2010 1535 juxta
2059 1466 2187 1521 illud
2236 1466 2508 1537 Evangelii
2540 1464 2759 1538 (Matth.
2801 1480 2944 1533 xxv;
2977 1465 3106 1520 Luc.
3152 1463 3264 1537 xu)
3306 1466 3449 1536 qqu

1863 1558 2061 1611 dicitur
2092 1558 2144 1611 in
2173 1557 2444 1628 parabolis
2472 1557 2711 1627 quinque
2740 1564 2796 1611 et
2817 1556 2982 1611 duum
3021 1562 3076 1611 et
3102 1555 3260 1611 unius
3284 1554 3451 1610 talen-

1866 1656 2064 1711 torum,
2094 1656 2147 1701 ct
2176 1661 2453 1700 servorum
2493 1646 2681 1701 decem
2728 1658 2883 1700 mnas
2918 1644 3159 1715 singulas
3186 1644 3456 1715 accipien—

1867 1740 2021 1800 tium,
2077 1739 2168 1805 qui
2209 1752 2333 1807 cum
2377 1737 2585 1806 egerint
2620 1734 2971 1807 negligenter,
3004 1736 3276 1792 debitores
3317 1734 3456 1790 fiunt

1796 1833 1842 1891 Β
1869 1830 2056 1884 decem
2087 1828 2455 1893 denariorum,
2480 1837 2535 1883 et
2562 1827 3002 1898 quingentorum,
3029 1834 3085 1883 et
3106 1834 3325 1898 propter
3351 1826 3455 1883 hoc

1867 1919 2224 1990 praesentibus
2250 1919 2585 1974 amatoribus
2612 1933 2749 1988 quos
2795 1917 3143 1990 intelligimus
3186 1919 3458 1974 daemonas

1869 2010 2277 2079 contrariasque
2314 2010 2559 2072 virtutes,
2604 2008 2881 2065 revelatur
2904 2010 3197 2081 ignominia
3238 2007 3457 2065 Jerusa-

1870 2099 1995 2166 lem,
2028 2098 2113 2155 vel
2153 2100 2206 2154 in
2256 2100 2343 2155 die
2386 2099 2574 2169 judicii
2608 2099 2694 2155 vel
2737 2100 2793 2154 in
2840 2108 3080 2170 tempore
3126 2099 3460 2169 paenitentiae

1871 2191 2088 2261 quando
2116 2191 2500 2261 corripiuntur.
2530 2190 2594 2245 Et
2625 2191 2776 2260 prius
2803 2190 3019 2259 quidem
3050 2189 3195 2244 solus
3218 2188 3460 2259 omnipo.

1873 2292 1993 2338 tens
2034 2281 2175 2335 Deus
2204 2281 2378 2335 cernit
2416 2280 2650 2347 occulta,
2694 2280 2907 2335 dicente
2943 2293 3193 2335 sermone
3220 2276 3461 2348 Evange-

1872 2374 1979 2429 lieo
2004 2391 2017 2427 :
2046 2393 2063 2426 ι
2091 2373 2158 2427 Ει
2178 2372 2335 2427 Pater
2356 2374 2447 2443 qui
2475 2374 2618 2428 videt
2641 2372 2693 2427 in
2714 2372 3031 2429 abscondito
3058 2371 3271 2444 (Matth.
3300 2369 3399 2444 vi).
3439 2392 3456 2423 ι

1874 2468 1942 2523 Et
1960 2468 2014 2523 in
2031 2468 2139 2524 alio
2168 2467 2319 2523 loco:
2344 2487 2361 2517 ι
2389 2466 2651 2522 Scrutans
2681 2466 2843 2523 corda
2866 2474 2923 2523 et
2941 2479 3099 2521 renes
3120 2465 3263 2520 Deus
3284 2462 3460 2537 (Ρωι.

1874 2558 1993 2631 vn).
2040 2579 2069 2613 ι’
2087 2557 2152 2613 Et
2198 2560 2251 2613 in
2306 2558 2511 2629 Regum
2560 2558 2833 2615 volumine
2876 2575 2890 2612 :
2926 2575 2945 2610 ι
2985 2556 3065 2611 Tu
3114 2554 3260 2625 solus
3320 2556 3462 2612 hosti

1877 2652 2037 2709 corda
2080 2651 2314 2707 filiorum
2357 2652 2631 2706 hominum
2660 2649 2777 2723 (III
2795 2651 2922 2724 Reg.
2964 2647 3125 2719 νιιι).
3161 2666 3180 2701 ι
3236 2645 3465 2715 Quando

1878 2759 2007 2800 vero
2035 2743 2198 2800 fuerit
2222 2744 2511 2814 expletum,
2547 2760 2566 2793 ι
2612 2757 2717 2797 non
2747 2748 2832 2797 est
2872 2740 3267 2807 absconditum,
3318 2740 3463 2811 quod

1878 2849 1985 2890 non
2016 2834 2414 2900 manifestetur,
2444 2841 2499 2890 et
2552 2841 2798 2903 opertum
2842 2832 2985 2903 quod
3032 2847 3141 2887 non
3198 2830 3467 2887 reveletur

1880 2926 2095 2999 (Matth.
2127 2927 2204 2998 ι).
2247 2945 2265 2978 ι
2297 2927 2363 2981 Et
2394 2925 2447 2980 in
2474 2925 2579 2981 alio
2608 2924 2728 2980 loco
2759 2942 2773 2978 :
2811 2943 2829 2976 α
2864 2922 3041 2979 Nolite
3076 2929 3201 2978 ante
3253 2932 3467 2993 tempus

1872 3016 2118 3087 judicare
2146 3018 2315 3073 donec
2352 3015 2530 3071 veniat
2558 3015 2836 3079 Dominus,
2864 3013 2956 3082 qui
2989 3012 3315 3067 illuminabit
3337 3011 3466 3066 abs-

1882 3108 2098 3163 condita
2154 3107 2521 3170 tenebrarum,
2554 3112 2610 3159 et
2658 3101 3027 3157 manifestabit
3080 3099 3303 3156 consilia
3348 3115 3471 3155 eor-

110 3228 113 3229 ν
180 3202 475 3257 debueras.
506 3198 573 3251 Et
604 3196 921 3251 interfecisti
973 3194 1112 3249 filios
1155 3203 1295 3261 tuos,
1342 3194 1466 3247 dum
1497 3192 1590 3247 eos
1614 3190 1776 3246 offers
1804 3179 1848 3240 C
1880 3198 2028 3252 dium
2057 3217 2069 3251 ε
2103 3208 2157 3252 et
2187 3208 2313 3251 tunc
2342 3198 2460 3252 laus
2481 3195 2894 3264 eritunicuique
2926 3207 2955 3247 a
2978 3190 3088 3249 Deo
3109 3192 3156 3265 (ι
3185 3190 3421 3264 Cor.|v).
3447 3213 3465 3243 ι

181 3290 346 3345 idolis
374 3303 387 3341 :
414 3297 473 3341 ut
499 3302 605 3342 non
628 3285 800 3341 solum
826 3283 1090 3348 adultera,
1119 3284 1211 3338 sed
1236 3292 1293 3338 et
1314 3283 1583 3353 parricida
1611 3281 1779 3336 exsti-

182 3382 344 3436 teris.
376 3399 393 3430 ι
420 3363 633 3434 ldcirco
659 3377 998 3447 congregabo
1024 3391 1188 3445 super
1218 3384 1270 3430 te
1294 3389 1484 3429 omnes
1510 3384 1780 3430 amatores

183 3482 311 3528 tuas
342 3487 463 3527 cum
488 3471 682 3541 quibus
730 3467 995 3524 fornicata
1026 3483 1103 3522 es.
1140 3486 1158 3518 ι
1194 3467 1325 3521 Tam
1372 3481 1466 3521 eos
1516 3481 1653 3537 quos
1699 3464 1779 3520 di-

180 3561 391 3625 texisti,
422 3576 583 3631 quam
629 3559 749 3614 illos
778 3574 915 3630 quos
965 3558 1179 3612 oderas.
1210 3557 1277 3610 Et
1320 3556 1682 3611 adulterarum
1726 3564 1780 3609 te

182 3652 311 3723 lege
347 3652 579 3715 nudabo,
612 3660 671 3705 ut
704 3665 894 3704 onmes
920 3649 1140 3707 videant
1170 3648 1556 3717 turpitudinem
1608 3656 1779 3712 tuam,

181 3756 242 3801 et
283 3743 560 3814 genitalia,
595 3750 815 3811 propter
844 3756 963 3809 quae
990 3739 1142 3808 prius
1168 3739 1372 3793 amoris
1412 3739 1646 3793 amentia
1699 3738 1779 3793 fe-

186 3836 477 3891 rebantur.
504 3831 627 3887 ch
656 3834 835 3885 autem
865 3831 1045 3884 omnia
1069 3844 1167 3899 per
1190 3828 1561 3897 metaphoram
1596 3827 1783 3882 nmlie—

187 3927 268 3982 ris
298 3924 559 3980 adulterae
589 3933 645 3978 et
669 3921 969 3984 homicidae,
1001 3934 1121 3989 quae
1148 3934 1252 3973 non
1282 3918 1453 3972 solum
1484 3925 1670 3973 contra
1699 3918 1784 3971 vi-

186 4031 315 4073 rum
348 4028 503 4069 suum
534 4012 797 4067 fornicata
828 4012 919 4075 sit,
950 4012 1043 4065 sed
1072 4018 1126 4064 et
1154 4008 1290 4064 filios
1316 4008 1668 4077 interfecerit,
1700 4007 1783 4062 di-

189 4114 397 4162 cuntur
445 4103 513 4157 ad
555 4101 877 4157 Jerusalem.
928 4094 997 4155 Et
1039 4100 1182 4169 quod
1238 4100 1627 4170 congreganda:
1679 4099 1788 4154 sint

188 4196 469 4251 universae
491 4202 680 4264 gentes
709 4192 996 4247 adversum
1027 4206 1168 4255 eam,
1202 4206 1431 4260 quarum
1481 4190 1789 4244 adoraverit

190 4287 367 4351 idola,
396 4284 658 4340 et-omnia
699 4284 795 4338 Dei
826 4296 1050 4336 munera
1079 4283 1131 4335 in
1168 4280 1372 4335 cultum
1416 4292 1605 4334 eorum
1653 4294 1785 4333 con—

190 4376 447 4439 verterit,
480 4383 536 4429 et
564 4375 874 4432 destruatur
904 4370 1159 4442 templum
1189 4371 1339 4436 Baal,
1368 4380 1424 4425 et
1471 4386 1579 4424 ara:
1612 4369 1789 4425 omnis

193 4466 439 4520 civitatis
466 4464 715 4519 incendio
753 4464 1153 4525 subvertantur,
1203 4460 1442 4530 nihilque
1495 4460 1547 4513 in
1585 4475 1647 4514 ea
1700 4475 1786 4514 re-

194 4564 439 4611 maneat.
470 4554 537 4608 Et
558 4554 697 4609 sicut
719 4554 894 4609 solent
919 4564 1109 4609 contra
1140 4552 1439 4615 adulteram
1476 4566 1665 4606 omnes
1709 4552 1786 4606 la-
1818 4524 1867 4583 D

193 4648 356 4716 pides
372 4646 578 4716 jacere,
602 4653 657 4700 et
678 4645 948 4699 trucidare
976 4647 1340 4709 meretricem,
1368 4653 1427 4697 ut
1457 4644 1787 4713 singulorum

193 4737 517 4791 vulneribus
553 4736 853 4799 occidatur,
886 4736 958 4788 ita
989 4743 1048 4788 ut
1068 4750 1257 4790 omnes
1286 4734 1539 4789 mulieres
1574 4735 1793 4789 videant

195 4842 421 4899 paenam
452 4826 754 4896 fornicariae
780 4845 792 4879 :
823 4827 903 4881 sic
932 4827 983 4880 in
1014 4835 1301 4895 conspectu
1334 4826 1560 4880 aliarum
1600 4827 1653 4879 in
1680 4827 1789 4881 cir-

196 4919 354 4974 cuitu
404 4918 684 4972 civitatum
742 4927 797 4971 et
837 4918 1077 4971 omnium
1119 4917 1395 4971 nationum
1442 4917 1790 4971 deserendam

196 5005 523 5062 Jerusalem.
554 5006 623 5060 Et
676 5008 777 5061 hoc
813 5006 950 5069 fieri,
976 5015 1035 5059 ut
1059 5006 1270 5061 desinat
1299 5004 1578 5069 fornicari,
1602 5013 1656 5059 et
1684 5019 1790 5058 non

200 5100 294 5153 det
342 5098 481 5153 ultra
524 5100 798 5153 mercedes
845 5099 1179 5152 amatoribus
1212 5098 1345 5160 suis,
1395 5108 1449 5151 et
1489 5096 1795 5165 requiescat

202 5188 508 5259 indignatio
538 5188 652 5253 Dei,
685 5205 784 5244 nec
812 5189 1075 5243 irascatur
1103 5188 1171 5248 ei,
1212 5204 1372 5256 quam
1406 5203 1591 5242 amare
1622 5187 1793 5242 desie—

202 5281 296 5333 rit.
346 5280 421 5332 Ex
456 5296 562 5349 quo
588 5281 941 5349 perspicimus
972 5281 1230 5349 grandem
1259 5278 1669 5339 oﬂ'ensam,essc
1694 5294 1790 5332 ne-

203 5385 478 5439 quaquam
508 5386 689 5424 curam
709 5372 893 5426 haberi
919 5386 946 5423 a
977 5371 1107 5433 Deo,
1136 5372 1227 5425 sed
1256 5371 1489 5440 permitti
1518 5370 1791 5424 hominem

205 5461 507 5515 sceleribus
534 5462 646 5516 suis
675 5471 835 5532 atque
860 5464 1119 5533 peccatis.
1179 5482 1195 5513 ι
1230 5462 1545 5527 Auferetur,
1599 5463 1789 5533 inquit,

206 5552 358 5606 zelus
375 5568 524 5607 meus
541 5569 567 5605 a
603 5556 1107 5623 te,ctrequieseam,
1138 5570 1237 5609 nec
1263 5557 1470 5609 irascar
1490 5552 1737 5623 amplius,
1771 5573 1787 5603 ι

209 5644 363 5711 quasi
395 5644 601 5705 alienae,
636 5654 687 5699 et
714 5661 832 5714 qua:
858 5662 889 5699 a
917 5662 1001 5700 me
1026 5650 1338 5713 recesserit,
1377 5655 1431 5701 et
1455 5662 1615 5715 quam
1645 5654 1797 5699 aiter-

211 5750 295 5789 ωε
350 5737 663 5790 tradiderim
706 5739 955 5792 nuditati.
1010 5739 1065 5793 Si
1115 5750 1293 5795 autem
1353 5741 1453 5794 hoc
1502 5753 1661 5807 passa
1714 5745 1796 5791 est

1880 3288 1947 3341 Et
1967 3302 2090 3342 cum
2113 3286 2469 3356 correptionis
2483 3294 2693 3354 tempus
2707 3282 3003 3349 advenerit,
3021 3290 3150 3339 tunc
3166 3282 3474 3353 implebitur

1882 3364 2011 3433 illud
2038 3377 2190 3433 Osca:
2210 3391 2229 3429 :
2267 3396 2285 3428 ι
2322 3375 2475 3433 Nunc
2502 3376 2978 3432 circumdederunt
3002 3390 3096 3432 eos
3117 3376 3475 3448 cogitationes

1882 3482 1993 3525 ante
2020 3466 2163 3540 (Ou.
2193 3465 2344 3536 νιι).»
2372 3467 2439 3521 Ει
2461 3468 2516 3521 in
2543 3466 2649 3522 alio
2679 3466 2798 3522 loco
2832 3484 2844 3519 :
2875 3484 2894 3517 ι
2932 3464 3076 3520 inter
3101 3481 3159 3521 se
3188 3467 3470 3538 cogitatio-

1883 3560 2042 3616 nibus
2063 3560 2444 3614 accusantibus
2487 3558 2603 3613 sive
2637 3555 3045 3612 defendentibus
3063 3556 3115 3611 in
3142 3557 3228 3612 die
3254 3560 3469 3627 quando

1877 3650 2084 3721 judicat
2115 3650 2253 3703 Deus
2280 3647 2593 3702 abscondita
2618 3646 2893 3701 hominum
2921 3644 3097 3717 (Rom.
3133 3644 3217 3719 η).
3245 3646 3313 3701 Et
3356 3662 3474 3701 rur-

1884 3757 2001 3797 sum
2032 3759 2045 3793 :
2078 3758 2096 3790 «
2133 3740 2271 3794 Ecce
2290 3741 2451 3795 homo
2472 3747 2526 3793 et
2554 3753 2715 3808 opera
2742 3738 2859 3808 ejus
2883 3746 3009 3793 ante
3032 3736 3226 3793 faciem
3252 3738 3414 3795 illius.
3451 3762 3469 3790 ι

1884 3833 1951 3901 Et
1975 3832 2231 3888 videbunt
2250 3834 2441 3886 ‘omnes
2474 3830 2859 3899 turpitudinem
2887 3828 3020 3898 ejus,
3052 3830 3144 3899 qui
3175 3830 3323 3899 prius
3350 3846 3472 3886 cum

1886 3938 1950 3979 ea
1989 3922 2203 3978 fuerant
2231 3920 2502 3976 fornicati.
2533 3920 2601 3974 Et
2626 3919 2774 3975 dabit
2802 3934 2921 3975 eam
2946 3921 3088 3976 Deus
3124 3920 3180 3975 in
3212 3921 3473 3992 sanguine

1887 4010 2085 4067 furoris
2108 4018 2165 4064 et
2209 4009 2312 4065 zeli
2344 4028 2357 4064 :
2388 4008 2586 4065 Plenus
2626 4018 2713 4064 est
2755 4009 2901 4064 enim
2941 4009 3094 4065 furor
3134 4010 3237 4065 viri
3285 4019 3474 4066 contra

1886 4092 2110 4156 uxorem
2142 4100 2460 4165 adulteram,
2514 4107 2568 4155 et
2612 4098 2758 4154 nullo
2804 4100 2978 4170 pretio
3032 4109 3212 4169 potest
3257 4100 3472 4166 redimi.

1890 4192 2125 4263 Sanguis
2149 4201 2327 4247 autem
2358 4192 2587 4246 filiorum
2622 4192 2698 4247 sic
2728 4192 2948 4261 intelligi
2978 4200 3180 4261 potest,
3228 4199 3289 4246 ut
3336 4189 3475 4246 ﬁlios

1889 4282 2219 4353 appellemus
2262 4281 2561 4337 Jerusalem
2615 4282 2976 4352 cogitationes
3036 4284 3226 4354 bonas,
3275 4298 3397 4354 qua
3442 4300 3475 4340 a

1890 4351 1999 4430 Deo
2024 4374 2334 4429 hominibus
2362 4373 2538 4428 insita:
2563 4351 2730 4429 sunt:
2762 4389 2898 4443 quos
2938 4351 3473 4432 interﬁcit/adultera

1891 4467 2104 4537 quando
2126 4467 2193 4521 ad
2232 4466 2373 4521 mala
2418 4477 2580 4535 opera
2624 4465 2927 4520 declinarit.
2978 4464 3203 4521 Prodest
3259 4481 3474 4536 quoque

1891 4557 2214 4624 Jerusalem,
2237 4566 2294 4612 ut
2314 4557 2631 4613 suffodiatur
2651 4557 2877 4627 lupanar
2898 4558 3014 4624 ejus
3036 4567 3090 4613 et
3112 4573 3271 4613 omne
3302 4556 3471 4613 fomi-

1894 4650 2123 4706 cationis
2146 4649 2261 4719 ejus
2287 4650 2634 4706 seminarium
2671 4652 3003 4706 destruatur.
3038 4648 3171 4705 Cum
3197 4650 3339 4705 enim
3371 4650 3473 4705 hoc

1896 4738 2095 4796 factum
2119 4740 2298 4805 fuerit,
2324 4740 2600 4795 mercedes
2617 4740 2755 4794 ultra
2776 4756 2881 4795 non
2903 4741 3072 4805 dabit,
3094 4751 3148 4795 et
3173 4741 3473 4811 requiescet

1895 4829 2324 4901 Dei'indignatio,
2356 4838 2411 4884 et
2437 4844 2773 4899 nequaquam
2795 4844 2913 4885 eam
2942 4830 3305 4895 zelabitur,de
3332 4829 3473 4885 illius

1896 4920 2145 4974 castitate
2166 4935 2407 4983 securus,
2440 4920 2685 4975 videlicet
2704 4920 2859 4991 juxta
2883 4936 2996 4986 eos,
3040 4921 3129 4990 qui
3172 4920 3225 4975 in
3274 4922 3469 4976 bonam

1894 5018 2100 5079 partem
2140 5010 2431 5079 accipiunt,
2459 5026 2577 5078 qua:
2601 5010 2869 5076 dicuntur.
2896 5009 2999 5063 Alii
3044 5025 3192 5075 vero,
3226 5019 3284 5063 ut
3309 5025 3469 5080 supra

1895 5100 2148 5165 diximus,
2180 5101 2247 5155 ad
2279 5101 2607 5155 contrariam
2638 5110 2845 5171 partem
2877 5101 3136 5167 referunt,
3165 5110 3225 5155 ut
3266 5118 3473 5171 magna:

1895 5192 1989 5246 ira:
2016 5192 2110 5247 Dei
2138 5193 2229 5258 sit,
2264 5207 2368 5245 non
2401 5193 2581 5257 irasci,
2605 5208 2725 5247 eum
2762 5193 2925 5247 semel
2948 5195 3330 5263 contempserit
3359 5193 3471 5249 for-

1896 5284 2189 5349 nicantem,
2238 5293 2292 5337 et
2320 5284 2385 5338 de
2412 5284 2581 5337 salute
2612 5284 2753 5337 illius
2804 5285 3123 5352 desperarit.
3159 5284 3253 5338 Sin
3292 5293 3471 5339 autem

1898 5375 2166 5438 haeretici,
2210 5375 2300 5443 qui
2341 5383 2495 5429 vetus
2536 5391 2640 5427 non
2696 5374 2962 5441 recipiunt
3009 5374 3427 5429 lnstrumentum
3457 5418 3471 5439 ,

1890 5462 2042 5531 juxta
2066 5462 2414 5534 Septuaginta
2455 5463 2746 5517 editionem
2788 5463 2841 5515 in
2880 5464 2982 5517 hoc
3018 5462 3135 5517 loco
3187 5465 3477 5534 reprebet—

1898 5553 2075 5607 derint
2103 5553 2231 5607 illud
2268 5555 2408 5623 quod
2432 5555 2629 5610 dictum
2669 5564 2751 5608 est
2785 5572 2797 5607 :
2832 5572 2849 5604 ι
2894 5554 2961 5608 Et
2984 5556 3342 5609 contristabas
3388 5572 3475 5611 n;e

1898 5643 1951 5695 in
1981 5643 2229 5697 omnibus
2256 5643 2390 5709 istis,
2427 5662 2445 5695 ι
2474 5659 2539 5697 eo
2584 5644 2726 5713 quod
2775 5645 2914 5698 Deus
2963 5658 3068 5697 non
3122 5644 3295 5698 solum
3337 5645 3475 5698 iram

1902 5732 2141 5801 recipiat,
2194 5734 2284 5787 sed
2334 5743 2387 5788 et
2423 5735 2641 5788 maerori
2692 5732 2967 5802 snbjaeeat
3010 5740 3173 5803 atque
3216 5734 3474 5791 tristitia.
