3948 6354
466 346 585 403 Ὃ87

1121 348 1180 404 Β.
1225 351 1475 406 ΗΛΒΑΝΙ
1515 348 1731 405 ΜΑῑ-ίυ
1769 346 2077 404 ΛΗΟΗιΕΡ.

2182 346 2440 431 ecum;
2483 346 2767 404 omum
2810 346 2988 401 l‘AltS
3024 346 3087 401 ιι.

3656 344 3763 401 688

476 466 883 535 interrogemus
906 481 1018 531 eos,
1051 467 1321 535 quomodo
1357 466 1488 521 illud
1529 464 1862 534 suscipiant,
1919 463 2065 534 quod
2093 474 2139 530 Α
2170 462 2410 527 morrha,
2459 462 2665 517 Adama
2708 471 2763 517 et
2791 462 2995 516 seboim
3027 461 3207 516 divino
3246 462 3424 515 fuerat
3458 462 3582 531 igne
3617 463 3764 519 dele-

476 565 629 628 eerte
670 556 795 611 boni
842 554 936 611 Dei
967 554 1276 610 mandatum
1306 566 1429 611 est:
1463 574 1482 606 ι
1519 554 1695 609 Nolite
1741 554 2067 608 contristare

478 647 742 717 Spiritum
773 655 1016 702 sanetum
1047 646 1141 702 Dei
1165 646 1219 700 in
1247 662 1354 717 quo
1384 646 1579 717 signati
1609 644 1743 700 estis
1768 645 1821 699 in
1848 643 1935 699 die
1981 658 2069 698 re-

478 740 799 811 demptionis
825 738 1039 812 (Ephes.
1068 740 1167 809 ιν).
1209 760 1227 791 ι
1258 736 1529 808 Quidquid
1558 737 1704 793 enim
1739 735 1978 791 dixerint
2011 734 2066 788 in

477 832 849 887 defensionem
876 829 1020 885 illius
1047 830 1363 895 testimonii,
1389 829 1493 883 hoc
1537 842 1637 883 nos
1664 827 1717 882 in
1744 825 2068 881 satisfactio-

477 937 599 977 nem
626 922 910 992 praesentis
934 920 1202 978 sermonis
1224 920 1545 991 aptabimus.

558 1032 576 1066 l
617 1014 685 1069 Et
710 1027 840 1069 ecce
875 1012 1055 1072 omnis
1077 1011 1170 1083 qui
1196 1010 1325 1066 dicit
1354 1009 1512 1079 vulgo
1536 1006 1903 1078 proverbium,
1932 1005 1987 1059 in
2018 1012 2071 1059 te

484 1125 500 1154 ι
545 1112 788 1160 assumet
810 1104 939 1160 illud
962 1103 1180 1159 dicens:
1211 1100 1365 1157 Sicut
1389 1109 1586 1165 mater,
1609 1099 1683 1153 ita
1706 1109 1759 1156 et
1786 1097 1895 1153 ﬁlia
1918 1095 2065 1166 ejus;

485 1216 502 1245 ε
552 1195 659 1251 ﬁlia
688 1195 881 1251 matris
910 1203 1014 1250 tua:
1047 1209 1127 1260 es,
1174 1208 1294 1264 qua:
1328 1190 1557 1262 projecit
1587 1190 1766 1244 virum
1818 1203 1977 1243 suum
2017 1196 2073 1241 et

485 1307 501 1337 ι
550 1286 689 1342 ﬁlios
713 1300 881 1342 suos:
916 1293 973 1340 et
1010 1299 1166 1341 soror
1188 1298 1438 1339 sororum
1464 1290 1702 1343 tuarum,
1741 1295 1861 1349 quae
1896 1276 2073 1348 proje-

485 1398 501 1426 ‹
551 1376 914 1449 oeruntviros
940 1390 1067 1431 suos
1096 1382 1151 1430 et
1194 1373 1336 1429 ﬁlios
1369 1387 1515 1427 suos.
1556 1391 1574 1423 ι
1610 1370 1739 1425 Post
1789 1372 2070 1443 κατάλογον

479 1465 733 1520 vitiorum
755 1474 811 1519 et
850 1463 1210 1535 correptionis
1238 1460 1538 1518 Jerusalem
1582 1475 1681 1529 per
1716 1474 1877 1529 quam
1905 1468 2075 1515 retra-

480 1555 627 1629 hitur
653 1556 722 1613 ad
751 1555 1000 1621 salutem,
1051 1562 1268 1625 aptatur
1303 1553 1353 1607 ei
1400 1552 1591 1606 tritum
1632 1550 1776 1621 vulgi
1823 1565 2073 1605 sermone

474 1636 822 1719 proverbium
858 1668 869 1701 :
904 1649 1017 1703 sive
1044 1657 1105 1712 ut
1143 1646 1495 1719 Septuaginta
1534 1645 1929 1701 transtulerunt
1972 1658 2071 1713 pa-

476 1740 668 1795 rabola
701 1758 713 1793 :
747 1738 934 1807 Qualis
963 1746 1143 1793 autem
1172 1746 1349 1793 mater
1378 1736 1502 1791 talis
1527 1748 1583 1791 et
1615 1735 1745 1789 ﬁlia.
1778 1733 1948 1788 Mater
1973 1747 2070 1786 au-

2173 560 2245 607 ta.
2279 551 2450 607 Media
2490 561 2673 606 autem
2710 552 2851 605 inter
2876 550 3011 605 duas
3040 565 3257 606 sorores
3284 550 3607 621 Jerusalem,
3640 566 3764 621 quar-

2169 641 2275 698 alio
2308 643 2526 697 nomine
2562 642 2863 712 appellatur
2895 640 3051 708 Juda,
3084 657 3113 695 a
3153 642 3421 697 Chaldaeis
3460 641 3623 698 ducta
3675 655 3761 698 est

2170 734 2249 789 in'
2292 732 2641 804 Babylonem.
2701 732 2976 802 Multoque
3034 732 3336 789 Jerusalem
3408 733 3762 789 sceleratiora

2169 826 2434 897 pebcavit,
2465 842 2625 896 quam
2658 826 2904 881 Samaria
2935 835 2989 881 et
3015 828 3246 882 Sodoma
3292 830 3347 883 in
3376 830 3574 900 templo
3625 832 3762 886 ado-

2170 914 2311 973 rans”
2340 917 2539 972 idolum
2575 918 2695 982 zeli,
2727 929 2781 972 et
2824 928 3011 988 postea
3037 919 3132 973 Dei
3166 919 3360 974 Filium
3405 922 3760 979 interﬁciens.

2168 1009 2341 1065 Porro
2367 1010 2665 1065 secundum
2720 1010 3078 1081 tropologiam
3132 1012 3381 1066 Samaria
3424 1021 3479 1068 et
3503 1013 3765 1074 Sodoma.

2172 1101 2226 1157 id
2245 1110 2351 1168 est,
2380 1103 2621 1171 haeretici
2645 1112 2699 1158 et
2725 1103 2925 1159 ethnici
2960 1120 3100 1175 sazpe
3145 1104 3347 1159 leviora
3378 1107 3763 1173 committunt,

2172 1207 2334 1260 quam
2363 1194 2419 1247 hi
2450 1193 2541 1263 qui
2563 1202 2822 1263 putantur
2848 1191 3170 1259 Jerusalem,
3223 1194 3328 1249 hoc
3371 1203 3475 1261 est,
3509 1198 3769 1252 ecclesia-

2172 1282 2317 1337 stici.
2378 1281 2530 1337 Unde
2578 1282 2641 1337 ad
2675 1280 3003 1337 ‘Corinthios
3053 1282 3271 1348 dicitur,
3323 1285 3415 1354 qui
3470 1285 3770 1340 credebant

2172 1374 2390 1443 quidem
2410 1375 2462 1429 in
2481 1373 2779 1438 Christum,
2798 1374 2891 1429 sed
2907 1374 3061 1428 malis
3075 1376 3327 1445 operibus
3345 1377 3734 1446 premebantur
3752 1395 3765 1429 :

2180 1484 2196 1515 ι
2252 1463 2485 1520 Omnino
2513 1464 2733 1519 auditur
2782 1465 2924 1519 inter
2957 1480 3049 1520 vos
3080 1464 3389 1530 fornicatio,
3422 1475 3477 1520 et
3506 1467 3629 1522 talis
3659 1466 3769 1521 for-

2174 1557 2397 1623 nicatio,
2427 1556 2602 1627 qualis
2632 1572 2732 1611 nec
2760 1557 2901 1611 inter
2942 1566 3130 1627 gentes
3177 1556 3228 1627 (I
3265 1555 3388 1611 Cor.
3436 1557 3515 1627 v),
3572 1566 3679 1612 etc.
3744 1579 3763 1609 ι

2176 1649 2363 1705 Solent
2390 1648 2654 1714 hmretiei,
2684 1648 2776 1718 qui
2804 1659 2980 1702 tamen
3008 1658 3163 1703 vetus
3212 1649 3513 1718 suscipiunt
3555 1649 3767 1702 Instru-

2176 1749 2442 1805 mentum,
2469 1741 2603 1796 tales
2632 1753 2855 1796 naturas
2885 1738 2951 1797 ex
2984 1742 3087 1797 hoc
3135 1741 3252 1796 loco
3283 1742 3583 1812 intelligere
3614 1762 3627 1796 :
3654 1744 3767 1814 spi-

482 1840 590 1885 tem
638 1829 939 1899 Jerusalem
986 1831 1129 1888 sicut
1174 1845 1337 1901 supra
1391 1838 1447 1885 et
1509 1829 1565 1885 in
1618 1825 2071 1896 consequentibus
2099 1836 2146 1896 B
2173 1833 2407 1895 ritalem,
2433 1831 2745 1897 animalem,
2774 1842 3068 1886 terrenam.
3098 1831 3167 1885 Et
3199 1832 3497 1902 spiritalem
3526 1832 3770 1888 referunt

480 1924 742 1992 scriptum
776 1918 861 1977 est
892 1941 904 1977 :
937 1921 1155 1979 Cethaea
1186 1920 1508 1992 appellatur,
1556 1919 2071 1989 interpretaturque,

482 2016 781 2082 insaniens,
813 2014 930 2069 sive
944 2014 1006 2087 in
1041 2013 1337 2069 amentiam
1358 2019 1601 2077 vertens,
1630 2025 1728 2081 per
1746 2025 1865 2080 quae
1893 2005 2076 2064 saeculi

482 2104 643 2175 hujus
668 2102 939 2159 incentiva
977 2110 1373 2167 monstrantur,
1405 2114 1524 2171 quae
1545 2099 1816 2171 captivam
1838 2100 2074 2153 animam

482 2193 688 2247 ducunt
716 2178 792 2248 ad.
820 2191 1125 2258 interitum,
1177 2200 1233 2246 et
1261 2207 1290 2245 a
1322 2192 1441 2245 viro
1466 2205 1565 2245 suo
1602 2199 1875 2260 separant.
1919 2189 2075 2250 Haud

482 2270 703 2339 dubium
735 2284 865 2354 quin
892 2283 1115 2347 verbum
1145 2283 1240 2338 Dei
1287 2282 1638 2351 doctrinaque
1664 2282 1897 2337 dicatur.
1957 2303 1975 2334 ‹
2013 2284 2077 2338 Ει

480 2390 639 2430 soror
664 2390 912 2431 sororum
952 2383 1186 2430 tuarum.
1226 2395 1244 2427 ι
1282 2375 1349 2429 Et
1377 2384 1499 2446 post
1549 2373 1828 2444 paululum
1884 2374 2075 2429 lecturi

482 2482 693 2533 sumus,
719 2465 953 2522 Sodoma
985 2475 1209 2524 vocatur
1237 2474 1291 2523 et
1325 2465 1597 2530 Samaria,
1626 2480 1855 2535 quarum
1902 2466 2074 2521 altera

469 2540 740 2627 gentilem
763 2557 930 2611 vitam
958 2556 1337 2627 luxuriamque
1364 2552 1633 2627 signiﬁcat
1659 2572 1670 2607 :
1693 2554 1861 2608 altera
1906 2555 2077 2610 hzere-

476 2647 715 2702 ticorum
742 2646 1035 2719 decipulas.
1069 2632 1269 2710 Porro,
1304 2646 1445 2715 quod
1488 2646 1540 2699 in
1569 2644 1920 2716 Septuaginta
1934 2645 2078 2717 .legi—

482 2726 609 2799 tur:
644 2765 662 2793 ι
698 2741 927 2798 Sorores
970 2734 1219 2813 sororum
1271 2750 1508 2805 tuarum,
1544 2759 1563 2791 ι
1610 2754 1730 2813 qua:
1761 2739 2076 2810 repulerunt

481 2838 630 2916 viros
658 2852 807 2904 suos,
847 2845 902 2910 et
928 2836 1069 2894 ﬁlios
1094 2852 1240 2908 suos,
1287 2851 1394 2893 non
1434 2836 1598 2891 habet
1635 2848 1875 2890 sensum.
1930 2816 2076 2901 Quas

470 2932 631 2987 enim
656 2931 791 2987 alias
829 2945 1045 2995 sorores
1072 2930 1345 2986 habebant
1390 2927 1624 2984 Sodoma
1674 2936 1729 2981 et
1782 2923 2031 2981 Samaria
2060 2962 2075 2988 ,

478 3038 603 3093 qum
630 3038 849 3088 sorores
890 3032 1016 3078 sunt
1058 3021 1401 3077 Jerusalem?
1444 3021 1510 3075 Et
1563 3021 1667 3075 hoc
1705 3017 2074 3089 quaerendum,

483 3128 620 3189 quos
645 3114 788 3169 viros
817 3112 1051 3168 Sodoma
1077 3110 1435 3181 Samariuque
1465 3110 1791 3175 dimiserint,
1839 3115 1896 3163 et
1940 3119 2077 3177 quos

2177 1922 2245 1977 ad
2290 1920 2610 1987 Jerusalem,
2658 1921 2944 1976 animalem
2992 1920 3060 1976 ad
3110 1921 3432 1988 Samariam,
3494 1932 3767 1979 terrenam

2174 2014 2242 2068 ad
2274 2012 2588 2068 Sodomam.
2621 2012 2769 2081 Quos
2798 2013 3039 2068 breviter
3060 2013 3469 2082 interrogemus,
3495 2016 3770 2083 quomodo

2174 2112 2288 2160 tres
2312 2114 2517 2159 naturae
2547 2105 2827 2175 spiritalis,
2852 2105 3125 2169 animalis,
3148 2113 3203 2159 et
3229 2114 3465 2170 terrena,
3511 2123 3633 2176 quae
3662 2106 3771 2163 uti-

2175 2210 2281 2264 que
2316 2195 2459 2250 inter
2490 2210 2549 2249 se
2578 2195 2803 2249 diversa:
2834 2204 2979 2259 sunt,
3026 2211 3189 2249 unam
3222 2203 3450 2249 matrem
3498 2207 3552 2250 et
3599 2213 3769 2253 unum

2174 2294 2384 2354 patrem
2411 2287 2610 2341 habere
2639 2286 2906 2349 dicantur,
2940 2287 3083 2355 quod
3119 2286 3413 2357 ﬁngmento
3436 2296 3629 2343 eorum
3660 2306 3764 2345 non

2175 2376 2446 2446 congruit.
2493 2376 2560 2431 Et
2604 2375 2877 2447 quomodo
2918 2376 3169 2433 animalis
3207 2384 3263 2431 et
3312 2384 3529 2433 terrena
3575 2388 3768 2435 natura

2168 2468 2325 2539 juxta
2362 2468 2503 2521 hunc
2527 2467 2776 2521 eumdem
2806 2466 3133 2535 Prophetam
3160 2466 3515 2521 restituantur
3564 2469 3619 2523 in
3666 2484 3765 2523 an-

2174 2559 2383 2628 tiquum
2422 2566 2627 2612 statum
2667 2558 2809 2612 idem
2851 2557 2905 2611 in
2952 2542 3272 2626 spiritalem,
3301 2558 3443 2627 quod
3493 2567 3550 2613 et
3594 2560 3767 2631 ipsum

2178 2667 2368 2707 eorum
2397 2649 2700 2704 rationibus
2729 2650 3064 2703 contrarium
3103 2657 3205 2704 est.
3237 2648 3388 2716 Quod
3434 2658 3616 2705 autem
3672 2650 3769 2707 Sa-

2176 2745 2348 2799 maria
2377 2742 2707 2814 intelligatur
2746 2743 2799 2796 in
2829 2743 3143 2809 haeresibus,
3176 2752 3233 2798 et
3262 2745 3313 2798 in
3341 2743 3481 2799 Osca
3506 2747 3767 2816 propheta

2175 2837 2305 2892 etin
2336 2834 2520 2890 multis
2547 2834 2670 2889 aliis
2691 2834 2857 2898 locis,
2908 2835 3285 2905 praecipueque
3331 2834 3419 2889 illo
3463 2837 3769 2892 testimonio

2178 2925 2565 2996 comprobatur
2594 2942 2606 2977 :
2643 2944 2661 2976 ι
2693 2924 2786 2979 Vae
2808 2924 2899 2994 qui
2922 2924 3231 2993 despiciunt
3259 2923 3415 2990 Sion,
3443 2934 3499 2979 et
3524 2926 3618 2995 qui
3644 2941 3770 2983 con-

2177 3016 2351 3072 ﬁdunt
2378 3017 2432 3071 in
2455 3022 2637 3073 monte
2668 3014 2951 3079 Samaria,
2996 3013 3473 3069 vindemiaverunt
3505 3016 3767 3086 principia

2176 3108 2417 3178 gentium
2444 3106 2625 3179 (Amos
2647 3105 2743 3176 vt).
2780 3125 2798 3157 ι
2819 3104 3019 3161 Omnes
3040 3106 3184 3160 enim
3201 3106 3443 3161 haeretici
3464 3106 3767 3177 despiciunt

471 3181 815 3272 projecerint
861 3202 1042 3257 ﬁlius?
1090 3200 1203 3257 Nisi
1253 3200 1391 3256 forte
1420 3200 1686 3270 possimus
1712 3198 1816 3253 hoe
1853 3197 2033 3251 dicere
2057 3233 2073 3260 ,
2102 3181 2147 3245 C
2180 3198 2332 3265 Sion,
2361 3213 2481 3269 quae
2511 3198 2899 3267 interpretatur
2927 3197 3165 3268 specula,
3207 3206 3261 3253 et
3297 3196 3535 3254 refertur
3570 3201 3636 3255 ad
3677 3216 3767 3255 ec-

485 3295 631 3366 quod
669 3310 883 3366 semper
920 3296 1218 3351 errantium
1258 3293 1518 3349 ﬁuctuent
1557 3293 1755 3363 pedes,
1802 3306 1904 3346 nec
1952 3299 2079 3346 sunt
2180 3295 2398 3351 elesiam
2433 3313 2445 3349 :
2475 3302 2531 3350 et
2560 3293 2839 3350 conﬁdunt
2862 3293 2964 3348 sibi
2991 3292 3045 3347 in
3069 3301 3250 3348 monte
3275 3292 3560 3359 Samaria,
3588 3294 3641 3348 in
3682 3309 3770 3348 su-

488 3384 659 3441 solida
688 3386 930 3455 vestigia,
955 3401 1075 3456 quae
1100 3387 1317 3456 proprie
1364 3385 1607 3439 veritatis
1644 3390 1804 3446 sunt,
1832 3382 1928 3437 sed
1972 3381 2079 3441 huc
2178 3386 2365 3457 perbia
2385 3385 2636 3440 videlicet
2665 3386 2973 3453 dogmatum
2995 3396 3395 3452 perversorum,
3429 3399 3552 3453 qua:
3579 3392 3768 3454 putant

491 3475 723 3547 illucque
776 3476 1098 3539 discurrant,
1146 3484 1201 3531 et
1229 3476 1684 3531 circumferantur
1722 3473 1869 3529 omni
1918 3479 2079 3526 vento
2180 3490 2300 3531 esse
2328 3475 2598 3539 sublimia,
2648 3482 2703 3528 et
2732 3488 2829 3543 per
2862 3473 2962 3527 has
3012 3472 3414 3541 praedicationis
3456 3471 3767 3529 fraudulen-

489 3559 769 3629 doctrinze,
794 3564 919 3618 dum
950 3565 1016 3619 de
1038 3562 1273 3618 falsitate
1300 3571 1583 3619 transeunt
1600 3562 1668 3617 ad
1694 3561 1856 3615 aliam
1881 3559 2082 3615 falsita—
2182 3566 2305 3630 uas,
2341 3566 2677 3621 vindemiant
2699 3572 2863 3633 atque
2880 3563 3205 3633 populantur
3225 3563 3487 3634 principia
3508 3565 3767 3635 gentium,

489 3662 598 3707 tem
632 3673 643 3707 :
668 3663 867 3710 etcum
892 3655 953 3709 in
974 3655 1173 3725 primis
1209 3655 1411 3712 frustra
1459 3670 1517 3710 se
1546 3655 1770 3709 sudasse
1816 3668 2080 3725 cognove-
2181 3665 2241 3711 ut
2269 3655 2531 3710 miraculo
2558 3655 2925 3709 doctrinarum
2954 3660 3202 3722 potentes
3230 3668 3474 3724 quosque
3492 3654 3769 3725 gentilium

486 3753 635 3808 runt,
675 3744 742 3800 ad
768 3746 1003 3800 secunda
1034 3746 1302 3816 tertiaque
1336 3746 1739 3800 transcendant.
2183 3751 2248 3804 ad
2278 3763 2522 3803 errorem
2553 3746 2868 3801 haereticum
2898 3745 3234 3815 pertraheut.

564 3854 582 3885 ι
630 3834 801 3889 Mater
846 3845 1023 3890 vestra
1070 3836 1307 3901 Ccthaaa,
1355 3846 1410 3892 et
1458 3844 1613 3906 pater
1661 3842 1839 3889 vester
1888 3834 2083 3889 Amor-

493 3944 512 3979 ι
557 3928 758 3993 ῐὴωιιε,
773 3938 825 3984 et
851 3944 1007 3985 soror
1021 3938 1109 3984 tua
1128 3930 1302 3999 major
1319 3929 1588 3994 Samaria,
1612 3929 1725 3997 ipsa
1740 3936 1794 3981 et
1807 3927 1927 3983 ﬁliae
1940 3925 2079 3995 ejus,

498 4035 514 4065 ι
561 4032 679 4087 quae
704 4019 950 4099 habitant
984 4019 1050 4073 ad
1081 4020 1361 4075 sinistram
1400 4027 1563 4073 tuam.
1596 4016 1763 4073 Soror
1787 4025 1967 4072 autem
1991 4024 2081 4070 tua

496 4123 538 4187 t1
562 4108 736 4185 minor
761 4119 833 4173 te,
860 4124 979 4179 qua:
1000 4110 1208 4165 habitat
1234 4126 1263 4163 a
1289 4110 1496 4165 dextris
1510 4110 1615 4164 tuis
1642 4108 1873 4163 Sodoma
1896 4115 1949 4163 et
1963 4107 2083 4161 ﬁlia:

495 4217 514 4249 ι
558 4198 703 4278 ejus.
731 4197 836 4267 Sed
862 4215 963 4254 nec
996 4200 1051 4254 in
1085 4192 1185 4254 viis
1204 4214 1393 4253 earum
1423 4198 1709 4254 ambulasti
1735 4213 1909 4269 neque
1928 4195 2082 4266 juxta

496 4310 513 4339 ε
561 4289 764 4351 scelera
788 4306 975 4345 earum
1003 4289 1586 4361 fecisti,,paulominus,
1611 4305 1747 4360 pene
1768 4289 2082 4345 scelestiora

500 4401 516 4427 ι
562 4380 737 4435 fecisti
769 4380 874 4435 illis
890 4366 953 4436 in
983 4382 1234 4437 omnibus
1262 4382 1363 4436 viis
1390 4382 1512 4435 tuis.
1554 4400 1572 4432 ι
1604 4380 1779 4451 Supra
1826 4380 2038 4435 dixerat
2066 4396 2078 4431 :

501 4492 517 4516 ε
565 4469 726 4524 Pater
749 4454 1243 4526 tuus-Amorrhaeus
1272 4478 1327 4526 et
1351 4479 1526 4525 mater
1557 4478 1644 4523 tua
1672 4468 1916 4534 Cetbaza;
1951 4487 1967 4519 ι
1996 4468 2083 4521 hic

2259 3858 2278 3891 ι
2326 3840 2459 3894 Vivo
2489 3852 2612 3908 ego,
2643 3836 2773 3891 dicit
2797 3836 3075 3900 Dominus,
3105 3835 3231 3904 quia
3255 3849 3363 3888 non
3389 3832 3518 3889 fecit
3536 3832 3766 3895 Sodoma

2190 3952 2208 3982 α
2253 3945 2409 3985 soror
2464 3936 2551 3981 tua
2622 3928 2735 3996 ipsa
2799 3935 2853 3979 et
2918 3925 3025 3978 ﬁlia
3086 3923 3234 3993 ejus,
3295 3924 3434 3979 sicut
3486 3922 3663 3979 fecisti
3718 3934 3766 3979 tu

2190 4040 2208 4073 ι
2252 4029 2307 4075 et
2330 4019 2451 4074 ﬁlia:
2475 4027 2598 4073 tum.
2628 4018 2767 4073 Ecce
2796 4018 2909 4071 haec
2939 4014 3039 4070 fuit
3068 4016 3322 4085 iniquitas
3350 4015 3601 4071 Sodoma:
3627 4030 3768 4071 soro-

2190 4130 2208 4162 σ
2247 4111 2321 4165 ris
2351 4119 2475 4174 tuae,
2507 4108 2784 4177 superbia,
2815 4108 3072 4162 saturitas
3118 4107 3293 4176 panis,
3322 4105 3675 4173 abundantia,
3716 4116 3766 4161 et

2192 4219 2210 4251 ι
2256 4200 2424 4255 otium
2452 4199 2618 4267 ipsius
2647 4207 2704 4252 et
2732 4197 2965 4252 ﬁliarum
2992 4198 3129 4268 ejus.
3169 4196 3236 4251 Et
3270 4211 3491 4251 manum
3522 4211 3694 4267 egeno
3720 4208 3768 4252 et

2192 4311 2209 4343 ς
2255 4290 2475 4360 pauperi
2502 4304 2608 4343 non
2632 4288 2999 4359 porrigebant,
3028 4296 3083 4342 et
3113 4287 3337 4342 elevata:
3371 4295 3499 4341 sunt
3526 4296 3582 4342 et
3630 4286 3765 4343 fece-

2192 4402 2209 4433 l
2255 4391 2381 4437 runt
2417 4380 2848 4436 abominationes
2868 4395 3053 4435 coram
3078 4395 3182 4434 me.
3216 4379 3282 4434 Et
3322 4380 3517 4435 abstuli
3553 4394 3647 4435 eas
3672 4382 3768 4436 sic-

2192 4491 2209 4521 ι
2254 4480 2314 4525 ut
2350 4470 2555 4536 vidisti,
2585 4477 2640 4524 et
2666 4468 2913 4523 Samaria
2954 4468 3232 4525 dimidium
3260 4478 3608 4538 peccatorum
3658 4480 3767 4525 tuo.

493 4560 684 4615 ordine
711 4569 767 4615 et
795 4576 1019 4617 numero
1062 4570 1392 4618 commutato
1424 4580 1436 4615 :
1480 4580 1498 4612 ι
1545 4560 1718 4615 Mater
1759 4570 1941 4616 vester
1982 4560 2083 4615 Ce-
2108 4532 2161 4591 Β
2192 4584 2209 4615 ι
2250 4578 2368 4617 rum
2404 4578 2511 4617 non
2545 4562 2810 4632 peccavit,
2844 4561 2938 4617 sed
2966 4561 3142 4616 vicisti
3176 4577 3295 4617 eam
3323 4561 3623 4618 sceleribus
3646 4562 3764 4624 tuis,

491 4652 649 4715 lintea,
680 4658 734 4704 et
754 4659 909 4718 pater
932 4661 1112 4705 vester
1148 4652 1515 4707 Amorrlueus.
1554 4670 1575 4706 ι
1608 4651 1742 4707 Cum
1768 4652 1914 4705 enim
1960 4666 2081 4706 sce-

491 4744 601 4797 lera
634 4742 982 4814 profeceriut,
1012 4743 1334 4798 scinduntur
1358 4744 1409 4797 in
1441 4754 1646 4813 partes,
1668 4752 1725 4797 et
1769 4743 1968 4798 unione
1993 4743 2085 4797 de-

492 4845 635 4889 serta
666 4836 719 4890 in
766 4837 978 4890 turbam
1030 4834 1322 4906 proﬁciunt
1378 4851 1443 4890 ac
1498 4835 1916 4900 multitudinem,
1963 4850 2083 4905 quae

492 4939 615 4976 mm
646 4921 771 4979 Jesu
804 4940 907 4977 non
940 4924 1081 4977 valet
1116 4926 1183 4979 ad
1220 4933 1475 4979 montana
1526 4924 1925 4996 transcendere.
1985 4923 2085 4979 So-

494 5028 644 5067 rores
708 5022 887 5067 autem
942 5012 1242 5069 Jerusalem
1295 5012 1597 5068 Samariam
1646 5022 1701 5069 et
1744 5011 2033 5070 Sodomam
2067 5054 2081 5077 ,

496 5117 722 5169 quarum
755 5102 922 5157 altera
945 5119 973 5155 a
1007 5104 1265 5169 sinistris,
1294 5103 1463 5157 altera
1488 5119 1518 5158 a
1552 5103 1757 5158 dextris
1784 5110 1888 5169 est,
1916 5104 2082 5158 etiam

498 5195 791 5247 secundum
842 5194 1245 5263 intelligentiam
1286 5195 1656 5266 corporalem,
1702 5196 1747 5250 si
1784 5195 1851 5249 de
1884 5195 2083 5265 templo

496 5284 793 5340 Jerusalem
818 5274 1080 5341 orientem
1111 5288 1364 5358 aspicias,
1408 5288 1754 5357 approbabis,
1787 5286 1930 5356 quod
1961 5302 2077 5340 ma-

496 5374 585 5443 jor
616 5377 704 5439 sit,
734 5391 852 5445 qua?
883 5376 1079 5429 dicitur
1109 5375 1377 5441 Samaria,
1404 5378 1529 5446 quia
1556 5378 1708 5446 prior
1732 5377 1996 5446 peccavit,
2029 5385 2085 5431 et

504 5463 573 5517 ab
600 5464 832 5535 Assyriis
869 5466 1027 5519 ducta
1058 5474 1141 5521 est
1184 5467 1240 5521 in
1282 5467 1672 5537 captivitatem,
1715 5476 1770 5523 et
1803 5468 1981 5521 minor
2022 5482 2086 5521 ac

496 5555 683 5623 junior
711 5555 963 5621 Sodoma,
1004 5573 1123 5626 qua:
1174 5557 1403 5613 refertur
1430 5559 1495 5612 ad
1539 5559 1779 5628 gentium
1829 5557 2083 5612 turbam:

507 5641 740 5714 alioquin
769 5661 833 5701 eo
870 5654 1110 5715 tsmpore
1148 5646 1380 5701 Sodoma
1419 5664 1525 5702 non
1554 5656 1694 5711 erat,
1746 5662 1865 5716 qua:
1906 5647 2085 5717 prius-

507 5750 667 5801 quam
718 5737 766 5790 in
812 5738 1091 5807 scripturis
1152 5738 1390 5809 legamus
1439 5736 1735 5792 Jerusalem
1786 5753 1906 5792 cum
1976 5737 2083 5793 Go-

2193 4671 2211 4703 σ
2257 4664 2310 4707 et
2328 4651 2639 4721 justiﬁcasti
2666 4666 2882 4707 sorores
2914 4659 3030 4706 tuas
3062 4651 3113 4704 in
3145 4652 3397 4706 omnibus
3418 4652 3767 4707 abominatio-

2191 4765 2209 4797 ‹
2257 4745 2416 4800 nibus
2462 4744 2570 4800 tuis
2610 4759 2744 4814 quas
2785 4754 3009 4815 operata
3054 4757 3135 4798 es.
3193 4762 3210 4794 ι
3265 4742 3320 4796 In
3364 4743 3544 4798 Veteri
3593 4744 3767 4799 Testa—

2186 4845 2367 4890 mento
2405 4835 2497 4891 Dei
2520 4833 2887 4903 juramentum
2918 4842 3043 4890 est:
3082 4851 3100 4884 α
3153 4832 3283 4887 Vivo
3309 4846 3439 4903 ego,
3489 4832 3623 4886 dicit
3673 4834 3766 4887 De

2186 4929 2382 4982 minus.
2419 4947 2435 4978 ι
2468 4926 2524 4979 1η
2540 4924 2689 4979 Novo
2715 4932 2895 4978 autem
2931 4941 2944 4976 :
2976 4942 2993 4974 ι
3016 4923 3208 4986 Amen,
3234 4937 3387 4977 amen
3409 4921 3531 4976 dico
3553 4921 3720 4977 vobis.
3746 4940 3760 4972 ι

2187 5016 2283 5071 Sin
2313 5024 2491 5069 autem
2529 5015 2632 5069 hoc
2658 5027 2946 5069 commune
2986 5027 3110 5067 cum
3153 5011 3367 5066 caeteris
3397 5020 3481 5064 est
3512 5028 3525 5064 :
3562 5030 3581 5061 ε
3635 5010 3763 5067 Deus

2185 5100 2457 5160 Abraham
2482 5144 2498 5169 ,
2536 5103 2679 5158 Deus
2716 5102 2887 5167 Isaac,
2930 5102 3073 5157 Deus
3118 5100 3321 5166 Jacob,
3363 5117 3472 5156 non
3514 5110 3599 5156 est
3637 5102 3764 5156 Deus

2186 5202 2522 5249 mortuorum
2553 5180 2647 5248 scd
2688 5192 2983 5247 viventium
3010 5190 3204 5263 (Marc.
3234 5192 3353 5263 xu).
3396 5212 3414 5243 ι
3459 5190 3527 5245 Et
3571 5191 3628 5245 in
3670 5190 3763 5243 alio

2189 5284 2308 5339 loco
2343 5303 2355 5337 :
2400 5302 2417 5334 ι
2457 5283 2685 5338 Placebo
2714 5282 2940 5337 Domino
2960 5282 3013 5335 in
3042 5284 3259 5352 regione
3280 5282 3577 5347 viventium
3602 5278 3758 5349 (Psal.

2190 5374 2357 5446 cxnv).
2394 5395 2411 5427 ι
2447 5375 2747 5442 Quaerimus
2775 5390 2877 5443 qua
2905 5374 3113 5427 ratione
3147 5388 3432 5428 commune
3457 5371 3761 5427 vocabulum

2190 5467 2405 5535 proprie
2434 5466 2533 5521 sibi
2565 5466 2794 5521 vindicet
2820 5465 2982 5530 Deus,
3016 5464 3108 5520 sed
3139 5464 3408 5535 quomodo
3444 5464 3644 5518 dicitur
3682 5477 3781 5526 ar-,

2193 5558 2293 5611 bal‘
2320 5556 2457 5611 bona
2475 5566 2530 5611 et
2556 5559 2730 5612 bonus
2766 5558 2944 5620 homo,
2974 5566 3029 5610 et
3068 5556 3240 5611 bonus
3264 5563 3465 5624 pastor,
3519 5570 3569 5608 et
3606 5554 3759 5607 bonus

2196 5662 2385 5701 servus
2430 5666 2441 5699 :
2500 5662 2657 5702 nemo
2706 5657 2883 5701 autem
2939 5646 3184 5700 absolute
3251 5646 3422 5700 bonus
3460 5644 3563 5698 nisi
3630 5641 3755 5697 solus

2194 5740 2330 5794 Deus
2371 5738 2488 5793 :sic
2522 5756 2642 5793 cum
2684 5738 2853 5807 angeli
2898 5748 3211 5807 caueturque
3258 5738 3508 5802 virtutes,
3541 5734 3760 5788 Patriar-
