3948 6330
163 446 269 505 689

1135 445 1486 503 COMMENT.
1528 447 1593 500 ΙΝ
1635 444 2086 501 EZECllIELEM.
2126 478 2197 488 —
2235 408 2362 503 Lll}.
2401 448 2511 504 ΥΠ.

3335 452 3441 508 690

169 559 284 617 cbo:
316 576 542 631 quoque
574 570 628 616 et
655 560 931 630 Prophetas
959 570 1116 629 atque
1147 559 1387 630 Apostuli
1426 562 1534 615 sint
1584 562 1763 615 viven-
1795 593 1839 649 Α
1865 558 2017 628 juris.
2043 560 2108 613 Et
2146 569 2320 615 tamen
2349 576 2468 614 cum
2498 561 2629 615 tales
2661 562 2767 616 sint
2810 561 3040 616 Sodoma
3070 571 3125 616 et
3169 561 3442 618 Samaria.

174 660 276 718 tes,
324 654 734 722 comparatione
781 653 874 708 Dei
905 653 1311 722 omnipotentis,
1348 653 1543 707 mortui
1586 652 1765 723 appel-
1795 639 1811 649 ’

176 746 403 800 lantur:
451 764 469 795 ‹
506 744 639 811 Quis
688 753 771 799 est
824 744 969 799 enim
1020 744 1204 809 homo,
1236 743 1327 813 qui
1375 743 1525 806 vivit,
1558 751 1613 798 et
1659 758 1763 797 non

176 836 381 892 videbit
404 836 673 891 mortem?
701 832 873 905 (Psal.
898 834 1183 904 Lxxxvm.)
1223 854 1241 886 ι
1283 832 1435 888 Unde
1460 842 1515 889 et
1532 832 1756 903 Aposto-

178 925 263 980 lus
289 924 495 980 Paulns
524 925 591 979 de
618 923 728 979 Deo
757 942 769 976 :
810 943 826 975 ι
863 922 965 990 Qui
1015 923 1183 989 solus,
1227 921 1423 992 inquit,
1454 922 1620 977 habet
1661 922 1763 976 im-

178 1014 841 1077 mortalitatem,etlucem
865 1012 1072 1068 habitat
1103 1011 1527 1081 inacdessibilem
1551 1010 1603 1082 (ι
1628 1010 1761 1064 Tim.

177 1104 276 1176 v1).
320 1124 339 1157 ι
374 1105 441 1158 Et
468 1104 533 1159 de
566 1103 711 1158 fonte
732 1103 1028 1158 viventium
1062 1122 1073 1133 ·
1110 1121 1131 1154 t
1175 1102 1318 1166 Vita,
1349 1102 1557 1172 inquit,
1583 1110 1763 1156 nostra

176 1194 498 1251 abscondita
521 1204 603 1250 est
630 1211 752 1249 cum
797 1194 1015 1252 Christo
1060 1196 1112 1250 in
1165 1196 1272 1251 Deo
1302 1192 1525 1266 (Coloss.
1581 1194 1682 1260 tu).
1742 1215 1758 1244 ι

172 1283 285 1341 lste
315 1284 498 1355 igitur,
538 1285 627 1354 qui
652 1286 802 1355 jurat
824 1295 881 1339 et
930 1285 1165 1355 loquitur
1195 1304 1208 1340 :
1241 1305 1260 1335 ‹
1288 1285 1424 1339 Vivo
1465 1299 1584 1354 ego,
1640 1285 1766 1337 dicit

174 1372 462 1438 Dominus,
500 1394 518 1425 ι
552 1375 863 1430 describens
888 1374 1135 1431 Sodomae
1165 1384 1219 1430 et
1247 1374 1475 1428 ﬁliarum
1508 1372 1623 1441 ejus
1654 1387 1767 1427 sce-

174 1463 315 1523 lera,
362 1466 593 1535 primam
649 1465 954 1535 superbiam
1008 1465 1188 1535 posuit
1242 1463 1438 1519 diaboli
1490 1462 1763 1532 proprium

174 1558 524 1627 primumque
577 1566 878 1627 peccatum.
917 1556 1071 1611 Unde
1109 1556 1248 1611 idem
1280 1555 1551 1625 apostolus
1582 1570 1596 1607 :
1634 1573 1651 1604 ε
1692 1552 1766 1607 Ne

175 1646 419 1712 inflatus,
456 1647 550 1713 ait,
580 1648 831 1718 superbia
862 1646 1064 1701 incidat
1106 1646 1159 1701 in
1188 1644 1448 1715 judicium
1486 1644 1703 1709 diaboli,
1743 1663 1761 1693 ι

173 1749 404 1809 propter
424 1754 583 1807 quam
608 1739 671 1793 de
694 1739 831 1793 coelo
853 1740 1076 1793 corruit.
1100 1739 1320 1794 Dixerat
1342 1738 1485 1793 enim
1516 1753 1530 1791 :
1564 1757 1582 1789 ι
1612 1736 1764 1791 forti-

174 1830 367 1884 tudine
430 1829 624 1883 faciam
685 1838 738 1885 et
789 1830 1051 1900 sapientia
1104 1829 1469 1901 intelligentiae
1524 1826 1764 1883 auferam

175 1918 444 1972 terminos
466 1918 703 1989 gentium
727 1927 782 1973 et
810 1920 973 1973 robur
996 1934 1181 1973 earum
1206 1919 1516 1983 devastnbo,
1542 1927 1596 1973 et
1620 1932 1768 1973 com-
1795 1941 1843 2001 Β

176 2009 413 2064 movebo
432 2009 682 2065 civitates
704 2008 996 2074 habitatas,
1017 2019 1071 2064 et
1094 2010 1280 2064 orbem
1310 2016 1574 2063 terrarum
1596 2016 1767 2063 totum

173 2100 584 2171 apprehendam
612 2116 773 2155 manu
810 2101 968 2156 sicuti
1001 2102 1205 2166 nidum,
1236 2111 1291 2157 et
1329 2102 1469 2157 sicut
1497 2100 1770 2156 confracta

170 2204 279 2242 ova
308 2188 572 2243 auferam.
606 2210 622 2240 ι
654 2182 721 2243 Et
750 2210 766 2241 ‹
791 2190 1038 2259 superbis
1062 2191 1203 2245 Deus
1226 2190 1452 2255 resistit,
1477 2188 1770 2243 humilibus

172 2286 360 2331 autem
407 2277 499 2331 dat
536 2278 764 2348 gratiam
816 2278 957 2350 (Jac.
1011 2277 1107 2349 IV).
1146 2297 1163 2329 ι
1214 2277 1466 2347 Legimus
1493 2287 1550 2332 et
1578 2278 1632 2331 in
1663 2275 1770 2330 alio

175 2365 302 2421 loco
347 2386 360 2421 :
412 2385 430 2418 ι
475 2367 613 2435 Quid
644 2354 915 2438 superbis,
945 2376 1088 2423 terra
1118 2376 1173 2423 et
1198 2368 1369 2423 cinis?
1400 2354 1594 2439 (Eccli.
1627 2366 1708 2437 x.)
1746 2386 1764 2417 ι

175 2459 246 2513 Et
273 2460 624 2531 Evangelium
654 2458 822 2514 refert
848 2459 1104 2514 Phariszei
1138 2458 1463 2529 superbiam,
1500 2456 1766 2529 publicani

176 2551 489 2605 humilitate
516 2559 820 2620 superatam
853 2550 1005 2621 (Luc.
1022 2551 1202 2618 xvnt).
1235 2549 1399 2619 Cujus
1418 2549 1767 2605 seminarium

170 2650 264 2696 est
286 2642 546 2698 saturitas
572 2657 794 2713 panum,
839 2650 894 2697 et
935 2658 1116 2697 rerum
1165 2644 1404 2696 omnium
1440 2642 1767 2697 abundantia

172 2742 235 2787 et
271 2734 477 2799 otium;
518 2735 631 2789 sive
657 2743 714 2788 ut
748 2734 1097 2804 Septuaginta
1132 2733 1542 2798 transtulerunt,
1576 2752 1595 2783 ‹
1635 2732 1767 2787 deli-

174 2828 388 2881 ciarum
422 2829 754 2898 luxuriatque:
787 2828 1077 2898 opulentia.
1118 2847 1136 2879 ι
1176 2827 1333 2882 Dives
1365 2826 1453 2881 ille
1500 2827 1556 2881 in
1596 2826 1771 2881 Evan-

173 2919 323 2989 gelio
349 2931 677 2989 purpuratus
705 2919 837 2974 nihil
866 2919 1007 2974 aliud
1038 2919 1203 2973 refert
1225 2919 1478 2973 habuisse
1503 2916 1763 2979 criminis,

172 3011 282 3065 nisi
326 3012 466 3079 quod
498 3011 689 3081 opibus
718 3021 771 3066 et
797 3012 1006 3067 deliciis
1033 3012 1258 3068 aflluens
1304 3013 1357 3067 in
1402 3020 1607 3067 tantam
1639 3027 1767 3067 eru-

169 3110 336 3171 perat
355 3102 701 3171 superbiam,
731 3111 790 3154 ut
824 3117 1044 3156 manum
1081 3117 1250 3173 egeno
1283 3110 1337 3157 et
1392 3102 1615 3172 pauperi
1666 3100 1768 3156 La-

172 3207 312 3246 zaro
353 3207 457 3245 non
491 3192 810 3263 porrigeret,
864 3200 919 3246 et
963 3193 1042 3248 sic
1084 3194 1283 3248 oblitus
1329 3192 1400 3248 sit
1443 3194 1767 3250 conditionis

169 3298 313 3349 sum,
343 3292 403 3338 ut
429 3300 498 3339 ne
519 3284 623 3339 hoc
651 3284 867 3354 quidem
892 3285 1090 3341 misero
1109 3285 1284 3351 daret,
1315 3288 1458 3358 quod
1482 3284 1765 3357 projicien—
1790 3282 1839 3345 C

170 3377 308 3432 dum
354 3385 471 3430 erat
505 3374 655 3446 (Luc.
698 3375 835 3447 xvi).
879 3375 959 3433 Ob
985 3392 1147 3446 quam
1182 3393 1423 3443 causam,
1453 3386 1509 3433 et
1553 3378 1607 3432 in
1661 3377 1767 3432 alio

168 3469 298 3525 loco
334 3469 593 3524 scribitur
620 3487 632 3523 :
671 3488 689 3520 ι
720 3468 912 3524 Omnis
932 3470 1020 3539 qui
1050 3486 1108 3525 se
1128 3469 1349 3536 cxaltat,
1370 3470 1765 3535 humiliabitur,

165 3568 278 3612 etc.
316 3556 530 3628 (Matth.
556 3556 735 3627 χχιιι).
769 3575 786 3608 ι
817 3556 1103 3626 Superbia,
1128 3558 1403 3623 saturitas,
1434 3573 1615 3613 rerum
1644 3574 1764 3613 om-

166 3651 325 3704 nium
354 3650 703 3715 abundantia,
727 3650 897 3704 otium
928 3657 983 3703 et
1012 3649 1216 3704 delicia:
1262 3657 1541 3718 peceatum
1591 3647 1766 3702 Sodo-

167 3740 425 3793 miticum
468 3749 569 3794 est.
609 3739 673 3793 Et
715 3748 937 3809 propter
975 3740 1078 3793 hoc
1109 3739 1355 3807 sequitur
1398 3736 1491 3790 Del
1532 3735 1761 3799 oblivio,

165 3845 293 3897 qua:
336 3830 621 3898 przesentia
665 3830 801 3885 bona
843 3838 999 3898 putat
1035 3844 1155 3884 esse
1197 3838 1452 3898 perpetua
1481 3869 1495 3892 ,
1540 3837 1593 3881 et
1630 3844 1766 3881 nun-

164 3935 336 3987 quam
373 3919 476 3972 sibi
528 3919 853 3973 necessariis
898 3918 1266 3989 indigentium.
1321 3917 1657 3987 Quapropter
1711 3926 1765 3971 et

164 4011 289 4080 lege
326 4010 656 4079 przrcipitur.
684 4009 914 4063 Attende
938 4024 1005 4063 ne
1040 4009 1327 4063 comedens
1364 4017 1421 4062 et
1460 4007 1666 4067 bibens.
1710 4018 1765 4061 et

163 4108 471 4163 saturatos,
487 4098 767 4153 aedificatis
783 4099 1030 4152 domibus
1050 4098 1289 4167 optimis,
1312 4098 1624 4167 habensque
1635 4111 1766 4153 oves

160 4198 217 4243 et
241 4186 434 4253 δοῦρε,
463 4196 743 4257 argentum
759 4197 814 4241 et
834 4203 1046 4251 aurum,
1074 4187 1411 4241 obliviscaris
1436 4186 1645 4241 Domini
1668 4186 1763 4242 Dei

163 4281 265 4335 tui.
300 4276 505 4348 (Crcg.)
530 4278 662 4334 Cum
687 4280 753 4333 ad
777 4277 1076 4335 Jerusalem
1103 4280 1318 4341 dicitur,
1349 4299 1366 4331 ι
1402 4280 1521 4333 haec
1545 4279 1645 4333 fuit
1667 4280 1766 4333 ini-

162 4370 351 4438 quitas
379 4368 627 4424 Sodomre
650 4370 853 4423 sororis
883 4378 1007 4434 tute,
1035 4370 1287 4439 superbia
1324 4370 1577 4424 saturitas
1608 4371 1763 4439 panis

163 4470 221 4513 et
242 4459 597 4523 abundantia,
630 4478 647 4510 ι
678 4468 864 4529 aperte
891 4460 1373 4529 ostenditur,quod
1398 4458 1599 4514 idcirco
1622 4460 1763 4514 salu-

165 4565 276 4606 tem
301 4550 558 4619 perdidit,
605 4552 751 4621 quod
799 4566 921 4605 cum
966 4551 1234 4621 superbiae
1276 4551 1409 4605 vitio
1452 4566 1761 4606 mensuram

1870 665 1937 704 ne
1984 651 2259 705 dimidium
2285 652 2499 721 quidem
2527 662 2884 722 peccaverunt
2930 654 3334 725 comparatione
3366 652 3449 707 Jeo

1870 729 2100 795 rusalem
2136 760 2149 797 :
2179 761 2197 793 ι
2233 742 2610 805 Servusenim,
2644 745 2735 814 qui
2770 745 3221 800 scitvoluntatem
3244 745 3444 800 domini

1868 828 1973 893 sui,
2008 838 2062 882 et
2100 845 2205 883 non
2248 831 2375 885 facit
2404 846 2547 895 eam,
2582 831 2850 901 vapulabit
2872 834 3054 907 multis
3084 833 3236 906 (Luc.
3264 834 3385 909 xu).
3419 855 3437 887 ι

1870 918 1937 972 Et
1970 936 1982 971 :
2038 938 2056 969 ι
2105 920 2359 976 Potentes
2396 932 2643 991 potenter
2674 934 2937 981 tormenta
2969 928 3239 996 patientur
3280 925 3444 998 (Sap.

1866 1008 1964 1076 vi).
1999 1029 2015 1060 ι
2049 1009 2215 1065 Porro
2238 1014 2377 1081 quoi
2402 1028 2500 1082 pro
2525 1014 2723 1070 divitiis
2746 1016 2914 1071 otium
2944 1017 2996 1070 in
3028 1016 3253 1076 Hebraeo
3276 1020 3449 1073 conti-

1867 1104 2046 1162 netur,
2062 1099 2336 1155 sciendum
2369 1103 2435 1157 ad
2463 1103 2609 1157 illum
2637 1120 2855 1160 sensum
2877 1108 3147 1177 pertinere
3179 1127 3191 1162 :
3222 1128 3239 1159 ι
3276 1110 3327 1163 in
3363 1111 3452 1165 de-

1868 1186 1913 1240 si
1930 1186 2085 1241 leriis
2099 1191 2368 1247 cstomnis
2384 1192 2561 1255 anima
2579 1194 2759 1258 otiosi,
2786 1214 2803 1245 ι
2823 1196 2961 1264 quod
2979 1196 3223 1252 videlicet
3240 1214 3453 1268 semper

1868 1277 2069 1347 aliquid
2098 1281 2363 1350 agendum
2392 1284 2482 1350 sit,
2514 1300 2581 1341 ne
2615 1301 2742 1356 ager
2763 1274 2993 1359 pectoris
3015 1274 3179 1345 nostri
3204 1302 3448 1347 cessante

1868 1390 2028 1429 manu
2071 1376 2331 1431 malarum
2367 1381 2773 1459 cogitationum
2796 1384 3038 1439 sentibus
3068 1397 3373 1455 occupetur.

1946 1483 1963 1515 ι
2001 1465 2141 1537 Ergo
2170 1477 2226 1522 et
2257 1476 2309 1521 tu
2334 1479 2487 1539 porta
2517 1470 2888 1528 confusionem
2924 1482 3090 1539 tuam,
3116 1490 3234 1545 qua:
3274 1476 3451 1529 vicisti

1874 1573 1892 1603 ι
1938 1569 2151 1610 sorores
2187 1566 2306 1612 tuas
2330 1559 2565 1626 peccatis
2592 1560 2720 1626 tuis,
2767 1562 3083 1618 sceleratius
3132 1578 3295 1633 agens
3328 1563 3451 1625 illis,

1875 1664 1893 1695 α
1932 1644 2242 1715 justificatte
2285 1650 2427 1705 enim
2470 1660 2597 1705 sunt
2634 1667 2663 1705 a
2709 1660 2779 1708 te.
2836 1673 2855 1705 ι
2899 1652 3169 1727 (Hirrum)
3206 1655 3379 1716 Secun
3424 1676 3450 1709 a

1868 1744 1991 1805 post
2020 1736 2358 1807 naufragium
2383 1741 2564 1805 tabula
2605 1750 2710 1807 est,
2750 1758 2873 1797 cum
2913 1746 3221 1814 peccaveris
3262 1747 3453 1801 erute-

1869 1839 2043 1888 scere,
2071 1834 2126 1879 et
2157 1842 2263 1880 non
2286 1826 2359 1882 illi
2386 1830 2667 1899 suhjacere
2696 1832 3069 1901 increpationi,
3104 1850 3222 1904 qum
3258 1847 3448 1891 contra

1868 1905 2167 1963 Jerusalem
2199 1910 2415 1976 dicitur,
2449 1934 2466 1963 ι
2504 1912 2668 1969 facies
2690 1918 2988 1972 meretricis
3014 1916 3151 1973 facta
3197 1928 3279 1973 est
3332 1922 3447 1979 tibi.

1873 1997 2052 2052 nescis
2076 2000 2417 2057 erubescere.
2447 2022 2465 2053 ι
2493 2002 2680 2059 Portat
2703 2014 2881 2060 autem
2918 2016 3240 2063 tormentum
3262 2026 3415 2065 suum
3436 2052 3448 2070 ,

1874 2089 1963 2164 qui
1995 2093 2207 2161 propria
2236 2100 2519 2164 torquetur
2546 2098 2898 2164 conscientia,
2928 2108 2985 2154 et
3037 2102 3088 2154 in
3129 2101 3231 2157 isto
3260 2103 3455 2157 smcnln

1872 2183 2105 2238 sustinet
2128 2186 2345 2255 propria
2376 2186 2646 2243 voluntate
2669 2191 2997 2263 cruciatum,
3025 2208 3091 2247 ne
3116 2201 3314 2248 aeterna
3351 2204 3455 2248 tur-

1871 2281 2054 2326 menta
2099 2276 2383 2330 sustineat.
2441 2277 2954 2349 Corrumpimusqpe
3000 2280 3196 2337 fratres
3239 2291 3455 2338 nostros

1872 2361 1957 2417 vel
1983 2377 2198 2419 sorores
2228 2366 2466 2435 peccatis
2497 2369 2964 2437 nostris,quando
3010 2379 3193 2426 nostro
3230 2381 3453 2441 peccato

1872 2451 1941 2507 ad
1988 2454 2191 2525 majora
2234 2456 2438 2511 scelera
2482 2467 2859 2526 provocantur.
2892 2458 3045 2528 Quod
3068 2461 3188 2517 dico
3234 2464 3307 2518 ita
3364 2464 3455 2519 fiet

1872 2542 2248 2599 manifestius:
2282 2546 2424 2618 tinge
2457 2548 2687 2618 aliquem
2746 2550 2798 2603 in
2852 2553 3171 2607 sacerdotali
3222 2553 3455 2610 culmine

1871 2636 2245 2703 constitutum,
2283 2653 2387 2693 non
2430 2639 2568 2695 bene
2606 2640 2810 2715 vivere,
2848 2650 2903 2696 et
2945 2643 3230 2713 deturpare
3272 2648 3452 2715 operi-

1870 2726 1973 2780 bus
2001 2726 2315 2797 dignitatem
2352 2748 2363 2781 :
2402 2745 2579 2786 nonne
2610 2710 2912 2788 imitatione
2937 2710 3190 2790 vitiorum
3220 2710 3336 2805 ejus
3360 2739 3455 2791 lai-

1871 2830 1966 2869 cus
1991 2814 2157 2870 frater
2187 2820 2584 2889 corrumpitur?
2610 2821 2746 2876 Nam
2771 2832 2827 2877 et
2854 2823 2947 2894 qui
2969 2841 3135 2881 unum
3176 2827 3240 2882 de
3292 2829 3452 2882 mini-

1871 2906 1973 2958 mis
2014 2907 2483 2975 scaudalizaverit,
2513 2911 2655 2967 mola
2684 2912 2823 2968 collo
2848 2915 3063 2986 alligata
3088 2918 3458 2987 prscripitatur

1873 2994 1923 3049 iu
1960 2998 2301 3066 profundum.
2333 3000 2561 3058 Sorores
2600 3019 2815 3075 quoque
2861 3005 3183 3075 Jerusalem,
3219 3008 3452 3066 Sodoma

1868 3094 1923 3141 et
1953 3086 2197 3144 Samaria
2217 3088 2603 3160 justifieantur,
2635 3112 2738 3149 non
2768 3112 2874 3167 quo
2910 3114 3011 3169 per
3040 3115 3097 3155 se
3120 3098 3283 3171 justas
3324 3102 3449 3169 sint,

1869 3179 1964 3234 sed
1992 3187 2051 3234 ut
2078 3181 2312 3238 diximus
2340 3188 2743 3255 comparatione
2772 3190 2989 3261 pejoris.

1944 3289 1965 3321 ι
1998 3271 2138 3345 Ergo
2159 3283 2279 3329 ettu
2303 3277 2633 3335 confundere
2654 3290 2709 3336 et
2733 3290 2888 3352 porta
2914 3283 3263 3357 ignominiam
3286 3298 3453 3353 tuam,

1873 3379 1892 3412 σ
1938 3377 2057 3433 qua:
2092 3362 2401 3432 justitlcasti
2451 3385 2667 3426 sorores
2708 3382 2846 3429 tuas.
2890 3394 2907 3427 ι
2954 3372 3334 3435 Confusiouem
3372 3398 3456 3437 sc-

1867 3456 2052 3526 quitur
2078 3457 2367 3528 ignominia
2391 3502 2405 3523 ,
2434 3462 2782 3543 ignominiam
2819 3470 3111 3539 correptio,
3159 3476 3453 3537 correptio-

1869 3562 1989 3601 nem
2040 3549 2336 3605 consolatio
2366 3594 2380 3616 ,
2426 3555 2850 3613 consolationem
2897 3560 3077 3626 salus,
3125 3562 3278 3633 juxta
3326 3566 3454 3621 illud

1866 3637 2107 3707 Apostoli
2141 3659 2153 3693 :
2190 3659 2208 3691 ι
2243 3640 2539 3698 Tribulatio
2555 3657 2813 3716 operatur
2832 3652 3450 3724 patientiam,paticutia

1865 3728 2256 3798 probationem,
2288 3736 2535 3802 probatio
2558 3752 2688 3813 vero
2729 3755 2899 3809 spem,
2950 3757 3073 3811 spes
3119 3756 3295 3801 autem
3346 3765 3450 3803 non

1866 3817 2146 3875 confundit
2163 3820 2418 3892 (Rom.v).
2435 3846 2451 3871 ι
2474 3824 2627 3883 llaud
2652 3828 2870 3884 dubium
2893 3832 3021 3901 quin
3040 3833 3091 3887 in
3109 3832 3308 3901 futuro,
3326 3844 3451 3907 quia

1864 3910 1917 3963 in
1944 3912 2350 3979 praesentiarum
2397 3928 2489 3966 sua
2525 3930 2623 3983 per
2669 3917 3040 3981 confusionem
3092 3932 3311 3990 peccata
3362 3932 3453 3980 de-

1864 3998 2011 4053 levit.
2039 3999 2170 4055 Tale
2194 4002 2325 4070 quid
2356 4014 2411 4057 ct
2443 4004 2569 4057 i'lud
2594 4005 2869 4079 Evangelii
2902 4022 3059 4065 sonat
3090 4029 3102 4063 :
3134 4030 3157 4062 ι
3190 4010 3284 4067 Est
3324 4031 3453 4069 con-

1864 4091 2006 4146 fusio
2058 4108 2178 4162 quas
2227 4094 2371 4148 ducit
2410 4097 2479 4150 ad
2528 4107 2781 4164 mortem,
2818 4110 2874 4155 et
2911 4112 2993 4157 est
3039 4104 3285 4161 confusio
3332 4124 3453 4177 qua:

1864 4189 2011 4244 ducit
2040 4190 2108 4244 ad
2134 4190 2298 4244 vitam
2348 4190 2537 4263 (Eccli.
2569 4195 2664 4264 iv).
2704 4216 2722 4247 ι
2775 4194 3013 4265 Spiritus
3064 4214 3279 4270 quoque
3328 4216 3453 4256 san-

1861 4288 1980 4335 ctus
2003 4291 2317 4350 peccatores
2344 4283 2597 4340 hortatur
2638 4288 2691 4340 in
2744 4286 2973 4344 Psalmis
3002 4303 3015 4341 :
3048 4272 3083 4339 «ν
3103 4288 3453 4346 Confundan—

1863 4377 1952 4424 tur
1977 4378 2032 4425 et
2058 4383 2410 4428 revereantur
2433 4390 2623 4431 omnes
2653 4377 2854 4433 inimici
2887 4380 3015 4444 mei,
3065 4392 3451 4438 convertantur

1863 4469 2158 4517 retrorsum
2209 4472 2264 4518 et
2305 4462 2708 4520 confundantur
2750 4468 2905 4525 valde
2956 4470 3213 4525 velociter
3258 4470 3443 4539 (Parit.

1862 4553 2073 4624 χχχιι).
2116 4574 2135 4606 ι
2178 4552 2449 4625 Scriptum
2480 4566 2566 4612 est
2616 4568 2670 4612 et
2718 4563 2769 4613 in
2820 4560 2925 4615 alio
2963 4560 3081 4617 loco
3126 4575 3142 4616 :
3180 4582 3197 4614 ι
3240 4565 3337 4619 Dic
3390 4575 3445 4619 tu

164 4642 463 4695 moderata:
494 4639 805 4697 refectionis
836 4642 1067 4697 excedit.
1121 4641 1390 4713 (Ηίει-οιι.)
1440 4641 1509 4696 Et
1555 4642 1608 4695 in
1655 4629 2096 4715 alionrimum
2146 4654 2366 4714 peccata
2414 4655 2526 4712 tua,
2565 4657 2623 4702 ut
2667 4650 2983 4719 justificeris
3035 4653 3169 4726 (Ita.
3205 4662 3379 4716 um).
3421 4680 3437 4709 ι

162 4729 288 4785 loco
318 4731 385 4785 de
416 4730 578 4785 israel
608 4732 868 4801 scriptum
894 4740 980 4787 est
1023 4749 1036 4784 :
1084 4750 1102 4783 ι
1146 4732 1487 4787 Manducavit
1524 4741 1579 4787 et
1620 4734 1757 4788 bibit

162 4828 218 4875 et
248 4828 526 4876 saturatos
547 4830 651 4885 est,
680 4829 736 4875 et
759 4821 1143 4892 impinguatus,
1175 4830 1231 4877 et
1269 4822 1577 4877 calcitravit
1617 4823 1753 4879 dile-

164 4923 291 4970 ctus
333 4913 512 4985 (Deut.
551 4914 742 4985 xxx").
802 4914 954 4980 Quod
1003 4914 1181 4970 sciens
1226 4925 1280 4969 et
1324 4915 1754 4985 sapientissimus

163 5008 412 5062 omnium
449 5006 701 5061 Salomon
745 5006 800 5061 in
830 5005 1138 5062 Proverbiis
1171 5009 1535 5076 deprecatur:
1574 5027 1592 5059 ε
1632 5008 1753 5064 Tri-

163 5099 272 5152 bue
305 5098 435 5151 mihi
464 5096 791 5159 necessaria.
821 5104 876 5151 et
898 5111 1016 5164 mne
1053 5096 1338 5163 sufliciant,
1376 5112 1443 5151 ne
1484 5106 1755 5153 saturatos

164 5188 401 5241 mendax
443 5188 663 5253 efliciar,
706 5196 761 5241 et
799 5186 973 5241 dicam
1018 5206 1030 5239 :
1082 5186 1216 5251 Quis
1254 5204 1339 5241 me
1386 5189 1621 5243 videbit?
1663 5196 1755 5242 aut

162 5292 375 5346 pauper
404 5275 626 5331 effectus
666 5275 833 5337 furer,
882 5286 936 5330 et
967 5275 1237 5343 perjurem
1286 5293 1479 5331 nomen
1511 5278 1603 5331 Dei
1647 5277 1750 5331 mei

164 5366 354 5433 (Prov.
387 5365 537 5425 xxx).
580 5385 597 5417 ι
628 5366 887 5434 Quodque
922 5367 1163 5435 sequitur
1206 5384 1217 5419 :
1266 5386 1283 5416 ι
1333 5368 1396 5420 Et
1443 5367 1749 5434 justiﬁeasti

163 5472 387 5511 sorores
423 5465 540 5511 tuas
579 5457 629 5511 in
669 5458 878 5513 coactis
930 5458 1417 5513 abominationibus
1467 5461 1572 5515 tuis
1615 5476 1749 5530 quas

162 5558 389 5619 operata
416 5565 495 5612 es,
529 5569 546 5601 ι
577 5565 683 5604 non
708 5551 1023 5619 simpliciter
1044 5552 1219 5621 justas
1245 5551 1532 5607 Sodomam
1571 5563 1625 5607 et
1654 5553 1748 5608 Sa-

165 5641 398 5694 mariam
438 5656 559 5695 esse
603 5641 868 5706 decernit,
908 5642 1003 5697 sed
1046 5658 1141 5711 pro
1180 5645 1579 5712 comparatione
1604 5646 1751 5700 dcte-

165 5731 406 5795 riorum;
432 5734 700 5801 quomodo
736 5742 791 5787 et
818 5733 1156 5801 publicanus,
1180 5731 1247 5787 de
1286 5750 1392 5802 quo
1421 5750 1579 5804 supra
1614 5737 1750 5789 dixi-

165 5834 311 5882 mus.
344 5840 445 5877 non
473 5823 711 5877 absolute
740 5825 933 5879 dicitur
972 5823 1169 5893 justus,
1207 5825 1298 5878 sed
1328 5826 1612 5881 collation
1660 5844 1749 5897 pe—

1864 4732 1932 4786 Et
1964 4748 2221 4787 rursum:
2260 4754 2277 4785 ι
2315 4733 2505 4793 Justus
2544 4749 2830 4795 accusator
2880 4741 2963 4796 sui
2990 4752 3107 4809 est,
3146 4744 3200 4799 in
3240 4746 3441 4814 princi-

1860 4823 1949 4893 pio
1994 4826 2263 4881 sermonis
2298 4824 2478 4896 (Prov.
2512 4830 2690 4898 xvnt).
2732 4850 2753 4883 ι
2799 4830 2914 4886 Non
2944 4831 3106 4903 igitur
3154 4835 3349 4892 mirum
3396 4837 3442 4890 si

1860 4926 2182 4984 provocetur
2224 4915 2524 4975 Jerusalem
2582 4922 2649 4976 ad
2698 4922 3068 4979 confusionem
3114 4936 3171 4981 et
3214 4928 3444 4998 ignomi-

1860 5005 2025 5071 niam,
2059 5021 2179 5075 qua:
2199 5007 2467 5062 intantum
2494 5010 2758 5078 peccavit,
2783 5020 2841 5067 ut
2863 5012 3191 5083 justitlcaret
3226 5032 3443 5075 sorores

1863 5110 2009 5151 suas.
2039 5095 2134 5151 Cui
2166 5096 2655 5166 deincepsdicitur,
2687 5119 2705 5152 ι
2726 5110 2779 5157 et
2795 5111 2876 5169 tu,
2902 5113 2963 5160 et
2976 5104 3097 5160 tilia:
3126 5113 3228 5161 tua:
3252 5121 3439 5163 rever-

1863 5191 2032 5245 timini
2058 5193 2112 5246 in
2143 5194 2427 5263 antiquum
2449 5204 2675 5250 statum.
2706 5216 2723 5249 ι

1936 5302 1955 5334 ι
2002 5285 2067 5338 Et
2094 5297 2403 5342 convertam
2434 5288 2724 5344 restituens
2748 5305 2841 5344 eas
2885 5292 3241 5350 conversione
3267 5293 3441 5350 Sodo-

1865 5393 1883 5425 ι
1925 5390 2133 5429 morum
2180 5392 2300 5432 cum
2329 5377 2541 5433 filiabus
2562 5379 2693 5444 suis,
2721 5388 2774 5435 et
2797 5384 3148 5440 conversione
3178 5384 3439 5442 Samaria:

1860 5484 1879 5513 ι
1926 5474 1982 5519 et
2009 5465 2236 5520 filiarum
2262 5467 2396 5536 ejus.
2435 5467 2502 5522 Et
2521 5476 2829 5524 convertam
2856 5474 3261 5529 conversionem
3288 5484 3438 5530 tuam

1860 5572 1878 5605 ι
1925 5556 1976 5609 in
2010 5556 2185 5611 medio
2218 5571 2407 5610 earum
2461 5564 2516 5611 ut
2556 5568 2738 5627 portes
2780 5560 3126 5629 ignominiam
3168 5571 3335 5627 tuam,
3382 5572 3439 5619 et

1859 5666 1877 5697 ι
1923 5646 2271 5703 confunderis
2334 5648 2388 5701 in
2438 5649 2689 5705 omnibus
2739 5666 2858 5720 quae
2920 5649 3095 5708 fecisti
3150 5654 3435 5712 consolans

1860 5757 1877 5789 ς
1923 5755 2033 5794 eas.
2077 5760 2093 5791 ι
2141 5740 2371 5796 Grandis
2399 5740 2669 5811 profectus
2716 5742 3035 5810 Jerusalem,
3062 5753 3123 5799 ut
3161 5754 3282 5815 post
3305 5761 3432 5803 con-

1857 5828 2117 5886 fusionem
2148 5839 2200 5883 et
2238 5830 2603 5899 ignominiam,
2640 5848 2800 5899 quam
2842 5832 3045 5889 illatam
3075 5834 3177 5889 sibi
3217 5833 3310 5889 Dei
3342 5836 3435 5905 ju-
