3948 6338
454 485 552 541 h‘Jl

451 605 594 665 dicio
637 601 867 657 libenter
888 592 1103 660 excepit
1131 597 1293 658 atque
1314 600 1413 656 por

451 695 668 754 Domini
703 688 984 747 sustinebo
1011 682 1265 754 quoniam
1293 675 1510 750 peccavi
1532 672 1581 728 ei
1612 693 1623 726 :
1649 691 1666 723 ι
1693 667 2041 741 promittatur

453 789 504 846 ei
533 783 805 843 resﬁtutio
843 781 896 835 i-n
941 776 1220 846 antiquum
1268 777 1487 825 statum.
1547 763 1653 819 Sed
1693 771 1872 816 tamen
1910 770 2044 825 (ιιιοη

456 882 604 937 niam
664 870 1067 944 comparatione
1116 865 1385 921 scelerum
1439 858 1556 928 ejus
1604 851 1898 925 iustiﬁcata
1939 854 2041 908 est,

457 975 691 1032 Sodoma
727 942 1057 1025 etVSamaria
1089 974 1319 1031 quarum
1350 955 1519 1010 altera
1548 966 1578 1005 a
1610 946 1836 1009 dextris,
1873 942 2045 997 altera

458 1081 490 1122 a
520 1063 760 1122 sinistris
796 1067 901 1123 est,
954 1053 1188 1127 primum
1238 1044 1542 1103 restituitur
1578 1035 1886 1099 conversio,
1932 1032 2047 1087 sive

455 1124 1036 1227 captivitas‘Sodomm,
1069 1151 1129 1198 ut
1156 1142 1544 1210 interpretatus
1568 1137 1654 1187 est
1695 1127 1913 1198 Aquila.
1951 1124 2047 1179 Se-

456 1218 636 1305 eundo
663 1242 950 1315 captivitas
976 1236 1265 1298 Samaria,
1290 1240 1351 1287 ut
1402 1230 1542 1285 idem
1571 1223 1767 1295 Aquila
1810 1230 1863 1276 et
1889 1218 2045 1292 Sym-

458 1339 686 1396 machus
716 1330 1128 1391 transtulerunt.
1171 1326 1241 1381 Et
1274 1320 1567 1379 novissima
1624 1313 1928 1371 restituitur
1960 1308 2049 1363 Je-

460 1433 717 1495 rusalem,
768 1443 888 1502 qum
915 1426 1120 1497 majore
1146 1421 1325 1477 fuerat
1352 1414 1639 1485 iniquitate
1679 1409 1957 1479 depressa,
1995 1410 2051 1457 et

459 1522 795 1597 peccatrices
840 1531 1054 1576 sorores
1088 1512 1374 1570 collatione
1410 1505 1492 1562 sui
1516 1505 1694 1575 justas
1722 1512 1844 1555 esse
1892 1510 2050 1551 mon-

461 1594 749 1673 straverat.
773 1610 872 1667 Cui
900 1608 1045 1665 enim
1077 1603 1323 1665 dubium,
1350 1597 1480 1669 quin
1506 1595 1647 1650 inter
1671 1600 1781 1646 tres
1803 1594 2054 1659 peccato-

460 1722 552 1763 res
578 1706 688 1761 imo
706 1702 921 1771 impios,
939 1696 1214 1771 gentilem,
1237 1688 1574 1750 luereticum,
1597 1677 2052 1740 ecclesiasticum,

464 1795 635 1851 multo
653 1764 1154 1863 majoribus'pmnis
1178 1782 1371 1852 dignus
1398 1777 1485 1838 sit,
1524 1773 1615 1844 qui
1643 1767 1864 1839 majoris
1894 1764 2057 1819 fuerit

465 1884 777 1961 dignitatis?
827 1900 847 1935 ι
899 1880 1158 1936 Potentes
1198 1874 1367 1937 enim,
1419 1877 1478 1925 ut
1504 1865 1763 1928 diximus,
1803 1864 2057 1931 potenter

468 1986 738 2037 tormenta
780 1974 1076 2047 patientur.
1128 1989 1146 2021 ι
1211 1964 1314 2034 Qui
1355 1970 1537 2018 autem
1572 1955 1832 2012 minimus

466 2074 663 2142 dignus
689 2075 774 2123 est
806 2059 1198 2121 misericordia.
1236 2076 1255 2109 ι
1290 2055 1357 2110 Et
1382 2065 1590 2115 servus,
1622 2047 1712 2117 qui
1745 2042 1848 2101 scit
1869 2040 2059 2097 volun-

468 2129 635 2217 taiem
666 2155 868 2214 domini
894 2153 1002 2218 sui,
1047 2160 1102 2205 et
1130 2164 1235 2205 non
1258 2144 1388 2201 facit
1414 2157 1557 2205 eam,
1613 2134 1888 2208 vapulabit
1918 2129 2059 2185 mul-t

470 2255 557 2310 Iis.
593 2272 611 2305 ι
642 2249 794 2307 Unde
818 2254 873 2302 et
902 2245 1097 2301 Petrus
1123 2259 1135 2295 :
1173 2256 1192 2292 ι
1221 2238 1479 2309 Tempus,
1511 2229 1707 2301 inquit,
1738 2234 1824 2282 est
1847 2231 1905 2278 nt
1928 2220 2062 2277 inci-

470 2347 585 2418 piat
621 2326 885 2413 judicium
928 2337 996 2393 de
1039 2335 1200 2390 domo
1233 2327 1451 2384 Domini
1490 2322 1541 2396 (ι
1590 2321 1735 2376 Petr.
1774 2316 1882 2386 ιν).
1924 2334 1941 2366 ι
1995 2311 2061 2367 Et

473 2404 526 2492 in
558 2437 662 2492 hoc
696 2432 885 2489 eodem
913 2427 1181 2499 Propheta
1211 2419 1522 2493 praecipitur
1551 2426 1771 2470 secures
1809 2404 2060 2463 habenti-

473 2529 574 2584 bus
597 2545 615 2582 :
663 2543 682 2579 ι
715 2539 746 2579 a
781 2520 985 2579 sanctis
1012 2497 1149 2572 meis
1194 2511 1433 2582 incipite.
1476 2528 1495 2561 ›
1531 2505 1603 2562 Ut
1631 2511 1875 2560 extrema
1908 2497 2064 2554 Jeru-

472 2617 641 2674 salem
667 2612 950 2672 sororibus
999 2617 1124 2664 ante
1148 2600 1426 2661 conversis
1458 2606 1515 2653 et
1555 2592 1823 2651 restitutis
1861 2590 1914 2644 in
1948 2586 2061 2657 pri-

472 2708 677 2764 stinum
724 2711 958 2766 statum,
997 2703 1179 2769 portet
1228 2688 1577 2764 ignominiam
1606 2698 1782 2748 suam,
1828 2688 1884 2735 et
1928 2692 2063 2734 con-

475 2803 734 2859 fundatur
773 2807 827 2855 et
860 2796 1143 2853 erubescat
1177 2804 1339 2858 super
1368 2786 1455 2840 his
1492 2797 1611 2851 qua:
1640 2782 1983 2849 peccaverat,
2011 2781 2066 2827 et

476 2896 535 2951 in
561 2891 813 2949 omnibus
852 2883 1162 2942 consoletur
1204 2890 1418 2934 sorores
1444 2865 1595 2936 suas,
1650 2869 1775 2924 dum
1817 2864 2065 2937 graviora

478 2985 729 3043 sustinet.
772 2979 868 3036 Vel
908 2984 1056 3033 certe
1088 2973 1211 3028 ideo
1252 2965 1615 3025 confundatur
1662 2968 1715 3014 et
1756 2958 2063 3027 erubescat,

477 3075 606 3149 quia
644 3074 812 3130 Deum
881 3068 949 3123 ad
991 3060 1327 3120 iracundiam
1387 3050 1778 3127 provocaverit.
1824 3047 1901 3102 Ex
1960 3060 2068 3115 quo

478 3166 827 3241 perspicuum
856 3174 962 3214 non
999 3169 1121 3210 esse
1160 3144 1461 3206 naturalem
1511 3144 1648 3198 iram
1691 3138 1806 3204 Dei,
1835 3135 1931 3192 sed
1968 3148 2067 3189 no.

482 3257 613 3314 stris
670 3252 817 3309 vitiis
882 3242 1365 3304 clementissimum
1432 3243 1489 3290 et
1566 3227 2069 3293 mansuetissimum

482 3350 675 3412 Deum,
719 3343 786 3398 ad
810 3336 1143 3396 iracundiam
1169 3327 1477 3403 provocari,
1524 3324 1738 3379 dicente
1763 3313 2021 3388 Apostolo
2053 3332 2065 3366 :
2097 3314 2142 3377 C
2174 3306 2387 3349 ειπειιιη

491 3460 509 3491 ι
556 3437 641 3493 An
662 3407 886 3490 divitias
911 3424 1171 3483 bonitatis
1209 3420 1327 3490 ejus
1370 3424 1425 3474 et
1449 3407 1864 3471 sustentationis
1910 3412 1961 3461 et
1986 3418 2083 3474 pa-

488 3527 694 3586 tientiae
720 3517 1039 3581 contemnis,
1088 3515 1344 3583 ignorans
1369 3506 1495 3577 quia
1520 3501 1732 3558 bonitas
1753 3496 1849 3552 Dei
1870 3494 1936 3549 ad
1966 3505 2083 3563 pte-

492 3618 775 3677 nitentiam
821 3622 875 3669 te
919 3604 1217 3682 provocat?
1249 3598 1557 3657 Secundum
1610 3591 1865 3648 duritiam
1902 3595 2079 3641 autem

493 3726 643 3769 tuam
665 3719 719 3765 et
749 3702 1091 3776 impmnitens
1122 3711 1218 3752 cor
1246 3688 1583 3748 thesaurizas
1608 3685 1703 3740 tibi
1732 3683 1865 3737 iram
1901 3676 2080 3750 (Rom.

494 3807 580 3879 ιι).
628 3815 789 3873 quam
824 3768 973 3850 Deus
1026 3786 1344 3846 naturaliter
1379 3797 1483 3837 non
1518 3778 1702 3834 habet.
1746 3772 1901 3829 Unde
1929 3776 1983 3823 et
2030 3768 2083 3821 in

497 3866 605 3953 alio
649 3894 767 3949 loco
811 3888 1074 3957 scriptum
1121 3888 1204 3935 est
1242 3895 1255 3931 :
1299 3896 1317 3929 ι
1374 3874 1443 3931 Et
1485 3868 1681 3927 misisti
1729 3866 1864 3919 iram
1910 3869 2082 3923 tuam,

664 3949 943 4039 devoravit
987 3988 1081 4031 eos
1121 3969 1278 4043 quasi
1316 3963 1568 4035 stipulam
1619 3956 1825 4030 (Exod.
1873 3949 1999 4022 xv).
2060 3968 2079 4001 ι

500 4077 655 4149 Quod
680 4075 824 4132 enim
853 4069 1197 4141 conjunctum
1227 4068 1330 4126 est,
1375 4067 1430 4112 et
1460 4055 1513 4109 in
1540 4066 1647 4105 uno
1672 4060 1899 4117 corpore
1922 4057 2087 4111 copu—

502 4141 675 4225 latum
715 4162 855 4219 mitti
885 4175 990 4215 non
1012 4162 1214 4227 potest,
1265 4148 1362 4203 sed
1391 4144 1517 4202 illud
1545 4141 1687 4213 quod
1708 4146 1860 4193 extra
1893 4146 2089 4202 corpus

505 4272 610 4326 est,
631 4257 780 4314 verbi
804 4253 997 4325 gratia,
1014 4223 1222 4310 lancea,
1242 4242 1430 4305 telum,
1446 4236 1661 4306 sagitta,
1684 4229 1912 4302 gladius.
1939 4223 2093 4294 Legi-

507 4315 628 4407 mus
656 4347 780 4401 etin
806 4315 1101 4409 Evangelio
1128 4324 1610 4389 tolerabiliusfore,
1648 4330 1806 4375 terra:
1837 4315 2092 4371 Sodomo-

518 4645 534 4674 ι
579 4622 644 4675 ad
676 4614 1051 4683 antiquitatem
1074 4620 1249 4667 suam,
1287 4610 1342 4656 et
1373 4594 1619 4653 Samaria
1645 4600 1699 4647 et
1721 4588 1841 4644 ﬁlia:
1860 4584 1976 4654 ejus
2003 4597 2094 4638 re-

518 4735 535 4763 ι
583 4664 862 4765 vertentur
885 4701 950 4755 ad
976 4694 1350 4765 antiquitatem
1377 4703 1549 4743 suam.
1574 4684 1642 4737 Et
1669 4692 1725 4735 tu
1763 4689 1811 4733 et
1844 4676 1966 4730 ﬁlim
1992 4682 2095 4727 tum
2123 4664 2172 4723 D
2200 4670 2379 4717 neres.

520 4826 536 4856 ι
585 4784 913 4856 revertimini
958 4790 1022 4845 ad
1047 4783 1421 4854 antiquitatem
1448 4782 1701 4831 vestram.
1750 4790 1768 4823 ο
1810 4765 1977 4822 Judaei
2021 4765 2101 4815 in-

519 4906 599 4948 ter
628 4898 853 4946 cmteras
880 4880 1106 4940 fabulas,
1131 4884 1187 4928 ut
1213 4867 1638 4927 interminabiles
1669 4857 2009 4931 genealogias
2046 4863 2099 4908 et

519 4984 894 5041 deliramenta,
935 4988 1055 5043 quze
1085 4969 1295 5037 ﬁngunt
1315 4961 1476 5015 etiam
1499 4958 1603 5011 hoc
1627 4952 1897 5009 somniant
1931 4949 1984 5002 in
2008 4946 2101 5000 ad-

520 5080 683 5129 ventu
711 5066 912 5123 Christi
940 5062 1045 5125 sui,
1073 5071 1232 5129 quem
1256 5068 1353 5109 nos
1381 5050 1581 5105 scimus
1608 5040 2020 5101 Antichristnm,
2047 5044 2103 5089 ct

523 5167 577 5219 in
604 5161 750 5216 mille
788 5168 1048 5210 annorum
1078 5162 1242 5215 regno
1280 5142 1570 5197 Sodomam
1608 5129 1995 5187 restituendam
2047 5125 2099 5178 in

526 5256 805 5323 antiquum
840 5256 1038 5302 statum
1069 5262 1081 5293 :
1133 5241 1206 5292 ita
1248 5244 1307 5290 ut
1346 5233 1434 5293 sit,
1481 5226 1634 5297 quasi
1672 5222 1955 5295 paradisus
1987 5217 2101 5279 Dei,

524 5357 579 5403 et
608 5313 761 5415 quasi
790 5348 930 5393 terra
963 5330 1199 5402 .‘Egypti,
1254 5334 1309 5381 et
1346 5320 1649 5378 Samariam
1696 5313 1977 5386 pristinam
2024 5322 2106 5360 re-

527 5400 708 5505 cipere
743 5400 1081 5484 felicitatem,
1113 5426 1172 5471 ut
1196 5416 1261 5470 de
1290 5411 1527 5482 Assyriis
1555 5411 1895 5462 revertantur
1922 5400 1973 5451 in
2002 5405 2110 5449 ter-

529 5494 646 5580 ram
676 5518 935 5575 Judzeam.
961 5510 1210 5579 Legimus
1247 5504 1391 5559 enim
1421 5501 1606 5555 decem
1651 5494 1822 5549 tribus
1866 5496 2050 5558 captas
2080 5500 2109 5537 a

530 5576 668 5673 Plini
705 5618 760 5664 et
792 5576 1139 5661 Salmanasar
1168 5608 1224 5652 et
1249 5587 1729 5664 Teglathphalasar
1759 5579 1972 5649 regibus
2007 5576 2108 5628 As-

531 5708 821 5780 syriorum,
870 5706 925 5753 ct
963 5706 1133 5763 usque
1185 5688 1342 5743 hodie
1398 5683 1470 5738 ibi
1502 5693 1621 5734 esse
1650 5675 1907 5743 captivas.
1959 5667 2112 5721 Jeru-

1289 5776 1304 5780 ‘
1340 5778 1348 5780 ‘
1407 5775 1418 5780 ‘
1547 5772 1561 5780 ‘
1712 5776 1722 5780 -
1898 5776 1941 5780 --
1977 5756 2112 5780 IIII...»

534 5756 703 5856 salem
733 5804 948 5864 quoque
986 5798 1113 5841 tunc
1137 5795 1257 5838 esse
1283 5772 1653 5830 fabricandam
1674 5776 1730 5822 et
1760 5776 1947 5817 omnes
1977 5756 2116 5812 ﬁlias

610 5927 634 5954 ε
684 5911 1063 5976 Hieronymum
1102 5893 1222 5951 andi
1264 5890 1592 5958 loquentem,

1101 471 1160 525 Β.
1202 463 1457 526 RABANI
1496 457 1715 516 MAURI
1750 448 2068 510 ARCHIEP.
2108 441 2420 516 MOGUNT.
2459 434 2744 495 OPERUM
2786 431 2965 487 PARS
3000 431 3061 485 ll.

1418 580 1570 644 tavit,
1598 577 1825 632 dicens:
1861 589 1877 621 ι
1906 570 2045 623 Iram
2080 578 2124 637 Α
2153 557 2287 625 ejus.
2327 555 2498 611 Urbes
2526 551 2774 606 videlicet
2803 557 2859 602 ct
2887 544 3088 600 viculos
3132 551 3185 596 et
3213 540 3452 603 castella,
3504 556 3624 609 qua:
3650 538 3755 591 sub

3649 419 3755 480 0'32

2151 650 2323 720 ipsius
2346 648 2524 699 futura
2561 650 2689 696 sunt
2739 646 3006 709 potestate
3034 634 3327 695 ﬁorituras,
3381 638 3441 683 ut
3473 631 3621 698 prius
3646 627 3752 683 ﬂo-

2145 744 2391 795 ruerunt.
2435 734 2501 789 Et
2550 733 2721 802 ipsam
2773 724 3072 783 Jerusalem
3128 738 3260 777 auro
3296 731 3351 775 et
3390 728 3638 789 argento,
3700 728 3755 772 et

2143 830 2399 902 pretiosis
2445 824 2714 896 lapidibus
2774 818 3174 874 extruendam:
3226 815 3294 870 de
3334 828 3440 883 qua
3472 821 3526 867 et
3578 811 3756 868 Isaias

2147 924 2475 979 vaticinatur
2507 936 2519 973 :
2554 938 2573 970 ‹
2618 914 2959 971 Constituam
3008 909 3222 981 judices
3250 916 3370 963 tuos
3408 907 3547 962 sicut
3596 906 3757 976 prius

2147 1026 2204 1072 et
2230 1011 2569 1071 consiliarios
2592 1016 2713 1063 tuos
2737 1006 2880 1061 sicut
2904 1018 2935 1057 τι
2960 1000 3247 1073 principio.
3276 998 3343 1053 Et
3371 1007 3494 1068 post
3519 999 3631 1050 haec
3662 1011 3757 1051 vo-

2148 1106 2361 1177 caberis
2388 1103 2578 1161 civitas
2602 1098 2849 1169 iustitiae,
2882 1102 3057 1151 mater
3084 1092 3388 1156 civitatum,
3421 1089 3591 1144 fidelis
3615 1086 3756 1142 Sion

2152 1198 2288 1269 (Isa.
2337 1195 2398 1267 ι).
2454 1212 2473 1245 ι
2533 1192 2598 1247 Et
2645 1196 2831 1245 nostra
2875 1184 3117 1256 loquitor
3173 1180 3521 1253 Apocalypsis
3561 1179 3754 1249 (Apoc.

2152 1287 2289 1360 χχι).
2322 1287 2389 1342 Ει
2415 1282 2582 1341 David
2612 1281 2760 1336 canit
2790 1298 2802 1334 :
2842 1296 2860 1330 ι
2904 1276 3052 1332 Bene
3075 1273 3183 1338 fac,
3236 1273 3483 1336 Domine,
3522 1271 3574 1324 in
3605 1269 3757 1323 bona

2152 1357 2429 1435 voluntate
2454 1375 2605 1439 Sion,
2626 1369 3034 1429 ntzedilicentur
3068 1364 3205 1420 muri
3235 1362 3535 1418 Jerusalem
3573 1357 3756 1429 (Psal.

2155 1473 2230 1541 ι).
2292 1488 2313 1522 ι
2385 1467 2451 1521 Et
2490 1466 2543 1520 in
2585 1463 2693 1517 alio
2722 1461 2889 1517 loco:
2929 1476 2947 1509 ι
2994 1453 3432 1511 ίΕόίίίθεὼιιηιιιιν
3500 1448 3760 1505 civitates

2153 1540 2324 1626 Judae,
2351 1566 2407 1615 et
2435 1555 2835 1617 inhabitabunt,
2863 1561 2916 1606 et
2943 1544 3421 1604 commorabuntur
3456 1540 3551 1603 ibi,
3580 1546 3635 1591 et
3666 1550 3759 1589 seL

2157 1671 2280 1712 men
2300 1667 2491 1709 eorum
2512 1649 2567 1704 in
2584 1657 2847 1703 :eternum
2871 1642 3131 1712 dirigetur
3153 1631 3328 1709 (Psal.
3374 1647 3426 1688 cr
3462 1630 3505 1701 ).
3541 1647 3561 1680 ι
3644 1627 3763 1681 Nos

2158 1758 2339 1803 autem
2378 1744 2569 1799 horum
2596 1737 2895 1809 perfectam
2922 1730 3206 1788 scientiam
3242 1725 3335 1780 Dei
3354 1722 3561 1793 judicio
3590 1718 3763 1773 relin-

2158 1848 2407 1914 quentes,
2462 1836 2573 1890 imo
2622 1829 2827 1901 liquido
2872 1824 3227 1886 conﬁdentes,
3284 1825 3408 1889 post
3452 1812 3763 1870 secundum

1874 1948 2054 2010 fuerit,
2088 1955 2134 2015 Β
2161 1900 2453 1989 adventurm
2476 1900 2691 1982 Domini
2737 1918 3034 1978 Salvatoris
3056 1914 3191 1971 nihil
3223 1910 3447 1973 humile,
3506 1903 3641 1961 nihil
3672 1900 3763 1956 fu—

2164 2032 2345 2078 turum
2371 2032 2491 2073 esse
2519 2024 2813 2074 terrenum,
2857 2009 2953 2064 sed
2978 2019 3142 2077 regna
3166 1997 3432 2061 cmlestia,
3478 2008 3600 2064 qua:
3646 1988 3767 2060 pri-

2161 2128 2309 2170 mum
2335 2112 2388 2165 in
2418 2104 2712 2178 Evangelio
2738 2100 3151 2174 promittuntur,
3204 2093 3305 2146 hoc
3330 2087 3562 2142 dicimus
3610 2079 3766 2150 quod

2164 2207 2217 2260 in
2242 2202 2496 2258 Ecclesia:
2530 2172 2672 2255 statu
2731 2172 2924 2249 cuncta
2956 2185 3220 2256 completa
3258 2181 3390 2243 sint,
3434 2185 3487 2231 et
3516 2172 3767 2243 quotidie

2163 2294 2555 2364 compleantur.
2615 2286 2850 2341 Sodoma
2897 2278 3189 2336 revertitur
3220 2274 3273 2328 in
3308 2270 3590 2338 antiquum
3640 2271 3765 2319 sta-

2164 2360 2303 2453 tum,
2336 2382 2551 2456 quando
2608 2388 2813 2435 naturae
2858 2389 2971 2430 sua:
2996 2370 3208 2427 reddita
3258 2363 3474 2436 gentilis
3511 2360 3663 2430 prius
3711 2365 3769 2412 ct

2155 2481 2302 2552 justa
2353 2448 2538 2533 anima
2590 2470 2845 2541 intelligit
2867 2468 3207 2531 Creatorem.
3258 2454 3507 2513 Samaria
3566 2448 3769 2519 recipit

2164 2572 2441 2640 antiquam
2471 2563 2859 2621 beatitudinem
2884 2555 3264 2613 haereticorum
3303 2559 3488 2604 errore
3518 2549 3772 2599 contem-

2163 2671 2275 2732 pto,
2298 2635 2375 2715 ἐι
2398 2656 2585 2727 juncta
2607 2652 2868 2709 doctrina:
2897 2657 2952 2704 et
2980 2646 3103 2702 ﬁdei
3133 2640 3472 2700 Christianae.
3518 2635 3771 2702 Cumque

2166 2752 2271 2808 illa:
2322 2762 2556 2804 reversae
2609 2744 2855 2807 fuerint,
2910 2749 2967 2795 et
3016 2734 3317 2793 Jerusalem
3370 2728 3511 2784 visio
3563 2725 3721 2795 pacis
3750 2769 3765 2793 ,

2166 2861 2289 2915 qum
2332 2842 2717 2910 interpretatur
2748 2831 3014 2896 Ecclesia,
3049 2832 3351 2883 revertetur
3382 2822 3436 2876 in
3474 2817 3771 2889 pristinum

2167 2907 2390 2990 statum.
2419 2907 2497 2985 De
2523 2944 2629 2998 qua
2665 2924 2926 2992 scriptum
2970 2926 3093 2974 est:
3126 2936 3144 2966 ι
3189 2915 3388 2969 Factus
3420 2916 3505 2965 est
3550 2907 3605 2961 in
3627 2918 3769 2975 pace

2167 3010 2320 3077 locus
2367 3020 2484 3090 ejus
2514 2996 2685 3088 (Paul.
2724 3009 2907 3081 Lxxv).
2961 3027 2979 3060 ι
3024 3006 3133 3061 Et:
3196 3021 3215 3052 ι
3253 2996 3552 3055 Jerusalem
3582 3036 3598 3061 ,
3646 3007 3775 3063 quae

2169 3114 2470 3170 aediﬁcatur
2497 3084 2560 3161 ut
2605 3105 2815 3167 civitas,
2852 3101 3005 3170 cujus
3046 3091 3392 3168 participatio
3440 3086 3559 3157 ejus
3602 3086 3654 3139 in
3695 3084 3776 3137 i1-

2172 3206 2347 3277 ipsum
2375 3198 2549 3275 (Psal.
2574 3194 2743 3266 cxxi).
2790 3213 2809 3248 ι
2856 3192 2924 3246 Et
2948 3190 3001 3244 in
3028 3184 3284 3258 Apostolo
3315 3202 3328 3235 :
3367 3201 3387 3232 ι
3430 3179 3561 3246 Qua:
3588 3185 3774 3231 autem

2441 3298 2548 3353 est,
2603 3280 2902 3341 Jerusalem
2951 3278 3122 3333 libera
3173 3284 3279 3337 est,
3333 3285 3453 3340 quae
3477 3274 3560 3322 est
3597 3272 3778 3319 mater

2182 3392 2365 3441 nostra
2390 3380 2590 3454 (Galat.
2620 3375 2717 3447 iv).
2754 3394 2773 3428 ›
2829 3373 2899 3428 Et
2928 3372 2981 3427 in
3010 3369 3203 3426 eodem
3240 3380 3256 3419 :
3286 3382 3305 3415 ι
3350 3357 3678 3417 Aecessistis
3708 3354 3778 3411 ad

2183 3472 2314 3533 Sion
2357 3448 2615 3535 montem,
2651 3477 2707 3526 et
2737 3466 2806 3521 ad
2834 3464 3112 3519 civitatem
3141 3457 3239 3513 Dei
3287 3452 3522 3509 viventis
3563 3448 3780 3505 Jerusa-

2182 3568 2290 3623 lem
2337 3564 2635 3627 ctelestem,
2707 3568 2762 3614 et
2816 3554 2979 3611 millia
3039 3549 3351 3621 angelorum
3408 3540 3775 3612 frequentium

2186 3658 2372 3733 (Hebr.
2402 3656 2524 3727 xu).
2560 3674 2578 3706 ι
2639 3651 2707 3706 Et
2736 3653 3037 3703 revertetur
3066 3656 3188 3698 cum
3222 3637 3437 3692 ﬁliabus
3466 3632 3600 3694 suis,
3653 3645 3779 3699 qua:

2185 3720 2240 3805 in
2273 3757 2385 3804 toto
2412 3720 2543 3800 orbe
2565 3743 2823 3811 dispersae
2848 3742 2994 3791 sunt.
3055 3732 3133 3787 De
3163 3742 3269 3799 quo
3292 3725 3503 3797 plenius
3540 3723 3595 3776 in
3625 3720 3779 3774 Isaia:

2184 3834 2653 3911 explanationibus
2679 3826 3036 3884 disseruimus
3064 3834 3113 3875 ιι.

2264 3951 2283 3982 ι
2328 3925 2575 3985 Non'fuit
2599 3930 2779 3977 autem
2808 3916 3045 3987 Sodoma
3073 3925 3229 3967 soror
3259 3916 3349 3963 tua
3378 3904 3561 3959 audita
3596 3902 3647 3954 in
3684 3914 3781 3953 ore

2194 4045 2211 4077 ι
2259 4033 2351 4079 tuo
2405 4022 2458 4075 in
2484 4019 2573 4074 die
2619 4011 2885 4084 superbia:
2920 4016 3047 4070 tum,
3105 4012 3396 4070 antequam
3447 3995 3784 4051 revelaremr

2195 4134 2213 4166 ι
2261 4111 2465 4167 malitia
2494 4116 2610 4170 tua,
2640 4082 2779 4159 sicut
2808 4102 2914 4155 hoc
2938 4105 3184 4165 tempore
3234 4092 3287 4146 in
3322 4087 3668 4159 opprobrium
3723 4082 3785 4135 ii-

2198 4224 2217 4256 ι
2262 4204 2453 4258 liaruni
2477 4197 2668 4270 Syria},
2690 4204 2745 4248 et
2762 4198 3077 4248 cunctarum
3100 4186 3154 4239 in
3178 4181 3407 4239 circuitu
3434 4188 3525 4233 tuo
3550 4176 3784 4230 ﬁliarum

2198 4314 2217 4348 ‹
2260 4264 2686 4348 Palzestinarnm,
2737 4272 2854 4354 qua:
2874 4279 3121 4335 ambiunt
3154 4285 3205 4330 te
3240 4288 3336 4344 per
3355 4285 3568 4341 gyrum.
3596 4264 3787 4320 Scelus

2200 4408 2219 4439 ι
2265 4395 2412 4440 tuum
2431 4390 2485 4437 et
2509 4377 2857 4451 ignominiam
2884 4381 3034 4426 tuam
3063 4377 3117 4422 tu
3140 4363 3393 4436 portasti,
3424 4360 3502 4414 ait
3527 4355 3789 4411 Dominus

2202 4499 2220 4529 ε
2268 4478 2429 4531 Deus.
2492 4491 2509 4521 ι
2575 4468 2709 4535 Quia
2763 4466 2929 4536 igitur
2965 4459 3146 4515 vicisti
3190 4457 3241 4510 in
3291 4451 3495 4509 scelere
3544 4461 3787 4501 sororem

2199 4576 2363 4627 tuam,
2408 4577 2509 4617 nec
2547 4557 2664 4626 ejus
2686 4552 2930 4623 exemplo
2972 4550 3159 4605 territa
3183 4560 3263 4608 es,
3310 4557 3379 4597 ne
3404 4538 3600 4596 similia
3627 4534 3789 4592 susti-

2421 4660 2475 4705 et
2502 4648 2818 4718 probiberes
2855 4642 3044 4712 pedem
3081 4647 3250 4692 tuum.
3297 4632 3449 4687 Nunc
3482 4638 3662 4683 autem
3700 4642 3789 4681 re-

2203 4747 2378 4801 velata
2429 4752 2513 4798 est
2546 4736 2840 4810 ignominia
2876 4742 2986 4794 tua,
3029 4729 3124 4782 Dei
3165 4723 3408 4780 ausculta
3443 4718 3789 4776 sententiam.

2204 4839 2283 4891 vel
2309 4844 2460 4907 porta
2482 4806 2635 4901 jux'ta
2658 4825 3009 4899 Septuaginta
3040 4839 3052 4873 :
3086 4818 3169 4873 vel
3191 4813 3417 4887 portasti
3442 4811 3596 4878 juxta
3628 4806 3795 4875 Aqui-

2206 4895 2323 4982 lam.
2357 4934 2411 4979 et
2448 4895 2869 4977 T'heodotionem
2897 4930 2911 4966 :
2936 4911 3019 4965 vel
3052 4913 3333 4980 portatura
3354 4918 3415 4958 es
3446 4900 3605 4968 juxta
3638 4895 3791 4963 Sym-

2207 5019 2479 5081 machum,
2522 5012 2698 5069 scelus
2726 5020 2782 5064 et
2802 5003 3153 5077 ignominiam
3182 5007 3347 5052 tuam.
3398 4991 3468 5049 Ut
3501 4996 3789 5061 postquam

2208 5127 2397 5184 pmnas
2442 5123 2539 5177 pro
2580 5100 2869 5171 sacrilegio
2911 5091 3258 5153 sustinueris,
3320 5084 3532 5139 veniam
3582 5094 3689 5133 non
3727 5091 3791 5129 ex

2209 5213 2367 5273 pacto
2391 5208 2499 5261 tuo,
2548 5195 2638 5249 sed
2661 5210 2723 5247 ex
2761 5204 2875 5243 mea
2905 5184 3186 5240 clementia
3213 5173 3586 5243 consequaris.
3634 5168 3785 5237 Syria

2216 5295 2437 5349 Hebraeo
2464 5301 2713 5343 sermone
2745 5279 2941 5336 dicitur
2983 5274 3164 5336 Aram,
3229 5282 3348 5336 qua:
3400 5264 3787 5330 interpretatur

2216 5382 2529 5440 sublimitas.
2602 5377 2668 5431 Et
2691 5375 2842 5443 juxta
2878 5365 3309 5437 explanationem
3333 5356 3478 5410 illius
3497 5352 3602 5407 loci
3643 5349 3793 5403 [sake

2216 5473 2511 5545 prophetae,
2586 5468 2638 5520 in
2681 5440 2787 5532 quo
2839 5460 3003 5513 Aram
3051 5462 3107 5509 et
3150 5447 3406 5519 Ephraim
3456 5440 3799 5498 consentiunt

2218 5538 2405 5621 contra
2464 5559 2657 5613 Judam
2717 5562 2771 5607 et
2825 5546 3158 5606 Jerusalem,
3224 5538 3562 5594 ethnicorum
3608 5538 3799 5600 arguta

2219 5653 2505 5723 sapientia,
2546 5656 2601 5701 et
2632 5659 2751 5714 qua:
2789 5639 2890 5695 sibi
2919 5634 3300 5692 sublimitatem
3336 5624 3576 5681 scientiae
3624 5630 3800 5688 repro-

2223 5748 2417 5807 mittat,
2457 5739 2643 5808 juncta
2700 5730 2918 5787 malitixe
2965 5722 3341 5781 hmreticorum
3390 5716 3669 5787 impugnat
3707 5708 3802 5765 Ju-

1641 5892 1799 5951 quem
1835 5868 2088 5929 describit
2127 5861 2395 5918 Rabanns.
