3948 6342
260 374 369 430 693

1211 374 1561 433 COMMENT.
1606 375 1671 430 IN
1709 377 2158 433 EZECHIELEM.
2199 408 2267 458 -τ-
2307 377 2433 431 LIB.
2478 379 2607 434 VIII.

3416 380 3522 437 69$

250 489 402 554 dam,
446 490 500 543 in
523 504 631 558 quo
673 504 797 543 vera
836 488 1103 545 confessio
1132 498 1236 555 est,
1277 500 1455 545 etnon
1499 500 1673 561 potest
1703 504 1816 559 prae
1871 496 1915 554 Α
1948 502 2066 547 tuas
2094 491 2327 561 majores
2367 494 2448 548 vel
2477 494 2738 559 minores,
2784 492 3085 548 Samariam
3122 505 3174 549 et
3213 495 3528 563 Sodomam,

248 581 460 636 valere.
497 580 595 635 llic
623 596 837 651 quoque
859 582 1046 636 eadem
1069 582 1378 652 arrogantia
1417 582 1609 654 Syriaa,
1643 582 1695 637 id
1730 592 1834 649 est,

249 670 694 741 philosophorum
734 688 855 727 cum
893 672 1102 727 filiabus
1130 673 1576 744 alienigenarum,
1624 675 1675 728 in
1720 675 1837 743 qui-

247 759 355 815 bus
378 759 656 830 multiplex
679 761 1015 816 diversorum
1047 762 1098 815 in
1133 763 1384 834 gentibus
1422 778 1578 818 error
1599 765 1838 819 ostendi-

249 859 365 917 tur,
389 851 568 906 illudit
610 850 930 916 Jerusalem,
985 860 1039 907 et
1080 853 1370 922 opprobrio
1396 854 1557 909 habet
1583 854 1737 924 cujus
1760 854 1837 908 vi-

250 944 346 999 tiis
367 952 621 1013 superata
657 951 760 999 est.

328 1062 349 1095 ε
398 1043 534 1111 Quia
576 1044 690 1098 haec
730 1043 859 1100 dicit
895 1042 1153 1099 Dominus
1194 1043 1336 1099 Deus
1362 1063 1373 1097 :
1404 1044 1469 1099 Et
1510 1044 1706 1099 faciam
1744 1047 1839 1101 tibi

252 1155 275 1185 ι
320 1122 1164 1203 sicutdespexistijuramentum
1198 1144 1257 1188 ut
1279 1134 1491 1189 irritum
1514 1134 1724 1191 faceres
1746 1152 1840 1205 pa-

255 1242 277 1274 ι
325 1232 493 1278 ctum.
525 1222 592 1277 Et
631 1223 959 1278 recordabor
980 1239 1081 1294 ego
1114 1225 1257 1293 pacti
1280 1226 1384 1280 mei
1424 1234 1602 1281 tecum
1646 1226 1697 1281 in
1729 1228 1840 1283 die—

257 1334 278 1367 ‹
322 1316 428 1370 bus
470 1314 843 1370 adolescentiae
887 1322 1007 1381 ture,
1080 1324 1135 1371 et
1173 1316 1446 1371 suscitabo
1486 1318 1583 1372 tibi
1619 1327 1838 1387 pactum

258 1424 279 1456 ο
323 1406 736 1475 sempiternum,
768 1412 821 1459 et
852 1404 1222 1460 recordaberis
1253 1407 1462 1461 viarum
1508 1416 1743 1473 tuarum,
1788 1416 1842 1464 et

260 1513 279 1545 ι
329 1493 676 1550 confunderis
696 1508 818 1548 cum
850 1495 1122 1563 receperis
1142 1509 1356 1550 sorores
1388 1504 1507 1550 tuas
1526 1504 1701 1551 tecum
1735 1513 1843 1551 ma-

259 1605 277 1635 ι
319 1582 472 1651 jores
497 1584 619 1638 cum
643 1583 945 1639 minoribus
966 1584 1091 1639 tuis.
1129 1584 1197 1639 Et
1215 1584 1352 1639 dabo
1377 1584 1469 1640 tibi
1490 1601 1583 1641 eas
1605 1587 1657 1640 in
1680 1585 1839 1652 filias,

259 1694 279 1726 ι
328 1676 423 1730 sed
458 1688 564 1728 non
605 1688 671 1728 ex
718 1682 879 1743 pacto
907 1682 1021 1739 tuo,
1078 1683 1134 1728 et
1174 1674 1445 1730 suscitabo
1494 1674 1589 1729 tibi
1626 1683 1839 1745 pactum

258 1787 280 1820 ι
329 1782 511 1823 meum
539 1774 741 1832 tecum,
780 1775 836 1821 et
875 1766 1013 1821 scies
1046 1766 1173 1836 quia
1222 1781 1319 1837 ego
1359 1766 1638 1831 Dominus,
1673 1776 1730 1821 ut
1760 1781 1844 1820 re-

259 1882 278 1914 ι
327 1860 572 1917 cordcris
610 1868 663 1913 et
685 1857 1058 1923 confundaris,
1100 1866 1283 1913 etnon
1306 1858 1377 1913 sit
1411 1858 1506 1913 tibi
1548 1857 1688 1912 ultra
1719 1872 1845 1927 ape-
1874 1839 1919 1896 Β

258 1972 280 2005 ε
329 1953 443 2008 rire
487 1967 549 2009 os
578 1966 691 2022 pra:
729 1948 1043 2007 confusione
1087 1958 1198 2014 tua,
1249 1964 1371 2003 cum
1408 1949 1653 2018 placatus
1689 1948 1842 2003 fuero

222 2044 223 2047 “
262 2062 280 2095 ι
328 2042 429 2099 tibi
452 2042 504 2096 in
530 2041 783 2097 omnibus
824 2054 942 2109 qua:
964 2038 1164 2105 fecisti,
1199 2038 1275 2092 ait
1310 2038 1573 2094 Dominus
1598 2038 1760 2093 Deus.
1816 2058 1834 2088 ι

250 2134 383 2190 Ideo
428 2132 524 2187 tibi
564 2132 673 2187 dixi
701 2148 713 2184 :
738 2129 914 2186 scelus
945 2138 1095 2184 tuum
1144 2137 1199 2183 ct
1226 2128 1576 2203 ignominiam
1612 2135 1755 2181 tuam
1787 2138 1844 2181 tu

250 2231 434 2296 porta,
455 2223 569 2279 sive
595 2223 949 2292 portasti,aut
979 2210 1255 2290 portatura
1279 2234 1356 2284 es,
1373 2229 1432 2274 ut
1454 2220 1682 2291 recipias
1700 2219 1843 2290 quod

252 2314 505 2378 mereris,
534 2313 659 2383 quia
695 2312 985 2382 despexisti
1022 2311 1384 2381 juramentum
1415 2326 1615 2376 meum,
1646 2320 1702 2366 et
1722 2311 1843 2365 irri-

253 2414 374 2460 tum
417 2405 589 2460 fecisti
634 2412 852 2473 pactum
900 2418 1096 2457 meum.
1146 2401 1279 2457 Cum
1322 2411 1500 2458 autem
1543 2402 1705 2459 fuerit
1755 2418 1845 2458 ex-

252 2493 460 2565 pletum
519 2513 531 2548 :
594 2512 613 2545 c
663 2494 775 2564 Ego
819 2492 1082 2557 occidam,
1118 2501 1177 2547 et
1223 2507 1326 2563 ego
1380 2490 1699 2556 vivificabo‘;
1742 2506 1842 2563 ego

253 2585 596 2655 percutiam,
635 2593 690 2641 et
730 2600 833 2655 ego
874 2585 1077 2640 sanabo
1133 2582 1324 2654 (Deut.
1381 2580 1593 2652 xxx");
1645 2600 1663 2633 ι
1716 2590 1843 2635 tunc

256 2677 588 2733 recordabar
626 2677 770 2746 pacti
807 2675 936 2742 mei,
976 2674 1116 2744 quod
1156 2674 1283 2729 olim
1339 2682 1514 2728 tecum
1556 2672 1745 2734 habui,
1787 2679 1842 2725 et

253 2766 533 2823 suscitabo
579 2768 675 2821 tibi
704 2775 920 2837 pactum
952 2778 1290 2834 nequaquam
1318 2762 1469 2833 legis,
1528 2761 1669 2832 quod
1705 2777 1841 2830 prie-

252 2857 422 2921 teriit,
466 2858 559 2912 sed
588 2864 801 2927 pactum
841 2854 1115 2924 Evangelii
1154 2853 1561 2921 sempiternum.
1617 2850 1687 2907 Ut
1718 2866 1840 2905 cum

253 2947 535 3001 recordata
560 2945 729 3013 fueris
750 2947 957 3000 viarum
987 2953 1223 3006 tuarum,
1248 2951 1302 2995 et
1324 2942 1594 3012 receperis
1627 2955 1841 2995 sorores

1939 596 2235 651 earumque
2277 584 2473 648 socias,
2528 582 2759 637 tribuam
2794 583 2887 638 tibi
2918 599 3010 639 eas
3037 585 3090 639 in
3117 584 3280 648 filias,
3321 585 3432 640 sive
3468 586 3524 641 in

1938 672 2311 742 probationem
2360 672 2424 743 (ι
2461 671 2685 742 Oportet
2724 674 2864 728 enim
2896 682 2949 728 et
3002 676 3236 729 haereses
3280 690 3429 741 esse,
3465 684 3525 729 ut

1941 759 2148 829 probati
2189 761 2388 832 quique
2437 762 2707 818 manifesti
2746 764 2878 819 fiant
2913 764 2965 839 [Ι
3003 764 3125 821 Cor.
3166 766 3243 839 ιι]
3271 758 3315 838 ),“
3364 787 3381 819 ι
3416 784 3523 823 ηοη

1941 867 2007 906 ex
2045 860 2135 909 tuo
2181 856 2394 919 merito,
2450 856 2545 911 sed
2596 871 2660 911 ex
2714 872 2833 913 mea
2874 859 3267 926 misericordia,
3311 870 3367 917 et
3399 870 3523 917 tunc

1942 942 2083 997 scias
2114 944 2255 1013 quod
2285 959 2384 1014 ego
2401 944 2503 1001 sim
2529 945 2811 1011 Dominus,
2840 956 2895 1002 ct
2916 950 3217 1005 recorderis
3240 952 3525 1008 beneﬂcio-

1942 1048 2061 1088 rum
2112 1048 2381 1099 meorum,
2428 1044 2481 1090 et
2523 1036 2899 1102 confundaris,
2934 1048 2989 1093 et
3015 1040 3165 1096 dicas
3190 1040 3345 1110 juxta
3380 1042 3522 1112 Apoc

1926 1123 2135 1179 ‘stolum
2170 1142 2183 1177 :
2227 1142 2245 1175 ι
2288 1124 2424 1193 Quia
2455 1142 2561 1183 non
2604 1142 2724 1181 sum
2765 1128 2958 1199 dignus
2998 1132 3179 1185 vocari
3224 1133 3521 1201 apostolus,

1942 1224 2046 1269 etc.
2080 1213 2129 1285 (I
2154 1213 2276 1271 Cor.
2300 1217 2409 1288 xv).
2444 1237 2460 1267 ι
2494 1218 2559 1272 Εῑ
2582 1234 2687 1274 non
2707 1219 2779 1273 sit
2804 1221 2898 1275 tibi
2938 1220 3075 1275 ultra
3102 1225 3311 1293 aperire
3329 1241 3390 1281 os
3415 1242 3525 1296 prae

1944 1310 2256 1365 confusione
2296 1320 2406 1365 tua.
2452 1329 2469 1362 ι
2521 1310 2841 1368 Sanctorum
2869 1322 2953 1369 est
3001 1315 3145 1369 enim
3189 1318 3399 1387 aperire
3443 1334 3523 1377 os.

1938 1405 2091 1476 juxta
2138 1403 2361 1458 Paulum
2397 1403 2535 1460 :.Os
2567 1420 2743 1459 meum
2768 1416 2917 1476 patet
2953 1409 3019 1463 ad
3043 1424 3159 1469 vos,
3199 1425 3232 1464 ο
3260 1408 3522 1465 Corinthii

1945 1495 2032 1567 (II
2058 1495 2178 1550 Cor.
2210 1496 2325 1568 v1);
2363 1518 2381 1550 ι
2428 1506 2483 1551 et
2538 1497 2751 1553 Domini
2804 1498 3125 1565 Salvatoris,
3186 1503 3275 1571 qui
3334 1521 3352 1553 ι
3398 1518 3523 1573 ape-

1947 1589 2089 1643 riens
2128 1603 2190 1643 os
2238 1603 2394 1661 suum
2430 1588 2657 1645 docebat
2682 1599 2793 1655 eos,
2825 1591 3009 1648 dicens
3032 1592 3247 1666 (Matth.
3276 1594 3351 1665 v).
3396 1614 3413 1645 ι
3458 1595 3525 1650 Et
3584 1592 3585 1595 “

1940 1678 2009 1732 1η,
2034 1670 2282 1743 Psalmis,
2310 1678 2483 1749 inquit
2509 1694 2522 1733 :
2561 1698 2579 1731 ι
2620 1680 2875 1749 Aperiam
2904 1683 2956 1735 in
2978 1684 3247 1753 parabolis
3266 1701 3328 1740 os
3345 1700 3523 1741 meum

1945 1765 2117 1837 (Psal.
2160 1766 2385 1838 Lxxvu).
2434 1788 2453 1821 ι
2506 1768 2783 1825 Peccatori
2834 1781 3013 1828 autem
3055 1774 3290 1829 dicitur:
3323 1793 3341 1825 ι
3387 1776 3519 1830 Pec-

1946 1856 2103 1919 casti,
2154 1857 2370 1925 quiesce
2440 1856 2629 1929 (Eccfi.
2676 1859 2810 1931 xxi).
2846 1877 2866 1913 ς
2917 1862 3028 1915 Et:
3080 1880 3101 1916 ι
3148 1864 3219 1919 Ut
3268 1857 3405 1935 quid
3460 1874 3515 1918 tu

1951 1946 2179 2003 assumis
2218 1956 2599 2004 testamentum
2662 1965 2839 2006 meum
2895 1966 2991 2021 per
3042 1967 3103 2007 os
3148 1962 3295 2007 tuum
3344 1951 3515 2023 (Psal.

1950 2039 2117 2111 xux).
2163 2059 2181 2090 ι
2258 2040 2365 2094 Et:
2405 2059 2424 2091 ι
2476 2039 2590 2096 Non
2629 2050 2712 2097 est
2758 2042 2980 2113 pulchra
3030 2042 3269 2098 laudatio
3316 2045 3369 2098 in
3422 2059 3518 2100 ore

1944 2130 2246 2200 peccatoris
2310 2129 2501 2201 (Ecch'.
2528 2131 2636 2202 xv).
2695 2151 2713 2183 ι
2760 2132 2991 2188 Sanctus
3022 2149 3237 2204 quoque
3284 2144 3522 2189 meretur

1945 2219 2132 2275 audire
2170 2238 2183 2273 :
2226 2238 2245 2271 ι
2292 2220 2455 2289 Aperi
2492 2236 2555 2277 os
2603 2230 2751 2277 tuum
2806 2232 2862 2278 et
2894 2224 3127 2295 implebo
3165 2224 3294 2280 illud
3342 2222 3518 2297 (Psaf.

1942 2310 2126 2375 Lxxx).
2166 2329 2184 2362 ι
2250 2310 2327 2364 Ex
2366 2326 2472 2380 quo
2522 2311 2868 2382 intelligimus
2898 2314 3084 2379 etiam,
3148 2331 3270 2369 cum
3316 2316 3523 2370 miscri-

1937 2401 2128 2456 cordia
2162 2401 2373 2456 Domini
2415 2402 2776 2472 receperimus
2814 2404 3098 2473 pristinam
3125 2405 3371 2478 gloriam,
3416 2407 3523 2461 imo

1948 2492 2311 2562 receperimus
2353 2502 2569 2561 pactum
2606 2492 2886 2564 Evangelii
2934 2494 3341 2565 sempiternum,
3387 2506 3528 2567 post-

1949 2597 2111 2651 quam
2150 2582 2394 2651 placatus
2426 2581 2586 2636 fuerit
2619 2583 2773 2638 nobis
2819 2583 3093 2649 Dominus,
3152 2586 3206 2640 in
3252 2585 3522 2646 omnibus,

1947 2688 2066 2743 quae
2105 2671 2332 2727 fecimus
2374 2673 2689 2727 memoriam
2725 2676 2985 2743 praeteriti
3034 2692 3132 2732 nos
3165 2676 3363 2732 habere
3405 2692 3525 2744 pec-

1948 2762 2054 2818 cati
2116 2770 2173 2817 et
2218 2776 2432 2831 semper
2467 2776 2529 2817 os
2558 2762 2830 2828 claudere,
2871 2765 2995 2834 quia
3042 2781 3147 2821 non
3181 2782 3247 2821 ex
3269 2766 3523 2837 operibus

1945 2848 2168 2915 nostris,
2225 2855 2319 2908 sed
2361 2868 2427 2909 ex
2462 2854 2554 2909 Dei
2604 2857 2781 2925 gratia
2819 2857 3008 2911 salvati
3039 2873 3243 2913 sumus.

1466 3206 1764 3285 LIBER
1818 3205 2316 3286 OCTAVUS.

328 3428 347 3459 ι
376 3406 574 3463 Fidelis
594 3405 852 3462 Dominus
874 3405 927 3459 in
955 3403 1137 3459 verbis
1158 3403 1290 3468 suis,
1309 3411 1365 3457 et
1394 3410 1615 3457 sanctus
1638 3403 1692 3456 in
1722 3418 1833 3457 om-
1861 3408 1907 3468 ί]
1945 3417 1963 3449 ι
2011 3400 2061 3453 in
2094 3407 2290 3453 terram
2320 3398 2597 3464 Chanaan,
2641 3401 2692 3453 in
2729 3400 2861 3454 urbe
2898 3403 3289 3472 negotiatorum
3338 3406 3516 3474 posuit

246 3500 412 3556 nibus
441 3499 693 3569 operibus
720 3497 886 3553 suis.»
908 3495 1032 3550 Haec.
1054 3493 1367 3565 prophetica
1401 3494 1667 3547 sententia
1719 3508 1833 3546 ma-

244 3592 447 3649 nifeste
482 3592 748 3661 completa
786 3590 1037 3646 clarescit
1069 3589 1122 3643 in
1161 3603 1226 3643 eo
1248 3588 1387 3657 quod
1420 3588 1677 3642 Dominus
1721 3588 1831 3657 ple-

242 3684 372 3739 bem
418 3681 771 3737 Israeliticam
800 3687 1124 3743 commovet,
1176 3677 1425 3747 qualibus
1450 3676 1726 3732 beneficiis
1764 3679 1830 3730 ab

246 3774 409 3829 initio
448 3772 724 3836 nutrierit,
780 3770 1181 3839 exprobratque
1228 3769 1277 3823 ei
1327 3768 1584 3821 duritiam
1634 3767 1830 3822 mentis

244 3878 381 3927 suae,
438 3878 502 3917 eo
524 3862 666 3930 quod
714 3860 781 3913 ad
816 3859 997 3913 omnia
1044 3856 1303 3912 beneficia
1343 3856 1459 3926 ejus
1490 3872 1703 3925 semper
1736 3872 1829 3910 ex-

242 3953 452 4009 stiterit
478 3952 710 4020 ingrata,
748 3957 802 4003 et
841 3947 1139 4003 benefactis
1166 3947 1283 4015 ejus
1335 3945 1473 3999 mala
1524 3943 1829 3999 diffidentia:

240 4053 302 4101 et
332 4041 706 4097 inobedientiae
732 4038 1118 4109 repensaverit.
1180 4036 1304 4090 Haec
1331 4037 1547 4105 quidem
1594 4036 1647 4089 in
1676 4051 1830 4105 supe-

242 4131 380 4188 riori
435 4130 572 4184 libro
618 4128 855 4183 maxima
898 4141 965 4181 ex
1018 4134 1171 4196 parte
1209 4132 1627 4180 commemorata
1662 4133 1825 4179 sunt:

243 4234 393 4275 nunc
440 4226 619 4273 autem
671 4216 811 4271 mala
867 4231 984 4286 quae
1014 4217 1065 4269 ei
1100 4224 1155 4269 et
1184 4215 1411 4285 principi
1449 4214 1564 4283 ejus
1610 4224 1832 4286 propter

242 4310 618 4366 infidelitatem
642 4325 793 4364 suam
822 4316 1047 4363 ventura
1073 4308 1202 4373 sint,
1255 4322 1351 4377 per
1378 4308 1606 4379 aenigma
1658 4316 1713 4362 et
1736 4323 1830 4378 pa-

243 4403 487 4460 rabolam
520 4403 777 4472 pnedicit,
832 4402 905 4455 ita
928 4409 985 4454 ut
1010 4400 1153 4456 nullo
1185 4402 1341 4456 modo
1371 4402 1445 4455 rei
1494 4411 1547 4455 et
1584 4418 1831 4472 perseve—

243 4503 431 4550 rantes
473 4495 525 4549 in
567 4493 801 4561 nequitia
848 4508 968 4555 sua,
1024 4506 1197 4575 neque
1242 4492 1613 4560 pmnitentiam
1668 4507 1829 4562 agere

241 4586 509 4647 volentes,
574 4586 735 4655 justae
767 4585 984 4641 ultionis
1018 4587 1247 4641 evadere
1278 4587 1482 4656 possint
1511 4580 1827 4652 vindictam,

239 4677 343 4734 sed
372 4676 621 4731 meritam
671 4690 895 4745 operum
925 4691 1143 4731 suorum
1173 4691 1387 4746 pinnam
1418 4678 1652 4746 protervi
1708 4694 1831 4747 pcr-

241 4766 455 4838 cepturi
491 4766 619 4821 sint.
654 4765 807 4822 Unde
827 4775 881 4821 et
908 4767 1193 4835 sequitur:

827 4877 1050 4933 CAPUT
1097 4877 1254 4932 XVII.

235 4968 491 5051 Joqcltim
516 4969 571 5049 in
599 4967 862 5051 Babyfene
907 4966 1406 5051 cgptivoISec‘fechias
1434 4979 1482 5022 et
1525 4968 1820 5051 Jerusalem

320 5039 482 5110 datur
518 5039 574 5091 in
614 5039 855 5110 manibus
924 5038 1411 5091 Nabuchodonosor
1449 5054 1465 5090 .'
1516 5052 1562 5093 et
1610 5044 1823 5110 ponitur

312 5108 587 5178 prophetia
628 5109 692 5160 de
739 5107 966 5161 Christo.

319 5236 341 5268 ι
382 5217 449 5271 Et
484 5216 686 5272 factum
713 5227 796 5273 est
826 5218 1045 5271 verbum
1093 5218 1302 5273 Domini
1352 5219 1417 5272 ad
1449 5234 1535 5273 me
1578 5220 1765 5274 dicens
1801 5239 1811 5273 :

316 5309 419 5365 Fili
456 5310 706 5373 hominis,
761 5324 999 5379 propone
1026 5310 1278 5380 amigma,
1318 5323 1475 5362 narra
1501 5308 1810 5379 parabolam

316 5400 388 5456 ad
428 5400 643 5455 domum
697 5400 878 5466 Israel,
928 5406 979 5455 ot
1011 5399 1193 5454 dices:
1235 5399 1358 5454 Ilazc
1395 5400 1523 5453 dicit
1563 5400 1816 5455 Dominus

316 5493 500 5549 Deus:
539 5492 728 5561 Aquila
762 5493 1000 5563 grandis,
1046 5507 1361 5561 magnarum
1389 5492 1619 5555 alarum,
1660 5492 1817 5561 longo

317 5586 682 5641 membrorum
731 5585 913 5649 ductu,
956 5574 1110 5655 plena
1150 5584 1366 5653 plumis,
1429 5594 1483 5639 et
1532 5586 1817 5650 varietate,

314 5677 541 5733 venitad
568 5677 829 5733 Libanum
860 5688 913 5733 et
943 5679 1060 5732 tulit
1087 5679 1372 5733 medullam
1396 5680 1565 5744 cedri,
1592 5682 1815 5735 summi-

242 5791 263 5824 ι
320 5778 486 5827 tatem
519 5770 787 5826 frondium
820 5772 935 5842 ejus
958 5773 1151 5836 evellit,
1201 5782 1253 5826 et
1284 5774 1669 5843 transportavit
1698 5788 1815 5828 eam

1942 3506 1960 3538 ι
2009 3487 2170 3541 illam.
2204 3488 2269 3541 Et
2299 3486 2417 3541 tulit
2459 3489 2524 3541 de
2555 3488 2759 3543 semine
2804 3497 2976 3553 terrae,
3007 3498 3061 3543 et
3100 3494 3280 3562 posuit
3306 3494 3431 3550 illud
3464 3498 3516 3552 iu

1941 3597 1959 3627 ι
2005 3587 2146 3632 terra
2179 3593 2277 3646 pro
2306 3578 2529 3641 semine,
2556 3586 2614 3631 ut
2636 3578 2873 3632 firmaret
2904 3580 3139 3635 radicem
3167 3598 3327 3651 super
3352 3600 3519 3655 aquas

1942 3687 1958 3716 ι
2006 3670 2218 3722 multas.
2280 3669 2334 3722 In
2372 3669 2655 3739 superficie
2702 3670 2879 3737 pesuit
2909 3669 3055 3724 illud.
3108 3672 3347 3744 Cumque
3402 3694 3521 3747 ger-

1942 3776 1960 3807 ι
2006 3759 2280 3821 minassct,
2331 3760 2502 3812 crevit
2556 3759 2608 3812 in
2658 3759 2867 3813 vincam
2909 3759 3154 3815 latiorem
3192 3763 3376 3819 humili
3407 3777 3520 3820 sta—

1936 3872 1955 3904 ‹
2003 3862 2143 3913 tura,
2195 3850 2608 3919 respicientibus
2640 3852 2805 3905 ramis
2848 3850 2965 3919 ejus
2994 3853 3223 3908 adeam.
3270 3856 3334 3909 Et
3380 3860 3520 3913 radi-

1939 3966 1955 3998 ι
2004 3960 2095 4001 ces
2124 3944 2241 4013 ejus
2286 3944 2385 3998 sub
2420 3943 2509 3996 illa
2538 3951 2714 3997 erant.
2780 3942 2943 3997 Facta
2975 3954 3058 3999 est
3114 3960 3243 4017 ergo
3267 3948 3421 4002 vinea
3467 3957 3521 4003 ct

1937 4057 1955 4089 r
2005 4034 2344 4089 fructificavit
2362 4034 2411 4086 in
2436 4032 2702 4101 palmites,
2726 4041 2778 4087 et
2798 4034 2974 4089 emisit
2992 4037 3330 4105 propagines,
3356 4046 3457 4092 etc.
3497 4059 3513 4088 ι

1932 4129 2157 4197 Quando
2227 4128 2501 4197 propheta:
2559 4126 2813 4180 dicitur:
2904 4146 2921 4177 ‹
2962 4126 3206 4198 Propone
3261 4131 3509 4201 aenigma,

1933 4236 2095 4275 narra
2138 4218 2473 4289 parabolam,
2516 4237 2534 4269 ι
2581 4218 2692 4271 sive
2734 4226 2791 4271 ut
2830 4217 3176 4289 Septuaginta
3226 4222 3515 4277 transtule-

1933 4321 2075 4375 runt,
2161 4330 2178 4361 ι
2227 4325 2386 4364 narra
2447 4309 2809 4363 narrationem
2856 4319 2910 4364 et
2956 4310 3041 4364 dic
3094 4312 3421 4379 parabolam,
3490 4334 3509 4366 ι

1930 4403 2232 4458 ostenditur
2262 4401 2552 4456 obscurum
2599 4417 2717 4456 esse
2745 4402 2885 4472 quod
2929 4402 3143 4457 dicitur.
3188 4402 3322 4459 Nulli
3368 4408 3515 4462 enim

1931 4494 2149 4548 dubium
2190 4502 2245 4545 et
2274 4492 2501 4561 aenigma
2550 4500 2605 4544 ct
2644 4490 2950 4560 parabolam
2987 4492 3129 4546 aliud
3176 4494 3420 4563 proferte
3460 4497 3513 4549 in

1928 4583 2126 4644 verbis,
2166 4582 2306 4636 aliud
2351 4591 2534 4635 tenere
2571 4582 2623 4634 in
2671 4581 2936 4636 sensibus.
2978 4583 3041 4636 Et
3080 4582 3327 4638 Salvator
3367 4587 3509 4639 enim

1930 4674 1998 4729 ad
2037 4673 2288 4743 populum
2330 4672 2651 4742 loquebatur
2696 4672 2747 4725 in
2782 4673 3067 4742 parabolis,
3127 4689 3261 4744 quas
3295 4688 3510 4732 secreto

1856 4754 2194 4837 Dapostolis
2250 4765 2569 4819 disserebat.
2641 4764 2779 4835 Ergo
2825 4766 3050 4834 aenigma
3094 4776 3149 4821 et
3203 4770 3508 4837 parabolam

1936 4858 2009 4909 ita
2032 4856 2291 4911 debemus
2318 4854 2636 4922 intelligere,
2674 4855 2824 4922 quasi
2847 4856 3073 4924 a‘uigma
3104 4866 3157 4910 et
3177 4859 3505 4926 parabolam.

1929 4950 2055 5003 Dum
2084 4959 2262 5003 autem
2299 4948 2350 5001 in
2376 4947 2626 5017 prazsenti
2670 4947 2963 5003 Ezechielis
3001 4949 3280 5017 prophetia
3316 4952 3508 5019 aquila:

1923 5047 2333 5109 preponuutur:
2369 5038 2434 5092 de
2475 5037 2648 5106 prima
2678 5052 2819 5092 nunc
2864 5038 3150 5093 dicendum
3178 5048 3280 5104 est,
3336 5041 3401 5096 de
3432 5042 3508 5094 al-

1923 5135 2035 5181 tera
2085 5127 2137 5179 in
2168 5125 2620 5193 consequentibus
2659 5125 3009 5191 disseremus,
3044 5134 3096 5181 et
3131 5128 3343 5183 interim
3376 5130 3506 5184 sim~

1925 5219 2116 5288 plicem
2144 5232 2429 5287 carpemus
2455 5217 2753 5271 historiam.
2806 5235 2824 5267 ‹
2879 5218 3069 5287 Aquila
3104 5221 3345 5289 grandis,
3392 5236 3506 5274 ma—

1923 5326 2146 5383 gnarum
2191 5308 2416 5370 alarum,
2468 5307 2629 5377 longo
2681 5311 3046 5363 membrorum
3092 5312 3277 5373 ductu,
3346 5313 3503 5381 plena

1920 5403 2117 5475 plumis
2150 5410 2203 5455 et
2240 5403 2539 5466 varietate;
2590 5420 2608 5449 ι
2667 5401 2780 5456 sive
2806 5411 2863 5455 ut
2891 5411 3101 5457 vertere
3128 5402 3501 5473 Septuaginta,

1929 5518 1945 5547 ι
1990 5495 2144 5565 plena
2176 5496 2453 5566 unguium,
2499 5514 2516 5546 ι
2574 5494 3066 5550 Nabuchodonosor
3107 5485 3197 5551 re'x
3224 5496 3503 5553 Chaldzeo~

1927 5602 2040 5640 rum
2072 5596 2172 5642 est.
2220 5588 2293 5641 De
2314 5603 2419 5657 quo
2458 5597 2513 5641 et
2560 5586 2694 5642 Osee
2722 5587 2993 5657 loquitur:
3049 5607 3066 5639 ι
3127 5590 3287 5657 Quasi
3318 5591 3501 5661 aquila

1924 5695 2082 5749 super
2112 5680 2330 5734 domum
2362 5680 2455 5735 Dei
2506 5679 2651 5751 (Ose.
2685 5680 2824 5751 vin).
2873 5701 2890 5732 ι
2949 5682 3052 5737 Iste
3088 5683 3271 5739 multis
3325 5686 3497 5755 impc-

1924 5788 2051 5827 rans
2097 5771 2407 5839 nationibus
2457 5781 2511 5827 et
2566 5770 2942 5827 innumerabili
2984 5772 3209 5827 vallatus
3248 5777 3488 5831 exercitu
