3936 6364
448 426 552 482 C95

1137 411 1195 464 Β.
1239 404 1490 462 RABANI
1534 398 1749 456 .‘viAURl
1788 392 2110 450 AllClllEP.
2154 391 2459 448 MOGUNT.
2500 391 2786 449 OPERUM
2822 391 3001 447 PARS
3036 390 3100 447 Il.

3620 384 3721 445 696

446 524 597 594 venit
647 549 807 605 super
847 533 1061 587 domum
1102 524 1198 580 Dei
1236 542 1247 576 :
1284 521 1425 576 haud
1464 517 1682 573 dubium
1720 512 1850 583 quin
1892 518 2028 562 tem-
2058 505 2106 563 Α
2134 502 2388 574 dirigere,
2428 513 2482 560 et
2518 506 2583 560 ab
2610 519 2675 561 eo
2728 512 2916 559 contra
2960 517 3144 573 regem
3190 502 3277 556 cui
3319 501 3569 557 subditus
3608 508 3725 553 erat

447 630 595 698 plum
633 623 913 697 significet,
966 620 1078 675 sive
1114 623 1173 669 ut
1208 629 1351 669 nunc
1388 610 1667 678 Scriptura
1699 604 1850 666 dicit,
1890 618 1908 651 ι
1963 599 2030 652 ad

449 692 735 786 Libanum,
785 736 802 768 ι
861 696 929 768 de
964 726 1070 782 quo
1118 707 1358 778 loquitur
1396 698 1727 757 Zacharias:
1784 714 1801 747 ‹
1844 692 2027 763 Aperi,

450 818 671 877 Libane,
704 819 888 883 portas
922 816 1064 869 tuas,
1108 810 1163 858 et
1193 799 1441 857 comedat
1468 794 1605 866 ignis
1629 792 1822 847 cedros
1862 795 1983 841 tuos
2013 804 2029 838 .-

453 906 622 971 ulnla,
668 902 839 966 abies,
886 897 1010 968 quia
1046 894 1243 951 cecidit
1270 890 1484 952 cedrus,
1531 882 1787 955 quoniam
1829 878 2034 949 magni-

452 997 541 1053 fici
587 992 783 1049 vastati
813 998 956 1046 sunt.
998 1006 1016 1037 ›
1079 985 1149 1039 Et
1199 982 1388 1038 crebro
1425 973 1678 1044 templum
1729 971 1871 1042 quod
1916 974 2036 1021 erat

456 1086 732 1158 inclytum,
770 1088 930 1149 atque
959 1075 1187 1132 sublime
1215 1073 1267 1126 in
1293 1066 1591 1139 Scripturis
1622 1062 1827 1119 sanctis
1876 1060 2036 1115 Li'a-

456 1154 880 1245 nusvappellatur
915 1167 1101 1240 (Zach.
1135 1164 1233 1235 χι).
1268 1180 1286 1213 ι
1325 1160 1575 1230 Tulitque
1616 1154 1904 1210 medullam
1947 1165 2037 1205 ce-

456 1272 538 1327 dri
568 1278 636 1326 'et
661 1266 1028 1324 summitatem
1065 1258 1334 1314 frondium
1367 1254 1482 1324 ejus
1512 1250 1709 1306 evellit.
1765 1248 1831 1303 Et
1862 1254 2039 1300 trans-

457 1359 691 1433 portavit
735 1371 856 1412 eam
895 1370 948 1409 tn
985 1362 1182 1406 terram
1214 1348 1491 1410 Chanaan,
1550 1343 1602 1396 in
1632 1341 1765 1395 urbe
1799 1336 2039 1406 negotia-

458 1464 632 1506 torum
662 1447 841 1518 posuit
870 1444 1036 1498 illam.
1066 1462 1083 1493 ι
1110 1440 1217 1507 Pro
1228 1434 1644 1508 negotiatoribus
1669 1430 1782 1484 sive
1802 1424 2038 1497 negotia-

455 1545 680 1599 tionibus
714 1548 977 1595 muratam
1005 1520 1394 1589 transtulerunt
1417 1522 1578 1579 LXX.
1630 1520 1835 1576 [ndicat
1858 1525 2039 1571 autem

455 1637 769 1695 Jechoniam
800 1645 981 1701 regem
1022 1625 1176 1687 Juda,
1239 1633 1399 1690 quem
1434 1614 1577 1685 cepit
1616 1608 2045 1666 Nabuchodono-

458 1746 550 1785 sor
595 1742 717 1783 cum
741 1732 913 1779 matre
945 1734 1039 1774 sua
1089 1722 1144 1769 et
1175 1708 1507 1783 principibus
1542 1702 1747 1775 populi,
1799 1697 2041 1755 cunctis-

456 1837 561 1891 que
590 1818 781 1889 opibus
809 1807 1129 1871 Jerusalem,
1160 1813 1215 1859 et
1254 1801 1398 1855 vasis
1431 1796 1649 1866 templi,
1679 1802 1735 1849 et
1765 1788 2040 1848 transtulit

454 1878 511 1961 in
568 1878 915 1974 Babylonem,
964 1910 1084 1964 qua:
1116 1900 1202 1946 est
1253 1889 1307 1943 in
1338 1895 1487 1941 terra
1517 1883 1799 1939 Chanaan.
1860 1878 2042 1947 ibique

456 1998 757 2058 consenuit.
780 1997 852 2049 De
875 1989 1028 2059 cujus
1048 1993 1231 2058 postea
1246 1995 1442 2054 genere
1467 1978 1605 2032 sicut
1631 1970 1859 2028 Matth-rei
1882 1982 2044 2024 evan-

454 2095 656 2166 gelier
672 2091 934 2158 scriptura
961 2090 1208 2145 testatur,
1232 2076 1489 2131 Dominus
1514 2078 1571 2126 et
1596 2067 1846 2124 Salvator
1863 2069 2046 2118 noster

458 2154 615 2241 natus
651 2191 755 2247 est,
783 2154 896 2249 τινι·
925 2170 1185 2232 Salathiel
1220 2177 1274 2225 et
1293 2161 1611 2222 Zorobabel.
1645 2159 1748 2227 Qui
1776 2171 1875 2228 pro
1919 2154 2043 2209 tulit

454 2277 523 2332 de
558 2281 800 2331 semente
828 2267 1066 2337 ejusdem
1099 2274 1277 2325 terrm,
1321 2260 1375 2313 id
1403 2265 1509 2320 est,
1562 2253 1629 2309 de
1654 2252 1824 2320 stirpe
1870 2247 2040 2317 regia,

455 2367 786 2426 Mathaniam
817 2372 1068 2434 patruum
1096 2354 1389 2417 Jechoniae,
1444 2367 1473 2406 c
1509 2352 1597 2421 jus
1633 2346 1794 2402 vertit
1823 2356 2041 2406 nomen,

455 2469 513 2517 et
540 2457 753 2514 vocavit
798 2470 918 2509 eum
953 2449 1256 2511 Sedeciam,
1287 2452 1341 2498 et
1367 2441 1549 2513 posuit
1589 2452 1769 2509 regem
1803 2435 1855 2488 in
1886 2431 2043 2501 Jeru-

464 2552 653 2615 salem,
710 2548 1003 2617 multisque
1038 2540 1281 2615 prmfecit
1318 2536 1551 2608 populis,
1582 2542 1637 2588 et
1670 2539 1846 2585 tamen
1872 2530 1923 2582 in
1948 2543 2041 2583 suo

456 2644 676 2717 perlicie
723 2640 904 2711 posuit
948 2636 1118 2701 illum,
1174 2647 1273 2687 nec
1295 2636 1615 2700 potestatem
1641 2622 1759 2691 ejus
1803 2620 1909 2675 alta
1944 2621 2043 2673 imo

456 2736 591 2807 perii
637 2734 818 2789 radice
847 2729 1101 2791 firmavit,
1143 2724 1247 2795 sed“
1280 2721 1457 2793 posuit
1486 2734 1608 2773 eum
1658 2725 1717 2770 ut
1740 2714 2039 2783 respicere-

457 2800 546 2881 tur
570 2833 623 2881 et
677 2824 777 2879 sub
825 2827 1092 2893 potestate
1141 2823 1283 2870 esset
1321 2810 1635 2882 Babylonia,
1691 2806 1802 2860 sive
1852 2800 2041 2857 humili

456 2928 689 2975 statura.
714 2913 1123 2987 respicientibus
1147 2910 1309 2964 ramis
1324 2905 1441 2975 ejus
1454 2903 1520 2958 ad
1542 2916 1660 2955 eam
1684 2901 2042 2969 :utprzcesset

457 3010 675 3081 quidem
734 3004 943 3076 pepulis
981 3002 1308 3065 Judmorum,
1352 2998 1445 3053 sed
1482 2994 1773 3065 respiceret
1823 2990 1888 3043 ad
1939 2988 2036 3042 Ba-

457 3099 656 3172 bylonii
722 3096 959 3166 jubentis
1023 3094 1327 3160 imperium.
1410 3088 1524 3143 Iloe
1561 3094 1642 3141 est
1695 3085 1839 3137 enim
1896 3082 2039 3151 quod

459 3193 739 3261 Scriptura
768 3189 919 3248 dicit,
957 3207 974 3237 ι
1008 3185 1193 3241 humili
1240 3191 1471 3245 statura,
1502 3177 1913 3249 respicientibus
1948 3189 2037 3228 ra-

457 3286 563 3340 mis
585 3284 701 3353 ejus
728 3283 795 3338 ad
826 3297 966 3343 eam,
1000 3299 1017 3330 ι
1054 3276 1373 3333 subauditur
1408 3273 1662 3343 aquilam.
1684 3268 1835 3337 Quod
1880 3283 2036 3338 aper-

458 3379 568 3435 tius
607 3384 820 3431 vertere
847 3372 1029 3428 LXX:
1066 3389 1084 3421 ι
1118 3370 1415 3437 Ortumque
1454 3374 1536 3419 est
1573 3363 1713 3434 quod
1743 3361 2041 3431 plantatum

459 3470 655 3524 fuerat.
708 3465 775 3520 Et
795 3464 997 3519 factum
1019 3472 1100 3517 est
1131 3461 1183 3515 in
1221 3460 1434 3513 vineam
1483 3455 1775 3514 infirmam.
1821 3460 1876 3507 et
1913 3466 2039 3520 par-

460 3560 662 3622 vulam,
688 3566 750 3611 ut
784 3564 987 3611 tantum
1018 3558 1339 3623 apparerent
1365 3549 1498 3604 rami
1520 3546 1652 3617 ejus.
1691 3567 1709 3598 ι
1743 3546 1809 3601 Ut
1837 3545 2041 3599 videre-

465 3662 553 3707 tur
602 3650 819 3721 quidem
881 3648 1081 3702 habere
1128 3658 1375 3713 regnum,
1452 3643 1545 3696 sed
1588 3640 1762 3709 ipsum
1820 3649 2042 3705 regnum

463 3745 581 3814 ejus
601 3741 799 3797 humile
849 3748 1009 3809 atque
1039 3736 1313 3791 infirmum
1350 3732 1626 3805 Babylonii
1662 3727 1920 3801 principis
1956 3742 2042 3780 re-

465 3844 682 3908 geretur
724 3832 964 3886 arbitrio.
1030 3827 1142 3882 Hoc
1175 3826 1390 3880 interim
1424 3824 1490 3878 de
1525 3819 1778 3893 praesenti
1813 3816 2045 3887 capitulo

464 3928 554 3985 cui
600 3927 979 3982 subnectaznus
1019 3929 1073 3975 et
1114 3918 1336 3987 reliqua.

541 4035 561 4067 κ
608 4015 673 4070 Et
713 4015 852 4069 facta
878 4020 960 4068 est
1009 4007 1187 4077 aquila
1219 4005 1384 4060 altera
1436 4001 1656 4072 grandis
1698 3997 1907 4068 magnis
1949 3996 2047 4050 alis

473 4130 493 4164 ι
540 4110 830 4179 multisque
859 4102 1071 4174 plumis.
1120 4100 1187 4154 Et
1210 4113 1337 4155 ecce
1379 4096 1533 4150 vinea
1562 4093 1686 4159 ista,
1723 4090 1878 4160 quasi
1920 4088 2044 4142 mit-

473 4226 492 4256 ι
548 4214 665 4260 tens
708 4178 919 4255 radices
944 4210 1070 4251 suas
1097 4194 1165 4248 ad
1203 4206 1344 4253 eam,
1374 4187 1621 4259 palmites
1652 4198 1780 4240 suos
1809 4178 2050 4236 extendit

474 4322 493 4353 ι
538 4302 604 4356 ad
674 4299 836 4359 illam,
892 4301 952 4347 ut
977 4291 1229 4361 irrigaret
1270 4301 1388 4341 eam
1439 4284 1504 4339 de
1548 4280 1746 4336 arcolis
1793 4275 2048 4349 germinis

475 4415 495 4445 ι
540 4394 641 4448 sui.
674 4390 733 4445 ln
762 4399 907 4444 terra
946 4386 1089 4440 bona
1127 4396 1289 4452 super
1324 4392 1493 4448 aquas
1543 4375 1739 4429 multas
1787 4369 2050 4442 plantavit

474 4509 492 4538 ι
542 4501 685 4549 eam,
726 4491 785 4538 ut
805 4481 968 4535 faciat
992 4475 1211 4531 frondes
1254 4479 1309 4527 et
1335 4477 1511 4542 portet
1535 4468 1790 4531 fructum,
1819 4473 1875 4519 et
1895 4463 1969 4518 sit
1994 4461 2046 4515 in

473 4601 492 4630 ‹
541 4580 752 4634 vineam
777 4575 1056 4647 grandem.
1100 4570 1231 4625 Dic:
1265 4552 1392 4622 Hz'ec
1416 4566 1546 4622 dicit
1588 4564 1847 4619 Dominus
1883 4562 2041 4616 Deus.
2074 4546 2126 4606 D
2151 4546 2345 4599 rimam
2390 4541 2597 4609 Regum
2639 4533 2844 4604 Ρνοιθπι

470 4694 491 4725 ι
540 4673 749 4740 Ergone
785 4661 1226 4737 prosperabitur'!
1254 4658 1440 4715 Nonne
1482 4656 1691 4711 radices
1717 4654 1833 4723 ejus
1853 4650 2048 4707 evellet

470 4785 492 4817 ι
542 4773 597 4819 et
629 4762 864 4816 fructum
890 4756 1005 4823 ejus
1037 4752 1343 4820 distringat,
1390 4755 1444 4803 et
1471 4744 1695 4802 siccabit
1720 4756 1909 4797 omnes
1933 4740 2048 4811 pal-

474 4877 494 4909 (
542 4857 700 4913 mites
731 4850 985 4925 germinis
1007 4846 1144 4917 ejus,
1182 4851 1237 4899 et
1260 4849 1489 4904 arescet,
1535 4846 1592 4893 et
1615 4852 1721 4892 non
1745 4836 1798 4889 in
1826 4833 2047 4888 brachio

475 4972 494 5003 ι
540 4947 728 5023 grandi
779 4957 951 5013 neque
995 4942 1048 4994 in
1087 4934 1296 5007 populis
1327 4931 1512 4987 multis
1550 4937 1610 4984 ut
1640 4927 1894 4983 evelleret
1926 4939 2044 4981 eam

477 5064 496 5095 ι
541 5015 831 5097 radicitus?
851 5035 992 5090 Ecce
1018 5031 1259 5101 plantata
1286 5034 1371 5081 est
1402 5043 1415 5078 :
1454 5024 1664 5093 Ergone
1704 5015 2049 5089 prosperabi-

478 5154 496 5185 ι
546 5133 667 5188 tur?
695 5130 883 5185 Nonne
915 5139 1036 5180 cum
1060 5119 1301 5191 tetigerit
1327 5131 1446 5171 eam
1468 5122 1663 5167 ventus
1691 5123 1857 5163 urens
1883 5106 2046 5159 sicca-

476 5247 495 5277 ι
542 5224 708 5288 bitur,
774 5227 829 5274 et
868 5217 921 5271 in
951 5213 1090 5268 areis
1121 5206 1380 5283 germinis
1425 5203 1506 5260 sui
1550 5199 1802 5257 arescet?
1855 5216 1873 5249 ο
1936 5204 2041 5249 etc.

468 5314 663 5385 Aquila
693 5286 949 5371 secunda,
982 5304 1032 5359 id
1052 5312 1158 5368 est,
1196 5300 1390 5363 altera,
1432 5304 1487 5351 et
1516 5295 1626 5365 ipsa
1664 5304 1857 5361 magna
1888 5286 2044 5357 plena

468 5382 687 5477 plumis,
726 5402 1125 5466 multorumque
1154 5392 1409 5463 unguium
1449 5394 1667 5458 propter
1695 5382 2044 5452 rapacitatem

471 5507 526 5551 et
562 5493 913 5550 vastationem
968 5487 1202 5557 gentium
1245 5481 1620 5552 plurimarum,
1675 5489 1767 5529 re).
1823 5471 2043 5541 Egypti

472 5598 559 5643 est
588 5588 814 5641 Pharao.
850 5582 915 5635 Et
937 5596 1063 5634 ecce
1091 5578 1247 5631 vinea
1280 5576 1379 5629 ista
1410 5569 1727 5625 subauditur
1753 5579 1847 5619 rex
1876 5563 2043 5617 Sedc-

475 5680 608 5742 eias,
633 5677 722 5746 qui
750 5691 777 5729 a
806 5671 1295 5727 Nabuchodonosor
1319 5666 1372 5719 in
1397 5661 1694 5717 Jerusalem
1721 5657 1895 5711 fuerat
1917 5670 2045 5708 eon—

474 5769 715 5822 stitutus.
774 5783 791 5814 ‹
838 5761 1033 5830 Cmpit,
1072 5756 1262 5825 inquit,
1312 5753 1523 5807 mittere
1558 5746 1882 5817 propagines
1914 5757 2043 5795 suas

478 5860 543 5913 ad
589 5874 726 5922 eam,
788 5875 802 5906 :
849 5856 900 5909 id
944 5861 1041 5911 est,
1079 5850 1143 5904 ad
1194 5861 1371 5917 regem
1419 5841 1793 5913 Egyptiorum
1842 5837 2045 5908 legatos

2134 597 2392 651 auxilium
2435 603 2727 667 postulare.
2784 594 2900 649 Hoc
2938 603 3023 649 est
3063 594 3208 648 enim
3257 593 3399 663 quod
3443 591 3725 662 Scriptura

2134 703 2277 743 nunc
2319 689 2449 742 dicit
2486 706 2497 741 :
2539 695 2597 741 ut
2638 686 2889 758 irrigaret
2946 698 3065 739 eam
3108 691 3175 739 de
3217 684 3414 739 arcolis
3466 682 3727 753 germinis

2134 779 2237 832 sui.
2277 777 2408 846 Quae
2463 778 2517 832 in
2566 787 2708 833 terra
2761 777 2901 832 bona
2952 792 2984 831 a
3018 773 3518 831 Nabuchodonosor
3569 771 3726 840 plan-

2137 880 2246 925 tata
2278 876 2415 933 erat,
2464 876 2523 922 ut
2572 867 2773 923 faceret
2809 866 3049 932 frondes,
3093 874 3151 920 et
3209 861 3431 921 afferret
3464 863 3726 924 fructum,

2136 968 2191 1015 et
2248 968 2519 1014 cresceret
2581 958 2635 1013 in
2694 958 2907 1012 vineam
2954 956 3224 1011 latiorem.
3287 954 3581 1025 Pr0pterea
3638 968 3730 1021 ju-

2137 1053 2296 1107 betur
2348 1050 2627 1121 propheta:
2699 1059 2760 1104 ut
2803 1050 3054 1118 loquatur
3107 1046 3175 1102 ad
3229 1046 3464 1111 vineam,
3527 1059 3645 1114 quae
3696 1059 3730 1097 a

2138 1143 2633 1199 Nabuchodonosor
2692 1140 2933 1212 plantata
2992 1138 3188 1203 fuerat,
3249 1147 3305 1193 et
3358 1152 3541 1194 ramos
3600 1148 3731 1190 suos

2139 1234 2205 1287 ad
2237 1227 2472 1302 aquilam
2505 1230 2817 1302 Egyptiam
2842 1230 3083 1285 miserat.
3115 1248 3133 1281 ι
3195 1226 3464 1297 Numquid
3510 1239 3734 1297 prospe-

2142 1322 2367 1386 rahitur,
2436 1322 2561 1390 quia
2599 1322 2701 1376 hoc
2736 1319 2916 1374 facere
2965 1326 3159 1374 conata
3207 1324 3313 1381 est,
3364 1324 3419 1372 et
3464 1330 3569 1370 non
3613 1322 3731 1369 sta-

2146 1411 2244 1465 tim
2274 1426 2461 1466 omnes
2482 1410 2803 1480 propagines
2831 1407 2946 1477 ejus
2970 1415 3022 1463 et
3037 1407 3283 1477 palmites
3307 1404 3689 1462 siccabuntur?
3709 1424 3729 1456 ι

2149 1522 2166 1553 ι
2200 1503 2263 1556 Et
2293 1518 2419 1567 non,
2452 1502 2643 1571 inquit,
2674 1502 2728 1555 in
2754 1501 2977 1556 bracluo
3003 1500 3217 1570 grandi,
3244 1514 3421 1568 neque
3453 1498 3504 1551 in
3534 1496 3735 1567 populo

2144 1591 2332 1645 multo.
2358 1609 2375 1641 ›
2409 1588 2641 1659 Fugiens
2667 1590 2809 1645 enim
2841 1588 3096 1643 Sedecias
3132 1594 3188 1642 et
3216 1588 3355 1653 regis
3379 1585 3620 1657 Egyptii
3646 1601 3738 1639 au-

2146 1682 2276 1736 xilio
2306 1680 2624 1745 destitutus,
2658 1695 2687 1733 a
2718 1679 2946 1734 ducibus
2984 1678 3481 1734 Nabuchodonosor
3535 1678 3587 1731 in
3636 1677 3736 1732 de-

2149 1775 2310 1829 sertis
2361 1773 2688 1827 llierieuntis
2734 1772 3156 1841 comprehensus
3189 1777 3293 1834 est,
3327 1778 3381 1824 et
3411 1770 3589 1824 cuncti
3618 1767 3736 1836 ejus

2068 1850 2117 1909 Β
2145 1866 2277 1921 socii
2313 1866 2421 1920 huc
2449 1863 2681 1933 illucque
2723 1863 2951 1932 dispersi
2995 1874 3137 1918 sunt.
3173 1862 3337 1917 Sicut
3376 1863 3429 1916 in
3458 1859 3735 1916 volumine

2144 1956 2371 2028 Regum,
2406 1964 2459 2011 et
2492 1956 2542 2009 in
2575 1955 3044 2025 Paralipomenon,
3091 1963 3145 2008 et
3189 1952 3437 2008 Jeremize
3472 1952 3733 2018 scriptum

2144 2063 2246 2107 est.
2310 2049 2511 2123 (Greg.,
2558 2050 2647 2104 lib.
2707 2065 2835 2102 xxxi
2879 2046 3111 2110 March,
3161 2063 3275 2117 cap.
3334 2044 3448 2114 47.)
3485 2042 3542 2097 lu
3587 2042 3738 2097 Scri-

2143 2154 2302 2214 ptura
2349 2159 2500 2198 saera
2529 2141 2792 2198 vocabulo
2819 2140 3011 2210 aquila:
3050 2137 3339 2209 aliquando
3369 2135 3590 2206 maligni
3627 2134 3735 2203 spi-

2145 2241 2282 2294 ritus
2330 2246 2576 2309 raptores
2611 2237 2942 2298 animarum,
2986 2233 3199 2301 aliq-zan
3226 2232 3275 2284 To
3320 2227 3609 2299 praesentis
3637 2241 3735 2279 εω-

2144 2334 2248 2389 culi
2274 2340 2602 2402 potestates;
2631 2326 2916 2397 aliquando
2948 2340 3074 2378 vero
3103 2322 3185 2376 vel
3215 2320 3583 2376 subtilissima:
3610 2333 3738 2371 san-

2142 2434 2356 2480 ctorum
2404 2419 2790 2492 intelligentiae,
2836 2415 2921 2471 vel
2965 2415 3281 2470 incarnatus
3326 2410 3587 2465 Dominus
3626 2408 3735 2463 ima

2143 2513 2392 2570 celeriter
2437 2509 2797 2573 transvolans,
2826 2515 2875 2562 et
2915 2521 3039 2560 mox
3089 2518 3297 2559 summa
3348 2509 3605 2570 repetens
3642 2499 3736 2553 de-

2144 2603 2403 2673 signatur.
2434 2600 2749 2669 Aquilarum
2778 2597 2994 2651 nomine
3025 2592 3366 2649 insidiatores
3398 2590 3624 2661 spiritus
3648 2604 3737 2643 ex-

2141 2696 2466 2766 primuntur,
2492 2691 2725 2747 Jeremia
2759 2696 3068 2747 attestante.
3098 2685 3188 2754 qui
3219 2684 3296 2737 ait
3324 2701 3336 2736 :
3372 2701 3390 2733 ι
3420 2680 3735 2736 Veloeiores

2142 2787 2363 2843 fuerunt
2392 2793 2766 2857 persecutores
2797 2780 2966 2836 nostri
3012 2777 3207 2848 aquilis
3242 2775 3387 2831 cmli.
3421 2794 3438 2825 ι
3473 2773 3735 2828 Persecu-

2144 2887 2289 2933 tores
2323 2877 2467 2931 enim
2500 2873 2672 2929 nostri
2702 2871 2897 2942 aquilis
2936 2869 3061 2925 cmli
3098 2867 3399 2922 velociores
3431 2871 3577 2928 sunt,
3607 2878 3731 2918 cum

2144 2983 2291 3031 tanta
2322 2981 2510 3030 contra
2542 2984 2643 3025 nos
2688 2966 2909 3037 maligni
2941 2964 3189 3019 homines
3235 2960 3461 3023 faciunt,
3494 2967 3550 3011 ut
3586 2958 3733 3026 ipsas

2142 3067 2308 3121 etiam
2334 3063 2511 3119 aerias
2551 3067 2844 3132 potestates
2893 3054 3297 3110 inventionibus
3331 3050 3552 3105 malitia:
3594 3064 3733 3119 pra»

2146 3159 2225 3213 ire
2252 3156 2552 3210 vileantur.
2597 3149 2803 3220 Aquilae
2847 3145 3107 3202 vocabulo
3150 3151 3392 3214 potestas
3428 3150 3641 3195 terrena
3672 3138 3734 3191 fi-

2147 3254 2387 3318 guratur.
2438 3242 2589 3298 Unde
2630 3255 2728 3309 per
2756 3235 3095 3292 Ezechielem
3143 3234 3461 3303 prophetam
3492 3230 3731 3285 dicitur:

2148 3357 2167 3389 ‹
2201 3336 2392 3407 Aquila
2422 3333 2640 3405 grandis
2667 3343 2982 3400 magnarum
3009 3327 3240 3390 alarum,
3278 3323 3439 3393 longo
3467 3321 3736 3376 membro-

2144 3443 2264 3483 rum
2299 3427 2481 3489 duetu,
2523 3424 2681 3493 plena
2720 3421 2938 3491 plumis,
2974 3427 3029 3474 et
3059 3417 3343 3479 varietate,
3374 3414 3525 3469 venit
3553 3411 3619 3466 ad
3645 3410 3736 3466 Li-

2143 3522 2363 3578 banum.
2390 3524 2444 3572 et
2466 3516 2588 3570 tulit
2614 3512 2899 3569 medullam
2923 3510 3094 3573 cedri,
3117 3520 3171 3563 et
3196 3505 3566 3563 summitatem
3595 3502 3736 3557 fron-

2145 3613 2291 3667 dium
2322 3610 2437 3681 ejus
2466 3606 2678 3663 evulsit.
2724 3625 2743 3657 ι
2779 3603 2892 3670 Qua
2922 3600 3173 3655 videlicet
3214 3596 3392 3666 aquila
3422 3595 3547 3665 quis
3573 3591 3732 3658 alius,

2146 3724 2308 3780 quam
2354 3700 2853 3760 Nabuchodonosor
2895 3712 2991 3753 rex
3038 3693 3347 3764 Babylonia:
3396 3689 3731 3761 designatur,

2145 3818 2263 3875 qua:
2309 3814 2409 3872 pro
2440 3794 2805 3854 immensitate
2852 3789 3125 3848 exercitus
3173 3797 3490 3856 magnarum
3525 3780 3732 3835 alarum

2146 3872 2245 3967 pro
2266 3892 2621 3949 diuturnitate
2647 3897 2947 3954 temporum
2974 3882 3134 3950 longo
3155 3876 3521 3932 membrorum
3546 3872 3730 3932 ductu,

2146 4003 2246 4061 pro
2275 3983 2457 4040 multis
2482 3996 2611 4037 vero
2641 3976 2862 4039 divitiis,
2891 3972 3048 4044 plena
3076 3967 3294 4039 plumis,
3319 3980 3420 4033 pro
3449 3962 3738 4016 innumera

2148 4085 2328 4133 autem
2355 4083 2583 4130 terrente
2619 4068 2802 4141 gloria:
2829 4059 3239 4132 compositione,
3272 4056 3431 4125 plena
3468 4052 3735 4106 varietate

2148 4171 2513 4229 describitur:
2553 4184 2571 4217 ε
2601 4164 2731 4232 Qua:
2770 4158 2918 4214 venit
2962 4154 3027 4210 ad
3053 4153 3346 4212 Libanum,
3374 4155 3430 4200 et
3459 4144 3583 4199 tulit
3624 4155 3737 4196 meo

2148 4267 2347 4324 dullam
2371 4262 2538 4325 cedri,
2563 4267 2617 4315 et
2636 4254 3001 4312 summitatem
3028 4245 3295 4301 frondium
3321 4239 3437 4307 eius
3460 4236 3684 4299 evulsit;
3707 4253 3728 4285 ι

2149 4360 2272 4429 quia
2301 4356 2499 4413 Jurlrea:
2522 4347 2896 4406 celsitudinem
2943 4348 3154 4412 petens,
3200 4334 3540 4391 nobilitatem
3581 4325 3733 4397 regni

2149 4424 2285 4521 ejus,
2323 4448 2475 4520 quasi
2504 4440 2787 4500 medullam
2818 4434 2963 4491 cedri
3000 4429 3240 4486 abstulit.
3274 4426 3343 4480 Et
3381 4424 3510 4477 dum
3560 4429 3735 4474 tener-

2885 4544 2913 4583 a
2959 4523 3110 4595 regni
3158 4520 3241 4576 sui
3285 4515 3523 4573 culmine
3568 4509 3736 4580 capti-

2151 4640 2328 4696 vando
2356 4632 2592 4697 sustulit,
2619 4626 2775 4698 quasi
2817 4620 3183 4679 summitatem
3213 4610 3485 4668 frondium
3515 4605 3731 4662 evulsit.

2150 4731 2357 4802 Aquila:
2386 4696 2666 4783 vocabulo,
2692 4715 2779 4771 vel
2822 4710 3033 4769 subtilis
3065 4711 3376 4761 sanctorum
3427 4696 3735 4766 intelligen-

2150 4785 2259 4887 tia,
2304 4818 2388 4874 vel
2432 4814 2641 4869 volatus
2684 4803 2979 4861 Dominica:
3019 4790 3351 4852 ascensionis
3387 4785 3730 4855 exprimitur.

2150 4872 2496 4970 Dndeidem
2548 4899 2818 4969 Propheta
2863 4893 2989 4946 dum
3039 4886 3140 4941 sub
3190 4876 3507 4936 animalium
3555 4872 3733 4943 specie

2149 5000 2505 5071 evangelistas
2525 4999 2759 5062 quatuor
2782 4999 2839 5039 se
2855 4981 3055 5036 vidisse
3082 4972 3431 5031 describeret,
3447 4967 3500 5019 in
3524 4965 3607 5020 eis
3630 4963 3729 5019 sibi

2149 5054 2624 5149 hominisfleouis,
2652 5078 2827 5138 bovis,
2855 5078 2912 5125 et
2956 5065 3151 5137 aquila:
3181 5060 3372 5116 faciem
3414 5054 3731 5125 apparuisse

2148 5143 2397 5240 testatur.
2425 5176 2687 5243 Quartum
2728 5161 2916 5237 procul
2944 5158 3109 5215 dubio
3136 5153 3400 5209 Joannem
3442 5161 3542 5217 per
3572 5143 3729 5213 aqui-

2147 5275 2252 5328 lam
2280 5271 2523 5341 signans,
2558 5262 2650 5333 qui
2678 5254 2905 5312 volando
2939 5258 3141 5303 terram
3185 5237 3443 5302 deseruit,
3475 5236 3602 5305 quia
3634 5247 3729 5302 per

2148 5326 2401 5423 subtilem
2450 5326 2853 5423 intelligentiam
2917 5343 3132 5397 interna
3172 5331 3431 5404 mysteria
3485 5326 3727 5382 Verbum

2147 5452 2378 5511 videndo
2408 5418 2729 5519 penetravit.
2789 5436 2886 5492 Cui
2936 5431 3192 5487 nimirum
3232 5418 3570 5490 Prophetica:
3603 5431 3730 5471 sen-

2148 5547 2328 5602 tentia:
2370 5503 2483 5610 ipse
2527 5546 2741 5607 quoque
2776 5528 3010 5583 Joannes
3057 5521 3111 5573 in
3165 5511 3492 5571 revelatioue
3528 5520 3626 5560 sua
3663 5503 3728 5558 de

2148 5640 2437 5707 semetipso
2472 5646 2578 5687 non
2606 5627 2874 5685 dissonat,
2918 5617 3103 5670 dicens
3135 5629 3147 5662 :
3187 5627 3205 5659 ‹
3233 5600 3447 5659 Animal
3491 5599 3727 5670 primum

2150 5687 2425 5707 ηυντ--

2150 5733 2323 5791 simile
2352 5725 2524 5787 leoni,
2566 5715 2859 5775 secundum
2908 5706 3081 5761 simile
3127 5698 3323 5761 vitulo,
3359 5692 3579 5747 tertium
3610 5687 3729 5740 ani-

2153 5829 2254 5886 mal
2284 5824 2486 5881 habens
2518 5814 2731 5873 faciem,
2759 5802 2911 5877 quasi
2952 5793 3207 5855 hominis,
3239 5794 3490 5858 quartum
3526 5776 3726 5833 animal
