3936 6328
76 872 85 878 ’
166 872 280 915 tem

169 375 274 429 697

1153 384 1501 440 COMMENT.
1544 386 1609 439 IN
1649 386 2104 443 EZECIIIELEM.
2145 423 2211 431 —
2249 392 2373 447 LIB.
2416 394 2543 449 VIII.

3341 406 3445 462 (398

167 500 347 555 simile
378 502 572 569 aquilas
615 503 815 557 Volauti
862 503 1047 574 (Apoc.
1080 504 1175 575 tv).
1210 526 1227 556 ι
1256 506 1324 558 Et
1347 505 1596 574 quamvis
1641 506 1749 558 sin-
1778 517 1826 572 Α
1858 526 1874 555 ι
1920 508 2052 561 dicit
2099 509 2353 563 Dominus
2400 512 2560 574 Deus,
2598 514 2939 580 qtltltlimll‘IH
2989 514 3107 568 loco
3153 519 3310 587 regis,
3345 523 3437 589 qui

166 590 291 659 gula
342 591 409 644 ad
459 608 891 661 unumquemque
935 594 1316 664 evangelistam
1366 604 1512 649 recte
1553 610 1749 649 conve-

169 681 339 743 uiant,
369 681 496 736 dum
527 683 665 737 alius
702 684 950 738 humanae
994 685 1294 740 nativitatis
1320 688 1584 749 ordinem,
1616 687 1751 741 alius

168 788 267 841 per
294 773 477 827 mundi
518 772 766 828 sacrificii
798 776 1198 840 mactationem,
1228 778 1379 845 quasi
1423 775 1575 829 vituli
1609 791 1752 829 mor-

337 878 351 915 :
396 864 532 917 alius
579 866 862 933 potestatis
912 864 1312 930 fortitudinem,
1367 867 1520 936 quasi
1580 866 1748 919 leonis

164 954 461 1014 clamorem
492 957 757 1019 insinuat;
786 957 921 1011 alius
959 958 1293 1011 nativitatem
1330 958 1477 1010 verbi
1511 958 1745 1021 intuens,

164 1049 321 1117 quasi
372 1058 550 1102 ortum
593 1048 758 1103 solem
793 1050 967 1117 aquila
1001 1048 1517 1119 aspectat,'possuut
1564 1058 1743 1104 tamen

163 1140 281 1193 ha‘c
308 1149 541 1207 quatuor
567 1138 816 1191 animalia
856 1139 1025 1207 ipsum
1055 1156 1210 1193 suum
1237 1148 1420 1208 caput,
1447 1137 1597 1206 cujus
1623 1147 1748 1192 sunt

160 1231 430 1292 membra,
461 1229 697 1297 signare.
749 1228 864 1296 lpse
914 1236 1146 1297 namQue
1185 1240 1240 1282 et
1282 1228 1444 1281 homo
1474 1238 1583 1290 est,
1618 1228 1747 1296 quia

158 1328 412 1374 naturam
452 1327 691 1373 nostram
724 1319 990 1372 veraciter
1014 1318 1273 1385 suscepit,
1292 1328 1344 1371 et
1373 1318 1591 1383 vitulus,
1621 1320 1745 1387 quia

158 1429 257 1483 pro
282 1413 437 1467 nobis
466 1413 731 1482 patienter
762 1412 1035 1475 occubuit,
1063 1418 1117 1464 et
1149 1410 1232 1465 leo
1265 1411 1391 1479 quia
1420 1427 1515 1479 per
1552 1412 1745 1466 divini-

157 1505 289 1557 tatis
326 1502 695 1556 fortitudinem
738 1512 1000 1570 suscepta:
1031 1501 1221 1555 mortis
1262 1500 1529 1554 vinculum
1580 1502 1740 1571 rupit.

152 1592 221 1645 Et
243 1593 310 1645 ad
334 1600 639 1646 extremum
661 1590 835 1659 aquila
862 1608 874 1643 :
903 1590 1027 1658 quia
1051 1590 1117 1642 ad
1145 1589 1339 1644 cmluni
1368 1590 1431 1643 de
1452 1605 1558 1657 quo
1581 1606 1743 1644 vene-

150 1698 262 1747 rat,
312 1683 487 1740 rediit.
522 1681 695 1737 Homo
728 1697 857 1751 ergo
882 1680 1174 1741 nascendo,
1206 1679 1405 1733 vitulus
1440 1679 1738 1742 moriendo,

148 1779 235 1833 leo
268 1780 618 1848 resurgendo,
644 1772 821 1845 aquila
848 1774 914 1825 ad
943 1771 1108 1825 caelos
1135 1771 1495 1834 ascendendo,
1520 1778 1739 1825 vocatus

1862 619 1880 651 ι
1929 602 2208 657 constituit
2254 619 2375 657 eum
2421 620 2625 673 regem,
2677 605 2826 673 cujus
2875 607 2999 663 fecit
3042 609 3250 663 irritum
3294 610 3444 679 jura-

1859 711 1876 742 ι
1925 701 2186 757 mentum,
2218 702 2271 746 et
2305 694 2462 747 solvit
2498 705 2707 763 pactum
2749 698 2889 765 Quod
2939 699 3165 753 habebat
3199 716 3320 754 cum
3353 718 3441 765 eo,

1858 800 1874 827 ι
1923 781 1975 833 in
2020 783 2192 837 medio
2235 782 2516 853 Babylonis
2555 786 2830 839 morietur.
2864 786 2929 840 Et
2960 804 3060 840 non
3109 788 3160 841 in
3195 791 3439 844 exercitu

1856 892 1873 921 ι
1921 873 2109 941 grandi
2150 890 2321 943 neque
2352 876 2403 927 in
2437 876 2629 945 populo
2667 877 2833 931 multo
2885 878 3044 931 faciet
3083 892 3269 933 contra
3312 897 3435 935 eum

1856 977 1873 1009 ι
1922 960 2133 1015 Pharao
2181 962 2443 1031 prmlium,
2478 963 2529 1015 in
2572 963 2717 1032 jactu
2765 967 2974 1035 aggeris
3003 977 3057 1020 et
3104 969 3155 1021 in
3205 978 3429 1023 exstru-

1854 1068 1871 1098 ι
1921 1051 2098 1104 ctione
2150 1052 2447 1117 vallorum,
2494 1064 2553 1107 ut
2604 1054 2889 1110 interficiat
2952 1060 3161 1113 animas
3216 1062 3433 1118 multas.

1855 1161 1871 1191 ι
1923 1141 2211 1211 Spreverat
2235 1145 2378 1199 enim
2402 1143 2769 1212 juraruentum
2802 1157 2859 1201 ut
2890 1150 3124 1204 solveret.
3152 1152 3351 1218 fmlus,
3382 1162 3439 1210 ct

1854 1251 1871 1283 ι
1918 1248 2045 1287 ecce
2073 1234 2219 1287 dedit
2246 1251 2462 1287 manum
2492 1252 2667 1299 suam,
2697 1246 2752 1292 et
2794 1253 2913 1293 cum
2945 1242 3122 1294 omnia
3156 1244 3268 1297 ha‘c
3300 1242 3436 1298 fcre-

1853 1342 1871 1373 ι
1921 1324 2011 1386 ι·ἰι,
2042 1339 2144 1378 non
2178 1324 2412 1396 effugiet.
2438 1348 2455 1377 ι
2488 1326 2598 1381 Hoc
2643 1336 2725 1393 est
2770 1330 3021 1398 aenigma,
3069 1332 3182 1386 haec
3212 1343 3291 1387 est
3339 1350 3433 1401 pa-

1848 1413 2049 1478 rabola,
2080 1415 2220 1483 quod
2250 1417 2349 1471 sub
2382 1417 2589 1471 duabus
2620 1418 2812 1487 aquilis
2838 1430 2891 1473 et
2920 1420 3077 1475 vinea
3108 1421 3241 1475 duos
3278 1440 3431 1493 regns

1845 1502 2129 1573 Babylonis
2158 1514 2212 1558 et
2239 1503 2449 1576 £gypti
2478 1508 2745 1575 scriptura
2788 1519 3132 1575 monstraret,
3164 1523 3217 1566 et
3246 1524 3427 1583 regem

1846 1592 1915 1645 Se
1939 1594 2147 1657 leciam,
2193 1597 2282 1665 qui
2311 1611 2499 1651 contra
2526 1597 2901 1667 jusjurandum
2935 1602 3145 1655 deserta
3191 1605 3430 1659 amicitia

1843 1683 2365 1751 Nabuchodonosor,
2395 1704 2451 1742 se
2475 1691 2539 1742 ad
2572 1706 2749 1760 regem
2776 1690 3084 1762 {Egyptium
3117 1694 3424 1749 transtulit:

1850 1792 1865 1821 ι
1900 1772 2095 1837 Feri-3t,
2129 1775 2321 1843 inquit,
2351 1793 2469 1830 cum
2496 1794 2560 1832 eo
2593 1779 2765 1833 fmdus
2792 1789 2845 1833 ct
2875 1783 3102 1850 accipiet
3136 1786 3202 1837 ab
3233 1800 3296 1839 eo
3319 1786 3431 1855 jus-

146 1880 251 1925 ρει,
300 1870 433 1923 Nam
465 1880 519 1924 et
548 1870 599 1922 in
642 1868 741 1923 Joh
793 1868 1029 1937 legitur:
1066 1882 1082 1912 ι
1116 1862 1383 1929 Numquid
1427 1863 1493 1914 al
1538 1878 1741 1929 praece-
1774 1856 2156 1931 Bjurandum,
2204 1874 2261 1919 ut
2305 1868 2572 1922 custodiat
2620 1879 2833 1938 pactum
2870 1870 3007 1938 ejus,
3048 1882 3103 1925 et
3144 1886 3322 1929 servet
3367 1878 3429 1929 il-

144 1974 303 2031 ptum
334 1970 482 2013 tuum
510 1959 808 2013 elevabitur
849 1956 1048 2026 aquila,
1095 1961 1150 2006 et
1179 1953 1231 2005 in
1265 1953 1447 2006 arduis
1481 1954 1627 2022 ponit
1660 1953 1739 2006 ni-

144 2054 277 2109 dum
324 2053 458 2107 sibi?
486 2072 505 2104 ι
541 2051 683 2121 (Job.
714 2049 925 2120 χχχιι.)
962 2048 1066 2103 Sed
1105 2046 1208 2100 hoc
1244 2044 1363 2100 loco
1408 2046 1597 2115 aquila:
1638 2061 1738 2099 no-

144 2148 315 2212 mine,
359 2145 571 2201 subtilis
616 2154 926 2199 sanctorum
975 2138 1362 2213 intelligentia,
1395 2148 1451 2194 et
1494 2138 1738 2194 sublimis

141 2253 338 2292 eorum
389 2235 773 2305 contemplatio
819 2236 1100 2305 figuratur.
1162 2232 1491 2288 Cunctarum
1540 2229 1737 2299 quippe

141 2330 331 2383 avium
363 2330 535 2384 visum
551 2329 696 2383 acies
726 2327 1175 2397 aquilzesuperat,
1210 2326 1282 2379 ita
1311 2330 1369 2378 ut
1401 2320 1528 2375 solis
1554 2321 1736 2375 radius

142 2420 284 2475 ﬁxos
313 2421 367 2474 in
398 2436 457 2475 se
494 2419 611 2487 ejus
652 2418 837 2475 oculos
877 2418 1021 2473 nulla
1053 2416 1189 2472 lucis
1219 2433 1331 2471 sua:
1360 2413 1736 2471 coruscatione

141 2512 443 2565 verberans
491 2509 727 2563 claudat.
776 2507 859 2562 Ad
912 2514 1238 2578 praeceptum
1297 2517 1427 2576 ergo
1492 2501 1737 2557 elevatur

141 2602 331 2671 aquila
360 2600 487 2654 dum
512 2598 848 2669 jussionibus
876 2597 1072 2652 divinis
1096 2597 1499 2667 obtemperans,
1550 2594 1603 2646 in
1644 2610 1737 2647 sus

138 2694 331 2763 pernis
373 2691 719 2762 suspenditur
759 2689 995 2744 fidelium
1033 2690 1179 2753 vita;
1209 2703 1329 2757 quas
1372 2688 1511 2742 etin
1548 2684 1735 2739 arduis

138 2786 333 2840 nidum
380 2797 581 2853 ponere
616 2782 833 2846 dicitur,
897 2779 1022 2849 quia
1059 2779 1328 2834 desideria
1379 2781 1593 2831 terrena
1642 2774 1736 2829 de-

138 2874 400 2944 spiciens,
442 2888 537 2942 spe
560 2872 673 2941 jam
708 2870 774 2925 de
813 2870 1127 2925 cmlestibus
1163 2869 1418 2922 nutritur.
1454 2867 1510 2921 In
1543 2865 1733 2920 arduis

137 2966 331 3022 nidum
362 2966 513 3035 ponit
546 2982 558 3018 :
590 2964 715 3033 quia
739 2962 1126 3019 habitationem
1155 2962 1350 3015 mentis
1384 2975 1513 3024 suae,
1542 2960 1596 3013 in
1631 2959 1730 3013 ab-

132 3057 281 3127 jecta
298 3065 355 3112 et
377 3056 561 3111 inﬁma
578 3053 991 3111 conversatione
1013 3068 1118 3106 non
1139 3052 1421 3107 construit.
1443 3051 1733 3105 Videamus

136 3146 403 3219 aquilam,
432 3146 616 3200 nidum
650 3144 763 3214 spei
786 3143 841 3198 in
867 3141 1052 3197 arduis
1078 3150 1501 3205 construentem,
1529 3139 1730 3194 Paulus

134 3239 253 3292 ait:
289 3256 307 3289 ι
338 3235 532 3291 Nostra
563 3234 903 3289 conversatio
932 3234 987 3288 in
1013 3232 1167 3289 caelis
1191 3240 1276 3288 est
1319 3229 1541 3301 (Philip.
1568 3230 1673 3302 ιιι).
1703 3249 1744 3315 ι.

134 3330 207 3387 Et
236 3344 491 3385 rursum:
527 3346 545 3380 ι
575 3327 676 3395 Qui
722 3326 1165 3383 conresuscitavit
1208 3334 1263 3380 et
1304 3326 1600 3379 consedere
1631 3337 1731 3377 nos

131 3423 271 3478 fecit
315 3424 371 3476 in
403 3420 712 3477 cmlestibus
742 3418 956 3490 (Ephes.
982 3418 1066 3489 ιι).
1089 3437 1107 3469 ι
1142 3416 1199 3470 ln
1232 3416 1416 3471 arduis
1449 3415 1613 3469 habet
1648 3413 1730 3468 ni-

131 3517 267 3570 dum
293 3528 308 3567 :
340 3513 466 3583 quia
492 3511 733 3581 profecto
764 3511 816 3563 in
852 3508 1102 3579 supernis
1138 3507 1255 3577 figit
1281 3505 1589 3570 consilium,
1619 3520 1729 3559 non

130 3602 255 3658 vult
275 3612 513 3658 mentem
530 3603 583 3656 in
601 3602 707 3655 ima
724 3598 975 3668 dejicere,
1002 3614 1109 3653 non
1125 3598 1236 3652 vult
1256 3612 1354 3667 per
1371 3594 1727 3663 abjectionem

129 3694 569 3751 conversationis
620 3694 868 3746 humana:
912 3692 965 3745 in
1018 3689 1217 3745 inﬁmis
1260 3689 1525 3744 habitare.
1575 3686 1727 3740 Tunc

128 3785 337 3841 Paulus
363 3784 589 3838 fortasse
620 3784 672 3836 in
712 3796 934 3837 carcere
967 3780 1251 3835 tenebatur
1286 3793 1408 3833 cum
1450 3792 1508 3831 se
1535 3789 1725 3830 conse-

128 3880 267 3933 dere
285 3877 501 3931 Christo
524 3876 577 3928 in
601 3874 912 3929 ccelestibus
932 3880 1239 3927 testaretur.
1268 3869 1374 3924 Sed
1398 3868 1472 3923 ibi
1495 3875 1612 3922 erat
1634 3864 1723 3920 ubi

128 3966 421 4021 ardentem
458 3963 572 4032 jam
618 3971 849 4017 mentem
879 3961 1091 4025 ﬁxerat,
1138 3975 1243 4015 non
1288 3958 1395 4013 illic
1442 3958 1532 4012 ubi
1575 3956 1723 4011 illum

127 4054 449 4111 necessario
476 4054 627 4122 pigra
664 4052 840 4107 adhuc
864 4066 994 4105 caro
1032 4050 1313 4104 retinebat.
1349 4047 1461 4103 Hoc
1490 4060 1723 4115 namque

126 4160 257 4201 esse
306 4138 539 4214 speciale
597 4144 869 4212 specimen
915 4141 1205 4197 electorum
1249 4140 1415 4205 solet,
1458 4139 1599 4208 quod
1643 4139 1723 4192 sic

127 4238 319 4294 sciunt
345 4237 627 4307 przcsentis
652 4236 777 4290 vitae
801 4234 942 4287 viam
969 4248 1215 4302 carpere,
1248 4241 1307 4287 ut
1345 4247 1443 4302 per
1475 4231 1588 4301 spei
1616 4230 1722 4285 cel-

128 4326 430 4382 situdinem
473 4326 723 4380 noverint
743 4322 856 4393 jam
901 4337 960 4377 se
989 4322 1055 4376 ad
1086 4322 1195 4375 alta
1225 4322 1557 4391 pervenisse,
1590 4335 1721 4388 qua-

128 4428 298 4473 tenus
320 4425 533 4482 cuncta,
563 4431 683 4485 qua:
707 4412 1097 4485 praeterﬂuunt.
1126 4414 1226 4467 sub
1256 4428 1313 4467 se
1334 4427 1453 4466 esse
1478 4412 1715 4475 videant,

126 4524 301 4585 atque
322 4529 502 4579 onme,
527 4513 669 4585 quod
692 4514 745 4568 in
769 4513 871 4568 hoc
895 4511 1096 4566 mundo
1118 4511 1339 4575 eminet,
1364 4524 1549 4564 amore
1567 4518 1719 4564 teter-
1745 4549 1794 4608 Β

126 4605 328 4661 nitatis
354 4604 583 4660 calcent.

210 4714 229 4747 ι
266 4695 337 4748 ΕΙ.
382 4692 582 4747 factum
616 4701 702 4748 est
735 4691 957 4747 verbum
1003 4691 1215 4746 Domini
1249 4689 1314 4744 ad
1352 4705 1438 4745 me
1486 4689 1711 4745 dicens:

132 4809 151 4841 ι
200 4787 305 4841 Dic
346 4784 414 4839 ad
444 4786 661 4839 domum
702 4792 1149 4852 exasperantem:
1180 4780 1407 4835 Nescitis
1453 4780 1581 4849 quid
1614 4781 1717 4834 ista

131 4898 149 4929 ι
199 4875 547 4947 signiﬁcent?
576 4873 673 4929 Dic
706 4893 718 4927 :
746 4874 885 4928 Ecce
930 4874 1080 4927 venit
1110 4888 1204 4927 rex
1242 4871 1531 4942 Babylonis
1559 4869 1718 4925 Jeru-

131 4989 150 5021 (
199 4968 412 5032 salem,
455 4976 509 5022 et
554 4975 792 5020 assumet
838 4980 1018 5035 regem
1063 4972 1119 5017 et
1169 4964 1442 5032 principes
1489 4963 1625 5031 ejus,
1663 4970 1719 5016 et

130 5082 149 5113 ι
197 5060 437 5115 adducet
464 5072 557 5112 eos
580 5057 647 5110 ad
677 5057 1022 5123 semetipsum
1066 5054 1119 5107 in
1150 5053 1495 5124 Babylonem.
1527 5052 1593 5106 Et
1626 5050 1716 5104 tol-

132 5174 148 5204 ι
196 5152 276 5207 let
306 5151 373 5204 de
423 5150 628 5204 semine
651 5147 833 5215 ‘regni,
863 5146 1123 5214 ferietque
1149 5160 1273 5199 cum
1319 5160 1384 5199 eo
1432 5143 1631 5203 fmdus.
1663 5150 1719 5196 et

132 5264 149 5294 ι
199 5240 439 5310 accipiet
479 5239 548 5293 ab
583 5252 649 5293 eo
680 5236 1073 5306 jusjurandum.
1123 5235 1229 5289 Sed
1258 5244 1314 5289 et
1354 5234 1521 5289 fortes
1558 5243 1715 5287 terra!

132 5351 151 5385 ι
203 5330 382 5393 tollet,
416 5338 475 5382 ut
500 5330 571 5383 sit
599 5343 821 5398 regnum
870 5326 1067 5380 humile
1102 5334 1157 5379 et
1192 5341 1296 5377 non
1332 5324 1593 5387 elevetur,
1620 5322 1714 5377 sed

132 5440 152 5471 ι
200 5418 480 5475 custodiat
509 5428 725 5486 pactum
771 5405 887 5484 ejus
913 5423 968 5469 et
1013 5424 1191 5468 servet
1237 5413 1386 5467 illud.
1420 5413 1519 5479 Qui
1572 5426 1714 5465 rece-

132 5533 151 5565 ι
198 5514 340 5568 dens
382 5509 450 5563 ab
492 5523 557 5562 eo
599 5507 745 5561 misit
788 5506 1001 5560 nuntios
1028 5505 1093 5558 ad
1124 5502 1435 5573 Egyptum,
1470 5511 1523 5557 ut
1559 5504 1713 5558 daret

134 5621 154 5655 ι
202 5600 312 5656 sibi
344 5612 515 5668 equos
545 5604 599 5652 et
637 5597 888 5665 populum
921 5594 1165 5647 multum.
1194 5593 1462 5663 Numquid
1490 5608 1712 5661 prospe-

133 5713 153 5745 ι
199 5691 412 5745 rabitur
440 5689 521 5742 vel
567 5696 921 5755 consequetur
967 5686 1217 5748 salutem,
1249 5684 1337 5751 qui
1388 5684 1516 5737 fecit
1564 5683 1714 5737 hazc?

138 5803 154 5833 ι
198 5780 267 5837 Et
298 5780 389 5849 qui
424 5777 578 5832 solvit
608 5787 821 5845 pactum
855 5774 1110 5844 numquid
1149 5773 1402 5844 effugiet?
1430 5772 1560 5827 Vivo
1589 5787 1707 5843 ego,

1842 1954 1892 2006 lu
1918 1954 1951 2006 l.
1997 1974 2014 2006 ›
2069 1956 2170 2021 Qui
2222 1956 2486 2022 dissolvit,
2546 1960 2641 2023 ait,
2698 1969 2934 2035 pactum,
2987 1965 3246 2033 numquid
3295 1965 3429 2020 cll'n-

1837 2046 1983 2116 giet?
2006 2046 2084 2101 Ex
2115 2063 2222 2117 quo
2253 2048 2508 2105 discimus
2536 2053 2697 2106 etiam
2723 2054 2866 2108 inter
2890 2055 3072 2109 hestes
3104 2058 3425 2113 servandam

1837 2137 2019 2201 diem,
2045 2149 2093 2191 et
2125 2153 2229 2191 non
2257 2140 2701 2197 considerandum
2730 2144 2840 2207 cui,
2882 2146 2975 2199 sed
3019 2162 3118 2215 per
3146 2162 3305 2217 quem
3336 2148 3421 2218 ju-

1837 2228 2061 2283 raveris.
2109 2228 2283 2284 Multo
2320 2232 2463 2285 enim
2509 2231 2717 2287 fidelior
2766 2235 3014 2289 inventus
3050 2247 3131 2291 est
3178 2238 3289 2305 ille,
3332 2241 3424 2310 qui

1835 2328 2055 2390 propter
2084 2326 2281 2376 nomen
2322 2323 2413 2376 Dci
2445 2324 2538 2377 tibi
2570 2326 2801 2380 credidit
2830 2336 2884 2382 et
2920 2328 3173 2398 deceptus
3217 2338 3319 2394 est,
3368 2340 3420 2385 te

1836 2413 1925 2482 qui
1979 2429 2076 2483 per
2124 2415 2461 2470 occasionem
2501 2417 2694 2473 divinae
2750 2419 3069 2488 majestatis,
3115 2422 3255 2477 hosti
3306 2430 3419 2487 tuo,

1836 2503 1945 2558 imo
1968 2506 2080 2574 jam
2110 2505 2381 2571 amico,es
2408 2506 2624 2562 molitus
2648 2509 2891 2564 insidias.
2921 2511 3202 2577 Quoniam,
3226 2513 3421 2582 inquit,

1836 2595 1889 2649 in
1926 2596 2043 2652 loco
2087 2599 2250 2669 regis,
2282 2599 2371 2667 qui
2410 2600 2685 2654 constituit
2706 2614 2826 2654 eum
2864 2617 3067 2672 regem,
3100 2600 3251 2669 cujus
3292 2602 3422 2659 fecit

1836 2688 2048 2742 irritum
2073 2688 2468 2759 juramentum,
2497 2699 2552 2745 et
2583 2691 2739 2745 solvit
2774 2702 2986 2761 pactum
3012 2695 3155 2764 quod
3187 2696 3421 2749 habebat

1833 2788 1954 2833 cum
1979 2794 2064 2844 eo,
2086 2779 2139 2833 in
2164 2780 2339 2835 medio
2366 2780 2653 2852 Babylonis
2682 2780 2959 2838 morietur.
2989 2784 3239 2856 Legimus
3268 2788 3413 2842 enim

1834 2870 2117 2926 Sedeciam
2166 2881 2401 2942 captum,
2431 2873 2647 2928 ductum
2679 2889 2796 2929 esse
2827 2876 2878 2929 in
2907 2876 3191 2942 Beblatha,
3238 2878 3419 2947 ibique

1834 2959 2131 3015 interfectis
2162 2961 2284 3016 ﬁliis
2323 2973 2675 3027 excaecatum,
2715 2972 2770 3028 et
2814 2965 2986 3020 instar
3014 2966 3143 3021 fera:
3172 2956 3415 3022 clausum

1833 3067 1996 3107 cavea
2042 3053 2359 3107 translatum
2392 3054 2444 3108 in
2476 3054 2822 3125 Babylonem.
2855 3055 3009 3111 Unde
3038 3066 3093 3113 et
3132 3057 3412 3129 Scriptura

1833 3159 1954 3200 cum
1987 3145 2233 3199 videatur
2274 3146 2375 3201 sibi
2406 3161 2525 3202 esse
2553 3150 2845 3214 contraria,
2879 3158 3055 3205 tamen
3100 3152 3153 3205 in
3186 3158 3415 3220 utroque

1833 3235 2113 3289 verissima
2142 3246 2244 3289 est.
2274 3237 2485 3290 Dictum
2514 3238 2657 3291 enim
2688 3248 2806 3293 erat
2835 3239 2900 3293 ad
2939 3238 3219 3294 Sedeciam
3249 3258 3261 3292 :
3298 3259 3315 3291 ι
3350 3241 3417 3300 Et

1832 3325 2057 3380 intrabis
2090 3325 2437 3396 Babylonem,
2471 3336 2526 3381 et
2564 3343 2668 3381 non
2710 3328 2917 3383 videbis
2954 3344 3092 3383 eam.
3118 3350 3136 3381 ι
3188 3331 3415 3386 Intravit

1829 3418 1993 3480 enim,
2023 3418 2149 3488 quia
2178 3418 2370 3472 ductus
2391 3426 2473 3472 est
2501 3419 2827 3489 Babylonem
2854 3440 2866 3474 :
2894 3430 2949 3475 et
2975 3436 3081 3475 non
3105 3420 3257 3487 vidit,
3286 3424 3413 3493 quia

1829 3507 2004 3563 fuerat
2038 3517 2357 3563 excmcatus.
2402 3508 2513 3564 Hoc
2557 3520 2735 3565 autem
2779 3512 2922 3581 quod
2972 3511 3216 3582 sequitur
3249 3532 3261 3567 :
3300 3532 3317 3565 ι
3348 3513 3415 3568 Et

1828 3613 1933 3653 non
1963 3600 2014 3652 in
2049 3600 2289 3654 exercitu
2327 3600 2514 3671 grandi
2546 3615 2719 3671 neque
2742 3602 2794 3655 in
2828 3601 3023 3671 populo
3050 3602 3222 3657 multo
3248 3602 3408 3659 faciet

1826 3700 2014 3745 contra
2043 3706 2165 3744 eum
2194 3690 2402 3745 Pharao
2442 3691 2683 3760 praelium
2734 3693 2787 3746 in
2830 3693 2979 3763 jactu
3024 3694 3236 3763 aggeris
3265 3702 3321 3749 et
3352 3695 3411 3752 in

1824 3780 2189 3833 exstructione
2213 3779 2489 3842 vallorum,
2520 3792 2576 3835 ut
2606 3781 2893 3836 interficiat
2917 3783 3127 3837 animas
3152 3784 3404 3850 multas,»

1824 3869 2110 3939 dupliciter
2144 3870 2461 3941 intelligitur
2489 3872 2602 3925 sive
2641 3886 2732 3925 rex
2770 3871 3057 3944 Egyptius
3088 3883 3275 3928 contra
3296 3874 3409 3930 Na-

1823 3960 2235 4016 buchodonosor
2265 3977 2445 4033 regem
2489 3962 2777 4033 Babylonis
2804 3966 3028 4019 veniens
3061 3982 3167 4019 non
3212 3969 3409 4035 poterit

1821 4052 2006 4122 proelio
2052 4067 2229 4121 neque
2273 4068 2395 4107 cum
2440 4068 2607 4121 parvo
2650 4054 2893 4109 exercitu
2943 4063 3105 4110 tanta!
3152 4054 3407 4112 resistere

1822 4142 2148 4195 multitudini
2192 4142 2305 4196 sive
2346 4141 2459 4211 ipse
2490 4141 2746 4198 Sedecias
2788 4145 3187 4215 expugnabitur
3213 4160 3242 4199 a
3276 4145 3408 4200 Pha-

1821 4247 1985 4286 raone
2031 4247 2061 4285 a
2111 4247 2218 4301 quo
2264 4234 2500 4301 speravit
2544 4234 2824 4288 auxilium.
2871 4234 2988 4289 Non
3040 4248 3147 4305 quo
3194 4234 3405 4289 Pharao

1819 4333 1940 4373 eum
1986 4321 2408 4390 expugnaverit,
2436 4320 2519 4375 vel
2566 4323 2667 4377 hoc
2696 4321 2891 4377 alicubi
2930 4322 3209 4391 Scriptura
3241 4331 3405 4378 teste-

1818 4417 1907 4462 tur
1933 4428 1945 4463 :
1975 4411 2067 4465 sed
2097 4426 2203 4479 quo
2234 4412 2564 4480 oppugnatio
2606 4410 3099 4467 Nabuchodonosor
3123 4428 3222 4481 per
3248 4429 3403 4471 occa-

1820 4503 2027 4557 sionem
2076 4503 2146 4557 sit
2188 4500 2329 4556 facta
2380 4502 2521 4571 regis
2549 4500 2823 4573 Egyptii;
2859 4518 2959 4557 nec
3007 4502 3110 4557 iste
3151 4503 3299 4559 visus
3330 4504 3405 4559 sit

1818 4608 2125 4664 expugnare
2170 4592 2490 4658 Jerusalem,
2518 4592 2609 4662 qui
2639 4593 2940 4657 obsidebat,
2968 4592 3061 4648 sed
3087 4592 3174 4648 ille
3216 4595 3271 4647 in
3295 4608 3402 4663 quo

1820 4686 2071 4741 Sedecias
2116 4686 2314 4740 frustra
2360 4693 2693 4755 Speraverat.
2729 4704 2747 4736 ι
2795 4685 2954 4747 Ecce,
2991 4685 3201 4754 inquit,
3253 4684 3404 4739 dedit

1816 4793 2035 4831 manum
2084 4792 2235 4832 suam
2270 4776 2380 4847 regi
2415 4775 2657 4847 Egypti,
2679 4794 2698 4828 ι
2736 4759 2793 4829 et
2842 4775 3063 4829 tradidit
3091 4789 3171 4840 se,
3200 4783 3255 4829 et
3283 4788 3402 4843 per-

1809 4868 1939 4937 jurii
1962 4879 2146 4924 contra
2173 4870 2339 4923 Deum
2367 4867 2639 4922 commisit
2663 4865 3026 4935 sacrilegium.
3052 4883 3071 4916 ι
3101 4864 3395 4934 Numquid,

1819 4960 1915 5024 ait,
1947 4959 2187 5030 proderit
2216 4959 2298 5013 ei?
2326 4979 2343 5009 ι
2379 4957 2446 5011 Ει
2479 4972 2601 5011 cum
2627 4956 2810 5011 omnia
2856 4956 2971 5011 haec
3014 4954 3239 5020 fecerit,
3288 4970 3395 5009 non

1855 5047 2009 5101 ﬂ'uaic
2018 5058 2053 5101 t.

1818 5063 1921 5102 euu
1965 5063 2053 5101 iet.

1894 5066 2233 5206 chrOpterea
2270 5138 2384 5192 haec
2419 5136 2551 5190 dicit
2583 5136 2842 5191 Dominus
2884 5135 3062 5189 Deus:
3097 5134 3230 5189 Vivo
3272 5148 3395 5202 ego,

1823 5246 1841 5279 ι
1887 5228 2139 5296 quoniam
2191 5226 2589 5294 juramentum,
2640 5228 2785 5296 quod
2831 5226 3069 5294 sprevit,
3112 5234 3167 5278 et
3214 5222 3391 5276 foedus

1823 5336 1841 5368 ι
1888 5318 2028 5387 quoi
2059 5317 2441 5386 praevaricatus
2486 5326 2570 5373 est
2612 5332 2809 5387 ponam
2856 5318 2911 5371 in
2957 5326 3119 5385 caput
3155 5315 3290 5383 ejus.
3326 5314 3394 5368 Et

1824 5428 1841 5459 ι
1886 5409 2183 5476 expandam
2212 5424 2373 5477 super
2404 5424 2527 5463 eum
2570 5418 2685 5462 rete
2729 5423 2933 5473 meum,
2963 5417 3015 5462 et
3049 5406 3399 5475 comprehen-

1824 5516 1842 5548 ι
1888 5497 2045 5551 detur
2090 5513 2285 5569 sagena
2314 5513 2453 5553 mea.
2499 5498 2566 5551 Et
2605 5499 2867 5554 adducam
2894 5515 3018 5553 eum
3067 5499 3120 5552 in
3168 5496 3392 5567 Babylo-

1823 5608 1837 5640 ι
1887 5604 2033 5652 nem,
2067 5596 2122 5643 et
2163 5589 2418 5656 judicabo
2444 5604 2564 5643 eum
2614 5590 2684 5643 ibi
2718 5590 2770 5644 in
2814 5591 3256 5659 prtevaricatione
3286 5604 3393 5656 qua

1824 5701 1841 5732 ‹
1885 5682 2128 5750 despexit
2157 5697 2261 5735 me.
2291 5682 2357 5735 Et
2382 5698 2571 5738 omnes
2593 5682 2803 5753 profugi
2833 5681 2950 5752 ejus
2979 5697 3101 5737 cum
3135 5682 3392 5735 universo

1824 5790 1841 5822 ι
1887 5771 2097 5842 agmine
2142 5771 2194 5826 in
2236 5771 2411 5842 gladio
2464 5774 2694 5840 cadent,
2735 5774 3036 5844 residuique
3078 5774 3131 5829 in
3180 5786 3395 5828 omnem
