3936 6366
477 418 579 478 699

1153 411 1219 468 ιι.
1254 407 1511 465 uanam
1546 396 1765 487 nsunt
1801 373 2118 458 secuti-3r.
2161 394 2469 453 uocum.
2511 389 2795 449 orntum
2829 387 3008 444 rans
3044 385 3105 442 ιι.

3654 382 3761 434 700

479 552 497 583 ι
546 539 762 585 ventum
807 529 1201 597 dispergentur.
1247 523 1314 577 Et
1364 521 1548 578 scietis
1608 518 1735 589 quia
1790 529 1890 586 ego
1949 511 2058 565 Do-
2088 508 2219 571 Ain
2254 522 2353 562 nos
2400 504 2544 560 ferre
2576 502 2917 581 sententiam,
2953 508 3007 553 et
3038 501 3216 553 dicere
3262 512 3383 551 cum
3430 494 3758 564 Propheta:

479 645 500 673 ι
549 622 726 677 minus
786 620 993 674 locutus
1043 632 1238 680 sum,»
1287 623 1393 670 etc.
1455 609 1734 668 Sententia
1782 605 2057 663 smcularis

472 720 561 768 (351.
589 726 604 765 2

666 824 681 840 .
723 825 735 838 .
773 825 787 837 .
824 823 839 839 .
872 786 1012 837 dolus
1032 798 1091 835 an
1111 787 1285 846 virtus,
1308 784 1419 847 quis
1440 783 1489 831 in
1513 782 1654 830 hoste
1686 775 1944 841 requirat?

477 891 650 960 Quam
700 889 876 946 solent
924 888 1080 943 nobis
1137 901 1444 957 apponere,
1490 884 1581 954 qui
1632 882 1822 937 dicunt
1875 881 2060 936 hostes

480 983 670 1037 fraude
694 980 1061 1051 decipiendos.
1084 976 1180 1033 Cui
1202 986 1259 1031 ut
1281 975 1707 1045 acquiescamus,
1727 971 1892 1026 multo
1909 970 2061 1041 pejus

480 1074 609 1131 fecit
643 1072 916 1129 Sedccias.
969 1069 1087 1124 Non
1134 1070 1276 1123 enim
1308 1069 1514 1121 hostem
1543 1062 1773 1132 decepit,
1804 1062 1898 1117 sed
1929 1061 2065 1115 ami—

481 1182 639 1230 cum,
689 1164 775 1221 cui
825 1163 1031 1217 fmdere
1081 1160 1293 1215 Domini
1346 1155 1523 1211 fuerat
1567 1152 1867 1223 copulatus.
1921 1151 2063 1221 Ergo

482 1256 718 1328 quandin
757 1254 865 1328 [AL
896 1252 1044 1317 add.,
1072 1249 1203 1321 non]
1244 1248 1396 1317 jures
1425 1254 1480 1300 et
1517 1255 1736 1315 pactum
1770 1243 1879 1315 [ΑΙ.
1909 1242 2062 1307 add.,

484 1344 616 1418 non]
648 1345 700 1399 in
729 1358 824 1399 cas
857 1342 957 1397 sub
983 1339 1201 1395 nomine
1234 1336 1346 1400 Dei,
1378 1334 1675 1405 prudentia:
1700 1340 1783 1387 est
1816 1339 1870 1386 et
1914 1330 2067 1385 forti-

487 1434 685 1491 tudinis
706 1432 790 1488 vel
811 1432 1079 1501 decipere,
1098 1429 1182 1483 vel
1211 1441 1464 1497 superare
1485 1424 1857 1480 adversarium
1883 1430 2067 1476 utcun-

485 1539 591 1596 que
611 1523 871 1595 potueris.
890 1521 1024 1578 Cum
1046 1529 1223 1574 autem
1250 1528 1301 1573 te
1324 1515 1715 1572 constrinxeris
1734 1514 2066 1584 juramento,

487 1628 828 1685 nequaquam
849 1610 1217 1672 adversarius,
1240 1606 1332 1662 sed
1354 1605 1561 1659 amicus
1589 1613 1693 1669 est,
1726 1603 1814 1673 qui
1841 1603 1935 1657 tibi
1958 1618 2069 1658 cre-

486 1704 655 1768 didit,
685 1710 742 1757 et
768 1701 869 1757 sub
900 1699 1187 1755 occasione
1224 1695 1553 1767 jusjurandi,
1585 1695 1639 1749 id
1674 1702 1776 1758 est,
1806 1692 1903 1747 Dei
1934 1709 2072 1747 nun-

487 1792 773 1863 cupatione
794 1792 1049 1859 deceptus
1076 1782 1180 1843 est.
1202 1786 1497 1857 Propterea
1518 1783 1800 1853 Scriptura
1830 1798 1974 1838 nunc
1996 1782 2073 1838 di-

487 1886 599 1941 cit:
629 1905 646 1937 ι
667 1884 1040 1939 Juramentum
1063 1881 1205 1951 quod
1227 1878 1450 1949 sprevit,
1475 1887 1529 1932 et
1552 1876 1745 1942 ftedus,
1769 1877 1913 1946 quod
1942 1890 2075 1945 pra:-
2102 1880 2146 1938 Β

487 1975 764 2029 varicatus
778 1980 880 2037 est,
899 1986 1093 2042 ponam
1118 1970 1169 2023 in
1186 1977 1347 2038 caput
1370 1968 1505 2037 ejus.
1531 1986 1549 2019 ι
1570 1966 1647 2021 Ac
1670 1982 1739 2032 ne
1762 1975 2072 2036 putaremus

481 2064 849 2134 juramcntum
870 2070 926 2115 et
944 2059 1140 2123 foedus,
1163 2067 1217 2113 et
1233 2066 1471 2128 paetum,
1496 2057 1637 2127 regis
1657 2071 1775 2111 esse
1793 2054 2071 2125 Babylonii

488 2152 573 2208 vel
590 2150 848 2213 Sedeciaa,
867 2149 960 2219 qui
984 2147 1204 2214 fecerat,
1222 2148 1494 2217 sequitur:
1513 2166 1531 2197 ι
1550 2146 1606 2201 In
1630 2146 2075 2216 praevaricatione

490 2260 597 2314 qua
643 2244 888 2317 despexit
919 2258 1026 2296 me.
1068 2263 1087 2296 ι
1134 2243 1275 2312 Ergo
1331 2242 1422 2311 qui
1453 2241 1752 2296 contemnit
1791 2240 2073 2311 juramen-

493 2346 625 2400 tum,
672 2334 821 2390 illum
863 2334 1108 2403 deSpicit,
1158 2349 1254 2401 per
1280 2347 1439 2402 quem
1463 2332 1687 2403 juravit.
1720 2331 1907 2402 illique
1946 2330 2078 2385 facit

492 2424 741 2494 injuriam
767 2422 921 2493 cujus
948 2424 1152 2479 nomini
1176 2423 1406 2478 credidit
1450 2421 1816 2479 adversarius.
1847 2421 2077 2491 Propter

490 2533 656 2589 quam
686 2532 902 2574 causam
936 2534 955 2568 ι
984 2516 1283 2586 expandam
1305 2557 1319 2581 ,
1369 2516 1575 2585 inquit,
1607 2514 1770 2585 super
1797 2531 1921 2569 eum
1965 2522 2077 2570 rete

493 2624 694 2676 meum,
727 2618 782 2665 et
809 2609 1298 2679 comprehendetur
1325 2593 1524 2678 sagena
1548 2621 1687 2661 mea.
1714 2606 1781 2660 Et
1814 2606 2077 2660 adducam

492 2719 617 2759 cum
665 2704 718 2758 in
740 2702 1067 2773 Babylonem
1089 2742 1103 2767 ,
1143 2710 1197 2756 ct
1228 2700 1485 2770 judicabo
1527 2716 1649 2755 eum
1682 2701 1810 2755 illic.
1835 2720 1852 2752 ι
1909 2699 2077 2766 Quid-

492 2795 624 2865 quid
651 2794 814 2866 igitur
834 2801 1023 2850 contra
1070 2792 1351 2847 Sedcciam
1394 2791 1524 2847 fecit
1558 2792 2072 2855 Nabuchodonosor,

496 2903 603 2942 non
645 2887 758 2943 suis
788 2884 916 2941 fecit
949 2884 1177 2950 viribus,
1207 2883 1300 2939 sed
1333 2882 1411 2938 ira
1441 2883 1555 2949 Dei,
1588 2883 1643 2937 in
1673 2883 1827 2955 cujus
1862 2882 2081 2937 nomine

498 2975 675 3033 ftiérat
716 2975 1048 3047 perjuratus.
1103 2974 1410 3030 Secundum
1452 2989 1759 3045 anagogen,
1794 2972 1920 3027 licet
1966 2970 2081 3026 vio-

495 3073 640 3126 lenta
689 3070 935 3125 videatur
982 3049 1378 3137 interpretatio,
1429 3066 1531 3121 hoc
1579 3065 1894 3129 sciendum,
1938 3063 2082 3133 quod

2166 617 2183 650 ι
2215 598 2352 652 lram
2390 595 2601 651 Domini
2648 592 2947 653 sustinebo,
2976 589 3065 658 qui
3098 589 3310 657 peccavi
3354 587 3424 651 ei,
3465 586 3642 639 donec
3670 582 3763 649 ju-

2160 688 2357 744 stiticet
2405 700 2625 741 causam
2663 696 2909 751 meam.)
2946 690 3049 733 etc.
3098 678 3163 732 Et
3212 677 3520 745 frequenter
3564 673 3773 728 evenit.

2163 790 2223 837 ut
2247 780 2400 836 alteri
2457 776 2656 833 subditi
2696 776 2763 828 ad
2814 774 3041 827 alterum
3094 780 3452 835 transeamus,
3496 767 3588 836 qui
3655 780 3768 816 no-

2163 872 2247 925 bis
2280 885 2435 926 suum
2464 868 2805 937 repromittat
2852 862 3129 917 auxilium.
3179 857 3288 914 Nec
3320 857 3476 912 faciet
3530 858 3580 909 in
3636 857 3769 927 pri-

2164 968 2305 1022 stina
2352 963 2617 1020 sententia
2664 972 3004 1031 permanere,
3047 955 3189 1025 quod
3228 953 3371 1007 omni
3422 950 3639 1004 ratione
3676 947 3769 999 vi-

2166 1057 2387 1112 tandum
2435 1063 2553 1115 est,
2595 1067 2661 1106 ne
2712 1050 2985 1104 siccentur
3030 1044 3275 1116 palmites
3316 1040 3483 1095 nostri
3518 1048 3574 1093 et
3625 1051 3772 1107 ger-

2166 1150 2314 1205 mina
2362 1154 2647 1211 arescant,
2690 1154 2746 1198 ct
2784 1126 2982 1197 contra
3018 1146 3234 1209 pactum
3268 1134 3363 1190 Dei
3406 1132 3584 1189 facere
3626 1143 3772 1183 cre-

2169 1243 2380 1297 damur.

2245 1372 2265 1405 ι
2296 1352 2421 1407 Haec
2464 1351 2595 1405 dicit
2625 1347 2883 1403 Dominus
2910 1363 2923 1398 :
2950 1342 3019 1397 Et
3060 1352 3268 1395 sumam
3295 1349 3394 1406 ego
3422 1335 3485 1390 de
3514 1329 3774 1387 medulla

2175 1462 2196 1498 ι
2240 1444 2387 1510 cedri
2410 1441 2654 1498 sublimis
2679 1446 2733 1495 et
2759 1452 2955 1508 ponam
2977 1434 3043 1490 de
3065 1432 3268 1493 vertice
3295 1443 3563 1483 ramorum
3595 1424 3773 1492 ejus;

2177 1556 2195 1587 ι
2242 1534 2487 1591 tenerum
2536 1531 2874 1600 distringam.
2909 1526 2973 1580 Et
3018 1522 3275 1595 plantabo
3319 1533 3477 1588 super
3508 1525 3774 1570 montem

2177 1644 2197 1678 ι
2241 1623 2513 1679 excelsum
2542 1630 2597 1675 et
2631 1619 2994 1680 eminentem;
3034 1614 3088 1669 in
3118 1618 3299 1667 monte
3339 1608 3549 1664 sublimi
3586 1606 3779 1660 lsrael

2179 1733 2198 1766 ι
2240 1713 2495 1784 plantabo
2523 1709 2652 1765 illud
2671 1728 2684 1775 ;
2705 1716 2758 1764 et
2784 1712 3028 1777 erumpet
3055 1704 3109 1759 in
3135 1709 3446 1778 germen,et
3468 1698 3636 1753 faciet
3660 1697 3781 1749 fru-

2182 1827 2205 1885 ι⁵
2246 1817 2416 1871 ctum,
2459 1812 2517 1860 et
2538 1804 2645 1858 erit
2690 1802 2746 1856 in
2791 1800 3013 1856 cedrum
3043 1810 3313 1866 magnam.
3341 1793 3407 1847 Et
3434 1790 3784 1845 babitabunt

2179 1880 2205 1951 ι⁸
2243 1899 2344 1953 sub
2390 1911 2454 1951 ea
2496 1907 2685 1949 omnes
2728 1891 2996 1952 volucres,
3039 1887 3350 1941 universum
3395 1881 3608 1936 volatile
3666 1880 3781 1933 sub

2177 2009 2198 2042 ι
2241 1990 2431 2044 umbra
2461 1986 2730 2041 frondium
2776 1983 2893 2053 ejus
2936 1978 3250 2036 nidificabit.
3280 1976 3347 2030 Et
3374 1975 3544 2030 scient
3572 1973 3782 2027 omnia

2180 2097 2198 2130 ι
2244 2078 2386 2149 ligna
2413 2074 2667 2146 regionis,
2692 2072 2817 2142 quia
2844 2086 2943 2142 ego
2962 2067 3220 2123 Dominus
3247 2063 3523 2120 humiliavi
3548 2061 3781 2132 lignum

2171 2187 2199 2247 ,ι
2246 2167 2495 2232 sublime,
2510 2173 2565 2220 et
2586 2163 2790 2219 elevavi
2805 2161 3005 2232 lignum
3027 2158 3249 2221 humile,
3264 2163 3317 2209 et
3336 2152 3529 2209 siccavi
3542 2152 3780 2223 lignum

2181 2276 2200 2310 ι
2246 2258 2437 2319 viride,
2466 2264 2521 2311 et
2548 2255 2801 2309 frondere
2830 2250 2933 2307 feci
2955 2250 3159 2321 lignum
3184 2246 3413 2302 aridum.
3444 2244 3553 2315 Ego
3576 2243 3784 2299 Domi-

2182 2368 2201 2402 ι
2246 2364 2348 2404 nus
2374 2348 2585 2402 locutus
2625 2360 2741 2399 sum
2772 2352 2825 2399 et
2854 2342 2977 2397 feci.
3002 2360 3020 2392 ι
3057 2341 3229 2395 Verus
3265 2336 3784 2391 Nabuchodonosor

2177 2450 2463 2512 propterea
2508 2437 2672 2493 sumit
2696 2438 2761 2491 de
2790 2432 3024 2490 medulla
3066 2430 3214 2487 cedri
3257 2428 3501 2485 sublimis
3546 2426 3609 2481 de
3646 2440 3781 2480 ver-

2178 2534 2287 2590 tice
2320 2546 2589 2586 ramorum
2633 2528 2769 2596 ejus,
2818 2536 2879 2582 ut
2926 2526 2996 2580 sit
3041 2515 3266 2593 regnum
3314 2519 3517 2575 humile
3561 2527 3780 2572 ct‘non

2178 2626 2438 2682 elevetur.
2484 2624 2743 2678 Dominus
2786 2629 2965 2675 autem
3012 2619 3154 2672 Deus
3186 2616 3356 2670 Pater
3399 2612 3778 2681 omnipotens,

2180 2717 2271 2787 qui
2315 2716 2523 2770 locutus
2549 2723 2634 2768 est
2660 2714 2727 2767 ad
2754 2709 3025 2774 Ezechiel,
3059 2708 3195 2763 tollit
3236 2707 3302 2761 de
3332 2706 3499 2773 stirpe
3531 2704 3689 2773 regia
3721 2700 3783 2757 et

2180 2808 2247 2863 de
2274 2820 2469 2876 genere
2500 2803 2687 2869 David,
2718 2809 2772 2857 et
2801 2800 3009 2871 plantat
3036 2812 3199 2868 super
3225 2804 3458 2851 montem
3484 2792 3778 2848 excelsum

2181 2905 2238 2953 et
2262 2896 2609 2959 eminentem,
2640 2892 2728 2963 qui
2755 2891 2994 2961 loquitur
3019 2888 3075 2943 in
3118 2886 3365 2958 psalmo:
3399 2903 3417 2937 ι
3444 2883 3557 2953 Ego
3583 2891 3781 2937 autem

2182 2986 2508 3044 constitutus
2534 3000 2652 3040 sum
2681 2998 2774 3038 rex
2807 2982 2874 3036 ab
2900 2994 2965 3035 eo
3005 2994 3167 3049 super
3212 2973 3611 3032 Sionmontem
3642 2989 3783 3029 san—

2183 3089 2331 3136 ctum
2375 3076 2494 3147 ejus
2520 3074 2690 3147 (Psal.
2731 3063 2848 3145 ιη.»
2895 3070 3171 3133 defecerat
3212 3070 3354 3125 enim
3406 3067 3658 3137 princeps
3710 3066 3785 3120 de

494 3164 763 3235 quomodo
784 3170 979 3217 caetera
998 3160 1316 3225 animantia,
1342 3168 1396 3214 et
1420 3159 1488 3214 ad
1509 3158 1708 3213 bonam
1730 3166 1784 3212 et
1799 3158 1866 3212 ad
1883 3156 2081 3211 malam

2187 3166 2340 3232 Iuda,
2368 3174 2423 3224 et
2454 3166 2561 3222 dux
2592 3165 2657 3220 de
2684 3162 2871 3228 lsrael,
2899 3162 3069 3216 donec
3096 3159 3306 3214 veniret
3349 3157 3434 3212 cui
3482 3153 3785 3224 repromis-

495 3265 705 3328 partem
734 3255 924 3311 referri
954 3254 1173 3309 solent:
1203 3253 1277 3307 ita
1305 3261 1361 3307 et
1398 3252 1464 3309 de
1509 3251 1685 3322 aquila
1720 3260 1775 3306 et
1809 3251 1875 3306 de
1902 3250 2076 3306 leone.
2110 3231 2155 3293 Ο
2185 3274 2304 3315 sum
2331 3265 2451 3313 est;
2490 3276 2509 3307 ι
2538 3256 2605 3310 Ει
2634 3256 2748 3325 ipse
2776 3254 2881 3309 (ει-ξι
2909 3249 3243 3322 ειερρριελιίο
3281 3246 3519 3317 genuum
3559 3242 3780 3317 (σεηα,

497 3347 556 3402 ιιι
587 3347 785 3403 bonam
823 3357 1033 3417 partem
1077 3344 1299 3409 dicitur,
1332 3362 1351 3395 ι
1385 3342 1609 3398 Catulus
1646 3342 1818 3397 leonis
1858 3340 2018 3398 Juda.
2059 3359 2077 3394 ι

497 3440 555 3494 ιιι
585 3438 913 3493 contrariam
940 3452 955 3490 :
992 3455 1010 3488 ‹
1040 3436 1394 3492 Adversarius
1424 3441 1606 3489 noster
1636 3433 1904 3498 diabolus,
1929 3418 2086 3502 quasi

498 3528 584 3585 leo
612 3528 831 3599 rugiens
858 3527 1047 3583 circuit
1082 3526 1131 3596 (I
1159 3523 1301 3580 Petr.
1329 3525 1402 3597 v).
1426 3545 1443 3577 ι
1476 3524 1543 3579 Et
1587 3524 1716 3579 illud
1745 3525 1796 3578 in
1834 3524 2041 3595 psalmo
2068 3543 2082 3578 ε

503 3640 524 3674 ι
554 3620 842 3676 lnsidiatur
871 3620 922 3673 in
959 3617 1276 3673 abscondito
1303 3617 1443 3671 sicut
1462 3616 1545 3671 leo
1565 3616 1617 3670 in
1641 3615 1806 3671 cubili
1830 3631 1948 3682 suo,
1978 3626 2083 3671 etc.

500 3709 675 3785 (Psal.
702 3710 776 3782 κ).
808 3729 825 3761 ι
855 3710 909 3764 ln
938 3710 1137 3763 bonam
1160 3715 1387 3776 partem,
1420 3694 1484 3761 de
1500 3705 1678 3776 aquila
1702 3705 1916 3769 dicitur,
1947 3707 2086 3774 quod

495 3804 676 3874 justus
702 3802 853 3857 dives
879 3799 1102 3856 effectus
1147 3798 1307 3853 faciat
1349 3799 1448 3853 sibi
1486 3798 1599 3852 alas
1627 3796 1768 3853 sicut
1810 3797 2003 3868 aquilae
2032 3805 2091 3851 ut

501 3899 673 3964 possit
708 3894 905 3951 reverti
936 3894 988 3949 in
1019 3894 1234 3949 domum
1265 3892 1610 3964 praeeessoris
1641 3890 1743 3945 sui.
1772 3890 1837 3945 Et
1866 3891 1919 3959 in
1953 3890 2086 3946 Isaia

503 3988 764 4063 scriptum
809 3996 892 4043 est
933 3986 1067 4058 (Isa.
1095 3986 1215 4058 xc),
1261 3985 1402 4055 quod
1448 3984 1579 4054 justi
1619 4000 1825 4055 pennas
1862 3982 2089 4038 alferant

503 4083 646 4142 sicut
687 4078 900 4149 aquilae,
932 4086 1157 4133 currant
1183 4086 1238 4131 ct
1268 4091 1375 4132 non
1406 4075 1695 4141 lassentur,
1728 4075 2003 4129 ambulent
2037 4083 2091 4128 et

506 4189 614 4236 non
643 4172 904 4229 esurient.
937 4169 1101 4224 Recte
1128 4177 1307 4223 autem
1338 4167 1428 4223 ille
1455 4168 1545 4237 qui
1576 4168 1787 4222 dixerat
1813 4184 1826 4221 :
1867 4187 1884 4217 ι
1914 4166 2090 4221 Poni—

508 4269 693 4329 tudine
719 4265 913 4321 faciam
943 4270 996 4319 et
1023 4262 1284 4333 sapientia
1317 4260 1680 4331 intelligentize
1713 4257 1953 4312 auferam
1987 4267 2093 4311 ter—

508 4361 684 4418 minos
712 4356 1044 4429 gentium,et
1068 4354 1211 4407 vires
1240 4366 1425 4407 eorum
1454 4350 1820 4420 depmdabor.
1853 4349 1917 4402 Et
1945 4364 2092 4403 com-

510 4450 735 4511 movebo
775 4447 1044 4511 civitates,
1076 4460 1194 4513 quaa
1240 4443 1573 4507 habitantur,
1614 4448 1667 4496 et
1698 4442 1881 4495 orbem
1916 4449 2091 4494 terra-

509 4557 631 4601 rum
660 4541 969 4596 universum
992 4533 1391 4606 apprehendam
1422 4548 1603 4597 manu,
1630 4532 1783 4601 quasi
1813 4531 2020 4593 nidum,
2039 4538 2093 4584 et

509 4634 652 4691 sicut
677 4630 956 4687 confracta
999 4642 1120 4690 ova,
1145 4645 1163 4677 ι
1200 4640 1341 4680 nunc
1383 4623 1483 4678 sub
1520 4637 1747 4693 persona
1782 4622 1973 4690 aquilte
2002 4621 2093 4674 (le-

511 4722 786 4785 scribitur,
831 4717 975 4789 quod
1005 4729 1346 4785 nequaquam
1374 4713 1502 4768 velit
1534 4713 1601 4767 de
1630 4712 1857 4775 Libano,
1880 4711 1970 4780 qui
2008 4713 2091 4763 in-

514 4818 843 4883 terpretatur
884 4809 1109 4871 candor,
1136 4817 1189 4861 et
1228 4805 1458 4861 refertur
1505 4804 1574 4859 ad
1621 4802 1936 4874 thymiama,
1974 4817 2097 4872 par—

513 4903 638 4958 vula
677 4910 838 4972 atque
869 4898 1091 4955 humilia
1126 4896 1354 4968 virgulta
1401 4895 1791 4965 perstringere,
1817 4895 1910 4951 sed
1944 4904 2092 4947 som-

514 4998 734 5052 mitates
773 4994 1079 5049 cedi-orum.
1108 4991 1171 5045 Et
1194 4991 1259 5045 de
1287 4987 1619 5059 principibus
1644 5002 1705 5041 ac
1731 4987 1899 5053 stirpe
1928 4985 2094 5055 regia,

510 5087 666 5159 juxta
689 5084 816 5139 illud
847 5084 1097 5138 llabacuc
1121 5099 1135 5137 :
1166 5100 1183 5131 ι
1214 5080 1362 5135 Esca:
1389 5080 1503 5150 ejus
1532 5078 1715 5133 electae
1744 5075 1972 5149 (Ηαὸαε.
1998 5077 2093 5147 1)..

516 5178 782 5246 l‘onitque
836 5183 1220 5230 testamentum
1259 5187 1381 5225 cum
1437 5170 1523 5225 his
1573 5183 1707 5239 quos
1752 5167 1991 5238 ceperit,
2042 5176 2102 5220 ut

519 5269 635 5338 regi
681 5266 973 5337 Babylonio
1004 5264 1138 5321 colla
1185 5264 1531 5325 submittant,
1577 5270 1631 5316 et
1674 5260 1934 5327 impleant
1975 5257 2102 5313 illud

520 5363 664 5433 quod
699 5362 985 5431 Apostolus
1020 5360 1259 5429 loquitur
1285 5378 1298 5413 :
1334 5377 1352 5408 ι
1382 5356 1526 5423 Quos
1556 5356 1747 5411 tradidi
1776 5354 2015 5417 Satanae,
2046 5361 2105 5405 ut

522 5456 732 5510 discant
783 5468 888 5506 non
941 5452 1317 5521 blasphemare
1364 5447 1425 5519 (Ι
1467 5447 1600 5501 Tim.
1633 5446 1701 5517 ι).
1736 5465 1752 5497 ι
1794 5446 1861 5499 Ει
1904 5446 1954 5498 in
2000 5444 2105 5497 alio

526 5548 684 5602 loco:
721 5562 738 5595 ι
764 5542 909 5610 Quos
948 5544 1143 5596 tradidi
1186 5542 1238 5595 in
1275 5540 1553 5595 interitum
1586 5538 1770 5594 carnis
1800 5545 1858 5590 ut
1886 5536 2110 5604 spiritus

528 5637 710 5692 salvus
739 5636 832 5690 fiat
852 5635 903 5706 (1
932 5633 1053 5689 Cor.
1079 5634 1155 5704 v).
1179 5654 1198 5685 ι
1230 5632 1346 5688 Non
1376 5633 1633 5687 debemus
1654 5646 1779 5700 ergo
1804 5630 1850 5683 si
1884 5627 2107 5681 forsitan

530 5726 601 5781 ob
624 5725 835 5783 aliquod
861 5734 1139 5796 peccatum
1172 5724 1236 5779 de
1266 5722 1680 5792 congregatione
1707 5717 1934 5772 fratrum
1961 5724 2015 5771 et
2044 5716 2109 5768 de

535 5818 694 5874 domo
723 5816 816 5873 Dei
839 5816 1083 5888 ejicimur
1119 5813 1393 5879 rcluctari,
1426 5812 1519 5867 εριΙ
1548 5825 1699 5880 aequo
1742 5808 1921 5863 animo
1946 5806 2105 5860 latam

2182 3350 2355 3422 χιιι).
2379 3369 2397 3403 i
2428 3348 2535 3405 Iste
2577 3347 2756 3416 erupit
2798 3346 2852 3400 in
2885 3358 3130 3416 germen,
3171 3350 3227 3398 et
3274 3340 3400 3396 fecit
3429 3336 3694 3402 fructum,
3724 3344 3784 3391 et

2184 3443 2374 3499 cedros
2403 3456 2592 3496 omnes
2618 3454 2713 3494 sua
2748 3424 3087 3494 sublimitate
3124 3434 3403 3503 superavit
3440 3452 3451 3485 :
3488 3432 3557 3485 ita
3588 3438 3647 3484 ut
3680 3431 3783 3485 ha-

2184 3533 2356 3589 bitent
2402 3533 2501 3587 sub
2526 3546 2592 3587 eo
2620 3544 2808 3585 omnes
2836 3528 3081 3583 volucres
3113 3524 3233 3580 coeli
3254 3565 3268 3587 ,
3314 3533 3371 3579 et
3402 3533 3598 3578 cuncta
3628 3521 3787 3574 vola»

2186 3625 2300 3681 tilia
2329 3624 2471 3678 illius
2499 3629 2853 3691 protegantur
2880 3616 3215 3673 umbraculo.
3248 3615 3324 3669 De.
3359 3628 3468 3683 quo
3496 3612 3629 3667 dicit
3670 3612 3785 3666 lla-

2186 3716 2357 3770 bacuc
2391 3732 2403 3767 :
2442 3731 2461 3763 ι
2491 3710 2704 3767 Cornua
2758 3710 2812 3763 in
2869 3708 3116 3762 manibus
3164 3704 3299 3775 ejus,
3348 3703 3421 3758 ibi
3457 3701 3781 3756 abscondita

2187 3815 2272 3863 est
2314 3805 2571 3861 fortitudo
2615 3800 2751 3871 ejus.
2784 3820 2802 3852 ι
2852 3800 2918 3854 Et
2957 3798 3049 3867 qui
3090 3809 3421 3865 cengregare
3465 3791 3783 3853 desiderat,

2194 3917 2213 3951 ι
2242 3897 2397 3969 quasi
2443 3895 2637 3966 gallina
2680 3891 2856 3963 pullos
2894 3905 3041 3952 suos,
3091 3888 3191 3942 sub
3236 3886 3351 3939 alas
3396 3897 3523 3937 suas
3554 3881 3775 3951 (.llauli.

2188 3989 2368 4058 xxm).
2394 4008 2414 4048 λ
2448 3986 2518 4043 Ut
2556 3984 2734 4040 omnia
2781 3980 3016 4052 regionis
3067 3978 3211 4049 ligna
3255 3982 3587 4045 cognoscant
3632 3971 3784 4040 quod

2191 4082 2305 4151 ipse
2334 4081 2407 4134 sit
2435 4076 2715 4140 Dominus,
2758 4080 3008 4145 τρῡπικῶς
3039 4070 3105 4124 de
3134 4066 3481 4123 credentibus
3526 4064 3783 4132 loquens.

2188 4173 2295 4228 lste
2323 4180 2427 4236 est,
2473 4167 2565 4239 qui
2600 4165 2765 4222 Israel
2797 4163 3065 4233 quondam
3112 4158 3343 4213 sublime
3370 4156 3572 4226 lignum
3605 4155 3788 4207 Immi-

2193 4265 2364 4327 liavit,
2391 4270 2446 4317 et
2474 4258 2732 4315 exaltavit
2784 4253 3038 4309 humilem
3086 4249 3325 4320 gentium
3371 4245 3644 4317 populum,
3690 4244 3786 4314 qui

2192 4353 2489 4413 exsiccavit
2517 4351 2720 4423 lignum
2748 4345 2920 4400 viride
2944 4342 3249 4398 Iudaeorum
3287 4336 3482 4392 ﬂorens
3507 4344 3562 4387 et
3590 4334 3789 4406 germi-

2194 4462 2330 4504 nans
2365 4446 2419 4500 in
2451 4444 2568 4511 lege
2593 4447 2647 4495 et
2682 4434 2984 4507 prophetis,
3013 4440 3069 4487 ct
3109 4429 3362 4483 frondere
3402 4426 3528 4480 fecit
3577 4424 3787 4494 lignum

2196 4539 2405 4592 aridum
2435 4532 2731 4593 nationum,
2759 4535 2817 4582 ut
2842 4525 2983 4596 quod
3013 4536 3226 4592 semper
3252 4520 3462 4573 locutus
3486 4522 3589 4576 est,
3618 4528 3789 4582 onere

2196 4627 2510 4697 compleret.
2542 4623 2653 4677 lloc
2683 4622 2824 4676 idem
2871 4613 3177 4687 signiﬁcant
3214 4608 3485 4665 Simeonis
3522 4608 3575 4660 in
3610 4606 3787 4658 Evan-

2195 4718 2333 4789 gelio
2369 4717 2552 4779 verba,
2597 4710 2863 4767 dicentis:
2903 4727 2919 4758 ι
2952 4706 3090 4760 Ecce
3120 4702 3208 4757 hic
3238 4700 3447 4771 positos
3475 4706 3557 4753 cst
3588 4700 3639 4750 in
3674 4697 3789 4750 rui-

2196 4786 2357 4871 nam,
2401 4815 2457 4861 et
2504 4800 2958 4859 resurrectionem
3009 4792 3299 4849 multorum
3353 4787 3505 4861 (Luc.
3541 4786 3638 4855 ιι).
3667 4806 3684 4835 ι
3726 4786 3787 4837 Et

2199 4915 2427 4971 granum
2469 4896 2693 4965 sinapis,
2738 4892 2880 4961 quod
2934 4904 3055 4943 cum
3090 4884 3369 4940 minimum
3415 4880 3487 4935 sit
3530 4879 3790 4932 omnibus

2200 4970 2515 5051 seminibus,
2559 4994 2842 5056 postquam
2887 4978 3149 5041 creverit,
3196 4974 3373 5029 avium
3415 4970 3788 5024 habitaculum

2201 5090 2302 5136 est.
2332 5080 2560 5146 Quidam
2587 5076 2744 5130 aliter
2771 5075 3212 5141 interpretantur,
3245 5066 3444 5134 lignum
3477 5061 3711 5117 sublime
3739 5070 3792 5113 et

2202 5172 2540 5229 humiliatuin
2570 5174 2625 5221 et
2653 5164 2853 5219 humile
2897 5160 3195 5215 exaltatum
3236 5154 3531 5209 referentes
3573 5151 3639 5203 ad
3673 5166 3793 5217 pas-

2205 5264 2408 5316 sionem
2442 5256 2644 5311 domini
2678 5251 2974 5308 Saivatnris
3009 5265 3022 5302 :
3060 5267 3077 5299 ι
3109 5245 3209 5312 Qui
3243 5260 3363 5298 cum
3404 5243 3455 5296 in
3489 5240 3660 5295 forma
3698 5242 3789 5295 Dei

2205 5358 2366 5412 esset,
2416 5362 2517 5400 non
2551 5343 2799 5413 rapinam
2828 5339 3121 5393 arbitratus
3148 5343 3231 5388 est
3281 5331 3543 5400 aequalem
3574 5343 3633 5383 se
3670 5344 3794 5384 esse

2209 5441 2339 5502 Deo,
2388 5436 2482 5491 sed
2515 5430 2813 5487 exinanivit
2843 5441 2899 5483 se
2929 5425 3159 5479 formam
3188 5421 3329 5477 servi
3366 5418 3692 5488 accipiens.»
3731 5418 3797 5471 Bt

2209 5541 2330 5601 post
2374 5524 2823 5587 resurrectionem
2868 5520 3041 5589 ipsum
3090 5516 3292 5585 lignum
3323 5520 3505 5583 postea
3533 5510 3797 5565 sublima-

2212 5631 2323 5673 tum
2350 5626 2462 5679 cst,
2492 5614 2635 5683 quod
2681 5610 2828 5680 prius
2872 5608 3053 5660 virens
3090 5612 3260 5658 morte
3302 5601 3561 5655 siccatum
3590 5611 3707 5661 est,
3732 5611 3797 5654 .et

2210 5719 2394 5782 postea
2426 5704 2755 5760 reviviscens
2783 5699 3066 5770 pristinum
3098 5693 3363 5764 receperit
3398 5691 3654 5745 virorem.
3689 5692 3792 5746 Atii

2211 5800 2429 5855 Jazlaicc
2460 5806 2746 5863 utrumque
2794 5789 3033 5844 referunt
3075 5788 3141 5841 ad
3187 5783 3379 5846 lsracl,
3426 5784 3565 5854 quod
3615 5784 3796 5851 primo
