3936 6334
488 392 590 452 705

1117 398 1179 452 Β.
1218 396 1469 452 RABANI
1511 396 1725 452 MAURI
1764 385 2082 450 ARCHIEP.
2127 395 2433 452 MOGUNT.
2476 396 2756 452 OPERUM
2794 397 2971 453 PARS
3011 399 3070 452 ll.

3645 403 3752 455 70$

479 526 677 567 vanum
693 511 1600 585 laborantquimdifleanteamﬁisi
1619 519 1872 572 Dominus
1888 528 2062 573 custo-
2092 525 2138 579 Α
2170 518 2383 571 condita
2416 530 2496 573 est
2536 536 2655 573 eum
2707 518 2920 572 Christo
2947 521 2994 572 in
3027 521 3134 572 Deo
3169 519 3388 588 ((503055.
3434 522 3538 588 ιιι),
3582 544 3598 573 ι
3643 538 3754 590 q..a

481 605 641 659 ἀίει-ιι
669 605 962 669 civitatem,
996 606 1192 660 frustra
1219 610 1460 678 vigilant,
1487 610 1574 678 qui
1603 609 1908 662 custodiunt
1935 623 2054 662 eam

482 692 873 765 (Psal.cxxv1).
900 714 916 746 ι
945 696 1024 749 Ad
1038 698 1602 765 prohationemautem
1617 698 1775 766 hujus
1791 699 1887 762 rei,
1913 699 2055 767 quod

481 798 817 853 nequaquam
863 787 1068 854 primus
1099 788 1678 858 pulsuscogitationis,
1730 789 1836 840 imo
1859 803 2056 855 parvus

483 874 681 927 mentis
703 873 991 929 instinctus
1015 868 1338 945 puniatur-a—
1356 877 1484 936 Deo,
1517 877 1609 930 sed
1634 877 1676 928 si
1707 875 1848 943 quod
1877 883 2056 928 mente

480 963 792 1031 conceperis
820 977 981 1031 opere
1030 980 1337 1030 consumes,
1361 965 1490 1019 illud
1527 965 1590 1019 de
1623 965 1675 1018 in
1711 964 1906 1019 Genesi
1934 979 2056 1033 pro-

480 1049 758 1106 ferendum
781 1061 884 1117 est,
909 1051 1077 1108 Cham
1106 1056 1347 1124 peccavit
1374 1055 1606 1110 irridens
1635 1054 1932 1109 nuditatem
1963 1069 2059 1122 pa-

479 1144 594 1198 tris.
644 1145 710 1198 Et
754 1147 1072 1200 sententiam
1121 1163 1226 1202 non
1263 1148 1397 1216 ipse,
1451 1148 1541 1216 qui
1571 1147 1711 1211 risit,
1765 1147 1858 1200 sed
1915 1145 2058 1200 ﬁlius

479 1233 594 1301 ejus
617 1237 851 1303 suscepit
882 1236 1136 1291 Chanaan
1168 1255 1180 1290 :
1212 1257 1229 1288 ι
1261 1238 1593 1301 Maledictus,
1633 1237 1731 1302 ait,
1761 1236 2052 1300 Chanaan;

480 1341 670 1379 servus
714 1327 820 1380 erit
863 1326 1088 1381 fratrum
1121 1344 1338 1382 suorum
1367 1326 1520 1399 (Cen.
1546 1327 1645 1398 xx).
1684 1347 1705 1378 ι
1734 1327 1864 1393 Quae
1909 1327 2054 1380 enim

480 1414 684 1484 iustitia
714 1424 817 1480 est,
865 1425 920 1469 ut
970 1426 1124 1486 pater
1148 1417 1474 1485 peccaverit,
1528 1423 1582 1470 et
1631 1415 1890 1468 in-tilium
1927 1429 2054 1467 sen-

481 1509 647 1561 tentia
676 1507 1025 1578 proferatur?
1054 1525 1260 1563 necnon
1299 1508 1443 1577 quod
1480 1507 1533 1560 in
1569 1505 1899 1561 contrariam
1931 1521 2057 1574 par-

482 1605 588 1649 tem
629 1597 777 1666 ponit
811 1598 1122 1667 Apostolus,
1156 1598 1359 1651 salvam
1391 1612 1510 1650 esse
1545 1596 1849 1658 mulierem,
1881 1595 1928 1647 si
1961 1593 2056 1647 ﬁlii

481 1689 596 1758 ejus
628 1693 1020 1759 permanserint
1051 1692 1100 1744 in
1155 1692 1260 1744 fide
1293 1697 1349 1743 et
1375 1688 1664 1743 sanctitate
1693 1695 1748 1741 et
1775 1685 2055 1755 pudicitia,

480 1781 691 1834 videtur
735 1782 997 1834 sententia
1040 1780 1305 1849 justitiam
1351 1796 1457 1835 non
1507 1779 1729 1842 habere,
1775 1785 1833 1830 ut
1879 1775 1923 1830 si
1963 1774 2056 1827 filii

2159 607 2349 661 victuri
2374 624 2580 671 sumus,
2632 610 2845 677 quando
2877 609 3124 663 Christus
3161 612 3470 679 apparuerit
3496 613 3603 664 vita
3653 629 3754 665 nn-

2155 705 2264 748 stra
2301 696 2353 749 in
2399 697 2588 766 gloria,
2647 706 2699 751 et
2755 697 3065 766 implebitur
3111 699 3237 752 illud
3276 702 3418 770 quod
3469 703 3754 773 scriptum

2155 793 2238 837 est
2267 800 2278 836 :
2329 803 2346 833 (
2380 785 2570 847 Amen,
2599 801 2754 839 amen
2777 785 2897 840 dico
2921 788 3093 850 vobis,
3120 790 3209 856 qui
3234 805 3538 843 sermonem
3559 807 3757 845 meum

2155 873 2322 936 audit,
2357 883 2410 928 et
2433 876 2605 929 credit
2635 876 2682 930 ei
2736 877 2823 945 qui
2879 893 2962 930 me
2995 879 3160 943 misit,
3204 881 3364 934 habet
3393 883 3556 936 vitam
3585 894 3761 938 mter-

2156 979 2300 1023 nam,
2332 973 2384 1018 et
2415 965 2465 1017 in
2489 964 2753 1032 judicium
2792 982 2894 1019 non
2925 967 3093 1031 Venit,
3125 969 3215 1022 sed
3258 972 3482 1024 transiet
3503 989 3531 1024 a
3563 983 3762 1027 morte

2157 1055 2208 1107 in
2234 1053 2399 1106 vitam
2433 1053 2612 1124 (Joan.
2646 1054 2782 1126 v).,)
2816 1055 2948 1110 lllud
2973 1065 3150 1109 autem
3183 1059 3324 1126 quod
3359 1075 3385 1110 a
3409 1059 3629 1113 Balaam
3671 1059 3759 1112 di-

2155 1144 2297 1198 citur
2327 1162 2339 1197 :
2380 1162 2397 1193 ε
2435 1143 2692 1198 Moriatur
2722 1146 2896 1198 anima
2940 1162 3053 1199 mea
3083 1147 3135 1199 in
3164 1148 3445 1202 animabus
3466 1150 3760 1218 justorum

2157 1232 2347 1302 (Num.
2383 1236 2556 1303 χχιιι),
2598 1253 2614 1282 ι
2654 1233 2795 1288 hunc
2834 1234 2996 1288 habet
3022 1251 3258 1299 sensum,
3295 1245 3352 1290 ut
3382 1239 3563 1306 cupiat
3598 1240 3765 1291 mori

2157 1323 2355 1378 saeculo
2412 1335 2573 1392 atque
2602 1335 2841 1393 peccato,
2873 1335 2927 1378 et
2963 1327 3143 1381 vivere
3179 1343 3299 1382 cum
3318 1327 3582 1395 justorum
3627 1330 3764 1381 ani-

2159 1414 2262 1467 mis
2291 1429 2520 1482 quorum
2552 1415 2660 1466 vita
2709 1413 2956 1468 Christus
2984 1423 3087 1477 est,
3136 1423 3190 1468 et
3224 1426 3449 1485 possunt
3492 1432 3708 1470 canere
3747 1435 3761 1467 :

2165 1523 2182 1556 ‹
2231 1504 2460 1559 Placebo
2480 1507 2707 1558 Domino
2739 1507 2790 1560 in
2818 1507 3036 1577 regione
3052 1508 3295 1562 vivorum
3324 1509 3493 1580 (Psnl.
3519 1511 3708 1581 cxrv),
3741 1531 3760 1560 ι

2159 1609 2264 1649 non
2297 1603 2380 1649 est
2409 1595 2552 1649 enim
2596 1596 2735 1650 Deus
2780 1605 3138 1661 mortuorum,
3201 1601 3293 1652 sed
3324 1601 3647 1654 viventium.
3692 1601 3767 1654 Et

2160 1688 2204 1742 si
2241 1687 2558 1751 Balaam,ut
2582 1688 2922 1741 verissimum
2962 1697 3065 1752 est,
3117 1689 3170 1742 in
3216 1689 3450 1760 linguam
3497 1702 3766 1745 nostram

2161 1779 2508 1842 translatum,
2563 1794 2750 1831 vanum
2781 1779 3030 1848 papulum
3061 1788 3236 1843 sonat,
3268 1781 3605 1850 perspicuum
3642 1795 3764 1843 est,

481 1871 604 1924 boni
637 1871 835 1925 fuerint
859 1881 915 1925 et
948 1883 1191 1941 nepotes,
1243 1871 1518 1926 salventur
1557 1876 1827 1938 parentes.
1861 1865 2058 1933 Quanti
2088 1868 2133 1926 B
2162 1872 2303 1941 quod
2340 1885 2511 1925 vanus
2557 1871 2707 1940 prius
2749 1871 2988 1941 gentium
3054 1871 3280 1941 populus
3330 1873 3597 1927 desideret
3655 1874 3768 1926 ha-

480 1962 622 2015 cuim
651 1973 900 2031 parentes
921 1979 946 2017 ε
982 1964 1092 2017 ncti
1115 1972 1239 2017 sunt
1258 1969 1311 2016 et
1334 1961 1501 2015 malos
1525 1962 1724 2014 habent
1747 1957 1920 2011 ﬁlios?
1942 1957 2008 2010 Et
2027 1971 2057 2010 e

481 2055 774 2118 contrario,
792 2063 1043 2123 parentes
1057 2054 1240 2122 quanti
1257 2063 1569 2120 peccatores
1585 2050 1758 2116 justus
1773 2058 1826 2104 et
1841 2055 2057 2102 sanctos

481 2142 617 2195 filios
643 2144 934 2212 generant?
961 2143 1102 2214 Ergo
1127 2143 1420 2198 secundum
1450 2143 1592 2195 hunc
1617 2155 1833 2195 sensum
1861 2147 2055 2193 cuncta

481 2237 811 2306 accipienda,
835 2253 953 2306 quzc
974 2253 1134 2308 supra
1154 2238 1406 2292 diximus.
1432 2234 1656 2290 Peccata
1679 2243 1962 2304 parentum
1979 2241 2058 2286 at-

481 2343 586 2395 que
630 2328 999 2398 generantium
1040 2328 1093 2382 in
1146 2327 1314 2381 ramis
1356 2341 1462 2380 non
1521 2325 1573 2379 in
1634 2325 1815 2378 radice
1854 2323 2054 2392 puniri.

481 2420 596 2475 Hoc
644 2421 857 2474 interim
909 2422 974 2476 de
1040 2420 1335 2475 Proverbio
1385 2418 1499 2473 sive
1547 2415 1804 2488 parabola
1854 2414 2057 2468 dixisse

485 2509 730 2565 suﬂiciat.
762 2511 913 2577 Quod
952 2511 1036 2564 lex
1079 2520 1135 2565 et
1161 2510 1457 2581 prOphetze,
1487 2509 1591 2562 hoe
1626 2515 1728 2568 est,
1760 2503 1979 2559 Exodus
2004 2511 2059 2556 et

483 2600 750 2666 Ezechiel,
783 2601 890 2656 imo
931 2602 1041 2671 ipse
1079 2603 1241 2668 Deus,
1289 2603 1382 2672 qui
1434 2611 1490 2657 et
1525 2603 1611 2656 hic
1644 2609 1698 2655 et
1728 2600 1800 2655 ibi
1847 2598 2060 2653 locutus

482 2704 580 2756 est,
623 2709 960 2764 nequaquam
999 2695 1051 2748 in
1104 2695 1384 2749 sententiis
1438 2695 1748 2762 discrepare
1791 2692 2057 2754 videatur,

482 2793 576 2838 aut
629 2785 717 2839 hic
768 2785 1058 2851 corrigere,
1114 2785 1256 2853 quod
1312 2785 1382 2838 ibi
1431 2782 1792 2838 maledixerit.
1832 2780 1889 2834 Si
1939 2779 2060 2849 quis

481 2883 662 2928 autem
702 2873 784 2928 vel
827 2874 1105 2929 meliorem
1148 2875 1233 2929 vel
1286 2874 1513 2929 alterum
1545 2887 1765 2928 sensum
1821 2872 2060 2941 potuerit

481 2968 742 3037 reperire,
773 2968 863 3038 qui
915 2968 1312 3023 contrariorum
1347 2968 1487 3021 inter
1516 2982 1574 3021 se
1624 2963 2061 3021 testimoniorum

482 3057 792 3112 scandalum
812 3057 982 3124 tollat,
1007 3058 1150 3113 illius
1169 3058 1342 3127 magis
1365 3054 1816 3126 acquieseendum
1839 3061 2062 3106 senten-

483 3151 570 3204 tia:
600 3159 701 3203 est.

2159 1962 2289 2016 bere
2337 1961 2668 2015 consortium
2726 1976 2849 2014 cum
2892 1961 3174 2015 animabus
3225 1961 3514 2029 justorum,
3569 1963 3767 2015 Abra-

2160 2050 2284 2103 ham
2315 2090 2328 2112 ,
2379 2049 2530 2104 Isaac
2574 2058 2628 2103 et
2683 2048 2870 2112 Jaeoh,
2929 2049 3018 2118 qui
3074 2051 3206 2104 recti
3245 2061 3298 2104 et
3342 2051 3474 2120 justi
3527 2068 3761 2104 nuneu-

2157 2147 2376 2209 pantur,
2405 2140 2548 2194 unde
2589 2145 2641 2193 et
2677 2139 2951 2193 Geneseos
2977 2137 3114 2193 liber
3139 2155 3203 2194 ex
3262 2154 3450 2194 eorum
3473 2141 3762 2194 vocabulo

2160 2245 2356 2284 nomen
2391 2230 2615 2297 accepit.

2237 2363 2254 2395 ι
2298 2345 2367 2398 Et
2401 2345 2488 2397 vir
2540 2343 2585 2397 si
2627 2342 2792 2396 fuerit
2833 2340 3037 2411 justus,
3063 2349 3117 2394 et
3164 2339 3642 2409 feceritjudicium
3701 2350 3761 2394 et

2165 2456 2182 2488 ι
2224 2435 2511 2502 justitiam,
2559 2435 2612 2488 in
2643 2434 2917 2488 montibus
2965 2448 3071 2487 non
3123 2433 3442 2494 comederit,
3477 2441 3530 2486 et
3557 2432 3762 2486 oculos

2169 2548 2184 2579 ι
2233 2543 2360 2583 ευοε
2397 2543 2499 2581 non
2523 2526 2782 2581 levaverit
2838 2527 2906 2578 ad
2932 2524 3072 2578 idola
3103 2525 3295 2578 domus
3318 2523 3505 2586 Israel,
3534 2531 3585 2577 et
3614 2539 3763 2576 uxo-

2165 2641 2182 2672 ‹
2231 2636 2342 2675 rem
2379 2619 2612 2689 proximi
2645 2619 2728 2672 sui
2781 2632 2885 2671 non
2916 2616 3219 2686 violaverit,
3245 2625 3300 2670 et
3342 2615 3409 2669 ad
3451 2615 3754 2669 mulierem

2165 2730 2183 2762 ‹
2233 2718 2620 2764 menstruatam
2686 2724 2790 2762 non
2836 2707 3146 2770 accesserit,
3190 2716 3245 2761 et
3299 2706 3572 2761 hominem
3601 2702 3761 2760 'non

2166 2823 2181 2852 ι
2228 2799 2678 2862 constristaverit,
2709 2798 2901 2868 pignus
2927 2796 3158 2850 debitori
3185 2795 3493 2858 reddiderit,
3519 2809 3613 2864 per
3632 2793 3758 2849 vim

2166 2912 2183 2943 ι
2233 2891 2365 2946 nihil
2401 2889 2659 2959 rapuerit,
2697 2872 2892 2958 panem
2935 2902 3088 2941 suum
3119 2886 3379 2941 esurienti
3405 2885 3636 2949 dederit,
3700 2894 3760 2939 et

2167 3001 2184 3033 ι
2233 2982 2432 3035 nudum
2477 2980 2754 3049 operuerit
2778 2979 3124 3039 vestimento,
3187 2985 3240 3031 et
3268 2977 3334 3032 ad
3381 2992 3602 3030 usuram
3633 2991 3754 3031 non

2167 3091 2184 3122 σ
2230 3070 2676 3133 commodaverit,
2728 3077 2783 3123 et
2831 3069 3063 3138 amplius
3096 3084 3202 3124 non
3239 3069 3528 3139 acceperit,
3557 3068 3622 3122 ab
3645 3069 3761 3122 ini-

2171 3181 2187 3212 ι
2235 3161 2438 3228 quitate
2472 3159 2729 3213 averterit
2770 3174 2990 3213 manum
3033 3174 3206 3224 suam,
3244 3158 3504 3228 judicium
3555 3173 3754 3211 verum

558 3258 577 3290 ί
623 3237 756 3292 Vivo
781 3253 900 3309 θεον
933 3238 1063 3292 die“
1094 3238 1352 3293 Dominus
1383 3236 1546 3300 Deus,
1585 3233 1630 3290 Si
1677 3233 1780 3287 θτίι
1811 3231 1962 3286 νοδίδ
1985 3229 2064 3283 υἷ’
2090 3221 2133 3281 C
2171 3270 2187 3300 ‹
2233 3249 2421 3303 fecerit
2472 3250 2611 3302 inter
2642 3249 2814 3301 virum
2854 3257 2909 3302 et
2937 3248 3136 3313 virum,
3191 3249 3246 3303 in
3285 3247 3568 3317 praeceptis
3608 3249 3757 3302 meis

489 3349 508 3378 ι
556 3338 635 3384 tra
662 3331 918 3399 parabola
950 3332 1064 3384 base
1093 3331 1146 3383 in
1193 3328 1539 3398 proverbium
1594 3327 1648 3379 in
1670 3323 1875 3387 Israel;
1930 3335 2060 3377 ecce

491 3441 506 3470 ι
555 3435 742 3474 omnes
771 3421 964 3474 anima:
991 3433 1124 3474 mea:
1176 3427 1318 3480 sunt,
1381 3427 1440 3471 ut
1479 3417 1657 3471 anima
1682 3414 1855 3484 patris
1893 3414 1968 3466 ita
2005 3419 2060 3465 et

491 3531 506 3560 ι
551 3511 727 3564 anima
765 3510 855 3564 filii
881 3524 999 3564 mea
1043 3518 1127 3563 est
1158 3527 1171 3561 :
1204 3509 1384 3562 anima
1433 3522 1552 3577 qua:
1590 3505 1912 3574 peccaverit,
1942 3503 2059 3571 ipsa

490 3620 507 3651 ι
554 3601 834 3655 morietur.
889 3621 908 3653 ι
967 3599 1106 3666 Quid
1156 3599 1439 3669 significet,
1493 3618 1509 3648 ι
1553 3597 1687 3652 Vivo
1745 3610 1880 3665 ego,
1929 3592 2061 3647 dicit

487 3693 785 3756 Dominus,
847 3713 864 3744 ι
922 3700 977 3746 ει
1023 3691 1274 3760 parabola
1321 3690 1402 3744 vel
1467 3688 1808 3758 proverbium
1839 3725 1854 3749 ,
1897 3677 2057 3752 supra

485 3785 696 3855 plenius
735 3785 990 3848 diximus,
1032 3799 1151 3852 quae
1192 3796 1530 3852 nequaquam
1565 3780 1773 3834 dicetur
1804 3779 1855 3831 in
1889 3775 2056 3830 lsrael

487 3881 580 3933 sed
611 3879 664 3931 in
693 3878 799 3943 his,
841 3879 931 3946 qui
959 3877 1053 3930 Dei
1105 3877 1348 3930 notitiam
1376 3891 1483 3929 non
1534 3875 1752 3934 habent,
1787 3886 1888 3926 nec
1937 3885 2061 3938 pos-

485 3978 611 4025 sunt
665 3969 970 4039 perspicere
1000 3968 1303 4021 veritatem.
1337 3984 1354 4016 ι
1393 3965 1614 4026 Omnes,
1644 3963 1836 4032 inquit,
1867 3962 2059 4014 anima:

488 4075 622 4114 mea:
651 4067 791 4122 sunt,
835 4077 852 4110 ι
893 4057 1048 4126 juxta
1093 4069 1418 4119 creaturam,
1469 4071 1576 4110 non
1599 4055 1752 4124 juxta
1783 4052 2057 4106 meritum.

489 4147 559 4203 Ut
605 4147 814 4217 Moyses
849 4147 1147 4217 appellatur
1192 4149 1352 4200 homo
1394 4145 1506 4210 Dei,
1535 4144 1602 4199 de
1646 4157 1755 4212 quo
1799 4141 2060 4209 scriptum

487 4247 606 4293 est:
642 4259 659 4290 ι
702 4239 889 4294 Oratio
919 4239 1084 4309 Moysi
1137 4239 1370 4292 hominis
1399 4237 1514 4292 Dei.
1577 4255 1596 4289 ι
1643 4235 1711 4289 Ει
1757 4234 1922 4299 Elias,
1967 4233 2060 4301 qui

489 4328 557 4381 ad
584 4329 968 4398 quinquaginta
992 4328 1217 4381 militum
1240 4328 1536 4396 principem
1563 4325 1884 4394 loquebatur
1909 4342 1922 4378 :
1957 4342 1972 4373 ι
2003 4323 2061 4377 Si

489 4419 649 4472 homo
676 4417 771 4472 Dei
803 4433 902 4487 ego
923 4433 1060 4482 sum,
1084 4420 1376 4472 descendat
1404 4419 1540 4488 ignis
1569 4418 1634 4470 de
1655 4417 1793 4472 cmlo
1823 4430 1984 4486 super
2009 4424 2062 4469 te

488 4517 544 4563 et
577 4524 738 4578 super
787 4510 1173 4579 quinquaginta
1221 4510 1364 4562 viros
1401 4506 1506 4578 (IV
1561 4507 1688 4577 Reg.
1716 4507 1774 4576 t).
1836 4526 1853 4558 ι
1888 4505 2058 4560 Homo

488 4613 617 4652 vero
639 4598 866 4668 peccati,
895 4608 949 4652 et
975 4597 1115 4652 ﬁlius
1145 4598 1468 4667 iniquitatis,
1495 4613 1599 4651 non
1648 4605 1873 4650 vocatur
1903 4597 2063 4651 homo

491 4687 584 4740 Dei
615 4704 630 4752 ;
661 4689 798 4742 sicut
830 4703 1016 4742 servus
1044 4697 1100 4743 et
1121 4687 1349 4743 famulus
1373 4689 1468 4744 Dei
1523 4687 1576 4742 hi
1620 4687 1974 4756 appellantur,
1997 4686 2064 4742 de

489 4777 683 4847 quibus
728 4779 834 4834 dici
886 4795 991 4834 non
1035 4789 1252 4850 potest:
1289 4801 1306 4832 ι
1351 4781 1537 4836 Omnis
1583 4781 1675 4848 qui
1699 4779 1830 4833 facit
1873 4794 2064 4848 pecca-

491 4876 626 4933 tum,
674 4883 862 4924 servus
895 4878 980 4924 est
1027 4871 1232 4938 peccati
1260 4868 1440 4940 (Joan.
1475 4869 1616 4940 vui).
1655 4887 1674 4921 ι
1711 4868 1778 4922 Ει
1824 4868 2058 4923 iterum:

497 4977 516 5009 ι
559 4959 604 5012 Α
627 4975 732 5028 quo
749 4961 890 5014 enim
917 4963 1039 5030 quis
1068 4962 1315 5023 vincitur,
1343 4961 1459 5029 ejus
1484 4970 1536 5015 et
1571 4976 1760 5014 servus
1783 4959 2058 5028 est(Rum.

492 5049 590 5120 vi).
639 5069 657 5101 ο
700 5049 852 5104 Sicut
886 5060 1107 5119 peccata
1129 5051 1362 5105 filiorum
1411 5035 1515 5104 non
1566 5061 1760 5105 nocent
1793 5051 2061 5121 patribus,

493 5140 572 5193 sic
599 5149 818 5208 peccata
845 5150 1055 5210 patrum
1094 5157 1199 5195 non
1237 5139 1536 5195 redundant
1576 5142 1646 5194 ad
1683 5141 1820 5195 ﬁlios
1846 5158 1860 5187 τ
1903 5160 1921 5190 ‹
1968 5141 2062 5195 sed

491 5230 672 5282 anima
698 5245 817 5298 qua
845 5232 1170 5300 peccaverit,
1215 5233 1330 5301 ipsa
1359 5233 1638 5295 morietur,
1695 5251 1712 5282 ›
1758 5246 1863 5284 non
1895 5231 2063 5285 aboli-

494 5320 640 5373 tione
692 5322 1024 5385 substantize,
1061 5323 1155 5376 sed
1193 5338 1259 5376 ex
1286 5322 1402 5390 ejus
1455 5323 1727 5376 consortio
1757 5323 1847 5390 qui
1888 5321 2056 5376 dicit:

499 5428 519 5462 ‹
565 5410 676 5481 Ego
705 5428 823 5466 sum
863 5413 972 5466 vita
1024 5413 1204 5476 (Joan.
1243 5413 1376 5481 XIV).
1439 5432 1456 5464 ι
1500 5414 1566 5467 Ει
1603 5413 1731 5467 alibi
1781 5412 2057 5480 loquitur:

501 5519 519 5552 ι
567 5501 754 5557 Omnis
784 5504 875 5572 qui
899 5503 1028 5557 vivit
1052 5513 1105 5557 et
1133 5505 1303 5558 credit
1334 5505 1385 5557 in
1416 5520 1520 5566 me,
1559 5520 1665 5558 non
1722 5504 1981 5558 morietur
2008 5505 2061 5556 in

495 5604 756 5648 aztet'uum
780 5593 958 5663 (Joan.
991 5595 1065 5665 χι)
1114 5615 1131 5646 ι
1169 5595 1268 5648 Et:
1306 5614 1323 5644 ι
1346 5596 1537 5657 Amen,
1558 5610 1713 5648 auten
1747 5595 1866 5648 dico
1890 5595 2060 5658 vobis,

495 5683 586 5750 qui
613 5699 915 5738 sermonem
941 5700 1117 5738 meum
1145 5686 1461 5746 servaverit,
1497 5692 1724 5738 mortem
1772 5700 1877 5739 non
1910 5686 2060 5740 vide-

494 5773 573 5829 bit
601 5775 652 5828 in
680 5786 939 5833 internum
970 5777 1150 5849 (Joan.
1185 5774 1323 5847 vui).
1355 5795 1376 5827 ο
1410 5775 1528 5827 Vita
1557 5775 1698 5830 enim
1728 5784 1907 5830 nostra
1936 5775 2059 5830 abs-

2167 3358 2186 3392 ε
2230 3339 2605 3403 ambulaverit,
2650 3347 2706 3392 et
2727 3338 2928 3409 judicia
2958 3353 3078 3394 mea
3117 3339 3458 3403 custodierit,
3495 3347 3551 3391 ut
3581 3337 3757 3391 faciat

2168 3453 2183 3483 ‹
2232 3433 2536 3495 veritatem,
2567 3432 2652 3486 hic
2677 3433 2974 3502 justusest,
3009 3432 3117 3486 vita
3153 3431 3451 3492 vivet,dicit
3479 3429 3750 3483 Dominus

2169 3542 2187 3575 ι
2234 3524 2391 3578 Deus.
2426 3543 2444 3574 ι
2477 3523 2674 3589 Vultis,
2712 3525 2806 3587 ait,
2845 3525 2984 3578 scire
3013 3525 3135 3588 hoc,
3195 3523 3336 3592 quod
3384 3523 3588 3576 dictum
3637 3532 3750 3584 est,

2161 3624 2381 3686 peccata
2435 3625 2652 3684 patrum
2683 3617 2898 3669 reddam
2933 3616 2986 3668 in
3035 3615 3250 3669 tertiam
3281 3622 3335 3668 et
3365 3622 3612 3683 quartam
3656 3629 3754 3684 ge-

2162 3707 2519 3768 nerationem,
2554 3721 2656 3759 non
2686 3705 2738 3758 id
2765 3720 2978 3767 sonare,
3010 3704 3152 3773 quod
3183 3702 3425 3773 plerique
3446 3702 3745 3764 aastimant,

2163 3810 2260 3850 nec
2291 3810 2408 3851 esse
2433 3795 2607 3849 simile
2634 3795 2760 3849 huic
2795 3795 3098 3859 sententiae,
3143 3814 3159 3845 ‹
3194 3802 3373 3862 patres
3397 3793 3752 3847 comederunt

2162 3901 2320 3939 uvam
2367 3886 2631 3949 acerbam,
2678 3893 2732 3939 et
2772 3885 2993 3939 'dentes
3054 3884 3284 3938 ﬁliorum
3353 3883 3755 3951 obstupuerunt

2164 3975 2381 4045 (Ezech.
2449 3975 2625 4045 xvtu),
2669 3993 2688 4026 ι
2739 3972 2941 4037 audite,
3005 3990 3125 4043 qua:
3186 3973 3431 4026 illaturus
3495 3988 3632 4026 sum.
3688 3971 3751 4028 Si

2163 4067 2326 4121 fuerit
2364 4074 2518 4136 pater
2554 4064 2751 4132 justus,
2782 4064 2872 4132 qui
2899 4065 3012 4118 lucc
3042 4063 3246 4124 fecerit,
3279 4072 3332 4116 et
3355 4062 3442 4115 illa
3470 4076 3576 4115 non
3605 4061 3753 4117 fece-

2163 4158 2255 4220 rit,
2312 4164 2367 4210 et
2410 4155 2661 4210 habuerit
2690 4153 2856 4207 illium
2896 4155 3186 4222 pessimum
3217 4153 3329 4220 qui,
3375 4152 3605 4206 desertis
3632 4152 3750 4205 vir-

2163 4248 2367 4302 tutibus
2418 4247 2606 4317 patris,
2663 4261 2720 4300 se
2757 4245 2972 4315 ﬂagitiis
3018 4243 3427 4313 mancipaverit,
3484 4256 3660 4295 nonne
3696 4251 3753 4294 et

2164 4338 2266 4391 iste
2316 4337 2427 4390 vita
2469 4335 2634 4400 vivet,
2672 4335 2796 4403 quia
2837 4332 3020 4400 justus
3061 4343 3162 4395 est,
3214 4341 3268 4385 et
3313 4331 3401 4386 ille
3433 4340 3606 4385 morte
3637 4346 3754 4384 mo-

2165 4427 2370 4492 rietur;
2431 4426 2557 4495 quia
2605 4424 2784 4478 omnia
2816 4422 3157 4492 perpetrarit,
3184 4436 3302 4489 qua:
3330 4428 3483 4489 pater
3525 4420 3752 4472 vitando

2158 4518 2339 4588 justus
2381 4515 2603 4571 effectus
2657 4512 2770 4568 est?
2794 4513 3082 4567 Videamus
3127 4511 3430 4582 catalogum
3479 4511 3748 4564 virtutum

2166 4609 2357 4678 patris,
2398 4621 2516 4676 qua:
2564 4605 2695 4658 mihi
2722 4603 2971 4657 videntur
2993 4604 3045 4655 in
3080 4603 3264 4656 decem
3291 4612 3347 4656 et
3381 4611 3588 4669 septem
3619 4615 3750 4670 par-

2168 4709 2248 4754 tes
2274 4698 2456 4753 dividi.
2502 4695 2737 4762 Quarum
2781 4694 3010 4763 primum
3066 4700 3171 4758 est,
3219 4691 3410 4746 fecisse
3456 4691 3744 4759 judicium.

2168 4787 2493 4852 Secundum,
2537 4785 2664 4838 huic
2701 4783 2892 4844 simile,
2920 4781 3124 4850 judicio
3147 4781 3428 4851 capulasse
3450 4780 3746 4848 justitiam.

2167 4876 2430 4938 Tertium,
2476 4890 2580 4928 non
2645 4872 2943 4927 comedisse
3007 4872 3058 4924 in
3106 4872 3397 4926 montibus.
3452 4870 3746 4938 Quartum,

2165 4967 2350 5022 oculos
2393 4981 2500 5020 non
2540 4964 2718 5018 levare
2770 4964 2836 5016 ad
2892 4962 3054 5027 idola,
3119 4963 3231 5017 sive
3283 4972 3344 5017 ut
3385 4960 3746 5032 Septuaginta

2165 5055 2596 5112 transtulerunt:
2627 5054 3064 5124 adeogitationes
3117 5054 3309 5108 domus
3337 5052 3522 5107 Israel.
3573 5053 3746 5119 Quin-

2165 5155 2300 5208 tum,
2360 5159 2582 5198 uxorem
2623 5143 2852 5212 proximi
2897 5143 2979 5196 sui
3027 5158 3131 5196 non
3182 5143 3433 5197 violasse.
3488 5142 3740 5204 Sextum,

2163 5242 2509 5290 menstruam:
2542 5234 2726 5288 uxoris
2768 5233 2970 5288 vitasse
3035 5233 3366 5301 complexus.
3435 5231 3745 5300 Septimum

2164 5327 2436 5381 hominem
2479 5341 2584 5380 non
2639 5324 3009 5388 contristasse,
3079 5326 3191 5378 sive
3247 5333 3306 5377 ut
3379 5323 3740 5393 Septuaginta

2166 5417 2583 5478 transtulerunt,
2611 5415 2938 5483 oppressisse
2964 5429 3060 5482 per
3110 5416 3424 5482 potentiam.
3454 5413 3743 5475 Octavum,

2163 5509 2358 5578 pignus
2395 5505 2623 5560 debitori
2673 5503 2986 5558 reddidisse.
3033 5503 3265 5565 Nonum,
3323 5519 3420 5572 per
3464 5504 3570 5555 vim
3607 5504 3745 5557 nihil

2166 5595 2425 5664 rapuisse,
2468 5603 2562 5647 aut
2594 5591 2747 5660 juxta
2801 5593 3149 5663 Septuaginta
3206 5593 3452 5661 rapinam
3495 5607 3603 5645 non
3648 5607 3742 5645 ra-

2164 5687 2361 5755 puisse.
2381 5684 2675 5747 Decimum,
2695 5697 2883 5754 panem
2912 5699 3065 5737 suum
3090 5683 3346 5737 esurienti
3371 5683 3603 5736 dedisse.
3631 5681 3747 5737 Un-

2165 5777 2451 5844 decimum,
2476 5775 2674 5832 nudum
2696 5775 2970 5844 operuisse
2992 5775 3329 5830 vestimento.
3351 5764 3765 5846 Duodecimum,
