3936 6390
171 427 271 487 795

1089 420 1442 478 COMMENT.
1484 420 1550 475 lN
1592 416 2049 475 EZECHIELEM.
2090 447 2156 459 —
2197 416 2323 473 LIB.
2366 416 2499 474 VIII.

3314 415 3418 473 706

170 550 235 601 ad
271 559 488 600 usuram
532 539 813 609 pecuniam
866 551 969 591 non
1037 535 1266 590 dedisse.
1314 534 1553 589 Tertium
1603 532 1744 586 dcci-
1773 542 1819 598 Α
1848 537 2009 596 runt;
2058 529 2198 585 idola
2225 538 2428 593 autem,
2483 528 2534 582 id
2578 536 2677 591 est,
2709 529 3017 592 simulacra,
3062 543 3183 597 qua:
3226 528 3292 583 de
3321 544 3421 584 suo

172 652 339 697 unum,
390 630 525 686 nihil
569 644 637 682 ex
665 628 774 692 his,
806 641 926 694 quae
952 623 1165 679 dederis
1190 624 1421 693 amplius
1449 624 1745 692 accepisse.

171 726 430 791 Quartum
459 720 749 781 decimum,
797 717 865 770 ab
894 715 1179 785 iniquitate
1220 714 1483 768 avertisse
1530 726 1748 765 manum

170 831 341 869 suam.
368 812 627 879 Quintum
646 808 938 881 decimum,
957 805 1099 875 quod
1121 804 1297 860 simile
1315 805 1491 874 primo
1517 803 1749 867 videtur,

170 906 257 959 sed
283 905 335 957 in
360 910 515 973 parte
537 901 808 955 diversum
830 906 930 961 est,
951 896 1212 965 judicium
1238 909 1424 949 verum
1448 892 1644 947 fecisse
1672 892 1753 946 in-

172 1009 250 1050 ter
304 996 481 1049 virum
504 1000 557 1048 et
604 992 801 1054 virum,
827 990 938 1043 sive
964 988 1267 1058 proximum
1321 1001 1495 1041 suum.
1528 983 1750 1038 Sextum

169 1085 460 1145 decimum,
521 1080 571 1133 in
614 1077 898 1148 praeceptis
930 1076 1026 1130 Dei
1068 1074 1394 1130 ambulasse.
1450 1072 1749 1141 Septimum

168 1173 460 1235 decimum,
485 1168 687 1238 judicia
720 1177 774 1221 et
811 1166 1228 1235 justilicationes
1264 1164 1382 1234 ejus
1428 1163 1746 1217 custodisse.

169 1263 411 1331 Quorum
460 1259 664 1329 singula
713 1259 844 1327 quid
907 1257 1070 1311 velint
1139 1257 1381 1311 dicemus
1447 1252 1499 1307 in
1565 1267 1753 1307 conse-

168 1355 501 1425 quentibus:
538 1372 555 1403 ‹
604 1351 661 1406 Si
707 1349 889 1414 fuerit,
938 1350 1033 1413 ait,
1082 1350 1165 1402 vir
1201 1346 1404 1414 justus,
1452 1354 1506 1400 et
1562 1345 1751 1398 fecerit

161 1446 447 1515 judicium.
484 1464 501 1493 ι
579 1442 850 1511 Scriptum
889 1449 971 1507 est
1017 1440 1070 1493 in
1097 1437 1403 1493 Proverbiis
1437 1455 1449 1489 :
1487 1454 1507 1485 ‹
1540 1435 1753 1506 Cogita-

171 1540 349 1592 tiones
389 1532 881 1606 justorumjudicia
914 1528 1097 1601 (Prov.
1124 1530 1251 1599 xu).
1293 1549 1311 1580 ι
1345 1528 1446 1595 Qui
1479 1529 1617 1581 hanc
1645 1528 1754 1579 vir-

169 1636 343 1681 tutem
389 1624 693 1697 possiderit,
730 1630 787 1676 ut
814 1621 947 1675 nihil
986 1621 1103 1674 sine
1140 1620 1347 1673 ratione
1386 1618 1550 1671 faciat
1576 1624 1629 1669 et
1668 1616 1754 1685 ju-

167 1719 333 1782 dicio,
366 1724 541 1788 potest
583 1715 708 1769 illud
749 1712 1118 1783 propheticum
1144 1710 1357 1764 dicere:
1396 1728 1412 1758 ι
1434 1706 1638 1762 Judicia
1664 1706 1755 1760 Dei

166 1824 328 1874 vera,
382 1806 677 1875 justiticata
729 1805 784 1857 in
845 1801 1148 1871 semetipsis
1188 1799 1360 1871 (Psal.
1423 1798 1597 1869 xvnt).
1635 1818 1653 1848 ι
1692 1796 1756 1850 Et

1848 621 2012 675 corde
2030 620 2322 683 finxerunt,
2347 633 2533 672 omnes
2556 618 2790 671 brcrctici
2811 617 3090 671 faciuntad
3112 631 3229 685 quae
3245 616 3424 671 levant

1849 711 2029 764 cordis
2066 708 2267 775 oculos,
2326 709 2415 778 qui
2446 706 2735 762 falsitatem
2784 724 2969 763 eorum
3000 715 3160 776 atque
3204 706 3423 760 menda-

1850 803 1991 857 cium
2045 802 2355 871 putaverint
2381 802 2682 863 veritatem.
2724 800 2922 855 Domus
2945 809 3123 855 autem
3155 799 3323 854 Israel
3349 799 3422 853 si-

1850 892 2091 946 mulacra
2134 890 2407 953 dicuntur,
2446 904 2565 958 qua:
2612 888 2953 957 reperiuntur
3000 889 3051 941 in
3080 888 3341 952 Ecclesia,
3367 895 3424 941 et

1850 1001 1947 1055 per
1994 984 2335 1040 occasionem
2384 983 2500 1037 falsi
2552 982 2783 1036 nominis
2823 982 3081 1045 scientiae,
3153 980 3427 1050 simplices

1851 1092 2095 1147 quosque
2123 1077 2402 1139 seducunt,
2436 1085 2492 1129 ut
2523 1075 2963 1143 philosomiorum
2982 1072 3231 1143 dogmata
3255 1072 3427 1126 intro-

1852 1170 2051 1222 ducant
2082 1168 2135 1220 in
2178 1167 2391 1220 domum
2416 1164 2598 1229 Israel,
2645 1179 2830 1217 eorum
2863 1162 3083 1225 scilicet,
3137 1161 3229 1231 qui
3256 1162 3427 1215 Deum

1852 1266 2034 1312 mente
2057 1257 2415 1326 conspiciunt.
2461 1256 2656 1321 Quinto
2683 1254 2801 1308 loco
2824 1253 3078 1322 ponitur:
3116 1270 3134 1303 ε
3172 1251 3239 1305 Et
3288 1264 3429 1305 uxo-

1851 1364 1966 1402 rem
2004 1348 2230 1418 proximi
2259 1347 2339 1401 sui
2360 1362 2462 1399 non
2493 1345 2799 1409 violaverit,
2841 1363 2858 1395 ι
2894 1344 3006 1398 sive
3030 1342 3433 1398 contaminave—

1851 1441 1965 1494 rit:
1999 1440 2139 1508 quod
2170 1449 2355 1507 aperte
2397 1438 2719 1492 adulterium
2757 1436 2971 1505 quidem
3021 1435 3286 1504 prohibet,
3336 1434 3433 1489 scd

1853 1548 1919 1588 ex
1970 1548 2035 1587 eo
2067 1534 2205 1601 quod
2232 1532 2449 1586 additur
2484 1550 2500 1581 ‹
2538 1530 2767 1599 proximi
2794 1530 2903 1593 sui,
2948 1550 2964 1580 ι
3003 1528 3107 1583 nisi
3136 1528 3310 1583 omnis
3336 1528 3434 1582 ho-

1855 1636 1944 1677 mo
1971 1622 2248 1691 proximus
2289 1620 2615 1690 intelligatur
2660 1618 2872 1673 videtur
2908 1633 3027 1673 esse
3076 1625 3429 1687 prteeeptum,

1857 1721 1916 1766 ut
1940 1712 2006 1766 ab
2032 1712 2330 1766 amicorum
2351 1726 2446 1764 nos
2476 1709 2841 1763 abstineamus
2878 1707 3154 1771 uxoribus,
3185 1706 3427 1761 inimico-

1860 1820 1979 1857 rum
2018 1818 2143 1858 vero
2173 1811 2227 1856 ct
2264 1803 2563 1870 ignotorum
2594 1800 2845 1869 conjuges
2888 1786 3055 1854 libere
3109 1798 3433 1868 polluamus.

166 1916 295 1955 cum
355 1907 500 1953 recte
532 1896 715 1951 omnia
743 1892 1087 1965 judicaverit,
1138 1900 1196 1944 ut
1242 1906 1347 1945 non
1381 1890 1608 1957 accipiat
1634 1903 1756 1957 pcr-
1791 1885 1830 1945 Β
1858 1894 2148 1949 Proximus
2178 1908 2305 1947 vero
2330 1892 2506 1947 omnis
2534 1892 2694 1945 homo
2718 1889 3083 1959 accipiendas,
3105 1888 3257 1956 juxta
3278 1902 3441 1957 para-

166 2002 363 2042 sonam
385 1985 637 2056 pauperis
666 1984 720 2037 in
742 1981 968 2051 judicio,
1016 1979 1259 2049 implebit
1298 1988 1633 2049 praeceptum,
1654 1978 1755 2029 Do-

168 2078 330 2142 mini,
354 2098 371 2128 ‹
399 2077 537 2132 sicut
556 2076 818 2130 minorem
836 2073 915 2128 sic
934 2081 989 2127 et
1015 2070 1273 2139 majorem
1296 2069 1586 2138 judieahis,
1622 2089 1640 2118 ι
1663 2082 1758 2123 au-

168 2172 382 2235 dacter,
406 2170 591 2224 dicens
625 2185 637 2221 :
670 2186 688 2218 ‹
725 2163 1060 2220 Desideravit
1098 2162 1276 2215 anima
1310 2175 1427 2215 mea
1450 2160 1759 2215 desiderare

98 2317 106 2329 ,
162 2260 379 2332 judicia
410 2270 502 2312 tua
532 2258 585 2311 in
608 2255 757 2311 omni
791 2263 1054 2323 tempore.
1108 2272 1127 2305 ι
1162 2252 1229 2305 Ει
1256 2251 1453 2305 iterum
1487 2269 1498 2303 :
1538 2270 1555 2301 ‹
1608 2250 1757 2304 Viam

168 2352 428 2407 veritatis
455 2349 613 2421 elegi,
654 2347 857 2417 judicia
908 2353 997 2399 tua
1023 2359 1131 2399 non
1170 2347 1287 2398 sum
1338 2342 1536 2398 oblitus
1582 2340 1755 2413 (Prol.

168 2442 388 2516 cxvm).
431 2464 447 2495 ι
476 2443 541 2496 Ει
562 2442 613 2495 in
637 2440 827 2495 eodem
858 2438 1075 2493 Psalmo
1101 2453 1118 2492 :
1148 2455 1165 2487 ι
1199 2436 1437 2507 Cognovi
1464 2436 1588 2510 quia
1612 2433 1759 2504 justa

164 2534 377 2606 judicia
418 2542 529 2587 tua.
582 2549 601 2583 ι
630 2531 696 2586 Et
721 2530 774 2584 in
825 2538 1027 2584 tantam
1065 2528 1309 2599 proficiet
1352 2528 1759 2592 beatitudinem,

170 2633 237 2677 ut
259 2622 522 2692 intelligat
536 2620 739 2689 judicia
769 2619 1003 2684 Domini,
1027 2635 1145 2688 quae
1168 2629 1294 2673 sunt
1322 2620 1549 2690 abyssns
1572 2618 1759 2683 multa,

170 2726 233 2768 et.
262 2713 411 2767 dicat
440 2728 563 2767 cum
585 2709 842 2780 Apostolo
890 2728 902 2763 :
938 2728 955 2760 ι
989 2708 1052 2764 Οι
1082 2709 1404 2778 profundum
1450 2707 1762 2763 divitiarum

172 2803 463 2874 sapientia:
514 2810 568 2857 et
611 2801 851 2855 scientia:
895 2800 1129 2865 Domini,
1182 2816 1346 2869 quam
1397 2798 1763 2854 inscrutabilia

172 2905 307 2950 sunt
324 2893 675 2963 judiciaejus,
699 2900 752 2946 et
776 2890 1175 2961 investigabiles
1204 2890 1304 2944 via!
1322 2889 1499 2943 illius?
1533 2908 1553 2940 ι
1582 2888 1759 2960 (Rom.

173 2984 284 3057 ιιι.)
318 2983 385 3038 Et
424 2984 473 3037 in
498 2983 743 3038 oratione
773 2990 1181 3045 commemoret,
1214 2999 1232 3030 ι
1262 2980 1519 3050 quoniam
1553 2978 1760 3046 judicia

175 3088 273 3133 tua
301 3075 557 3147 jucunda.
590 3094 608 3126 ι
643 3074 773 3128 Post
786 3072 1045 3141 judicium
1072 3072 1569 3141 sequiturjustitia;
1602 3086 1765 3140 quam

172 3167 275 3237 qui
306 3165 572 3226 habuerit,
598 3164 871 3218 Christum
895 3163 1095 3232 liquido
1120 3163 1435 3232 possidebit,
1474 3162 1587 3231 qui,
1606 3160 1764 3229 juxta

1858 1986 2037 2041 bulam
2074 1984 2347 2054 Evangelii
2386 1982 2536 2055 (Luc.
2572 1982 2647 2051 x),
2676 1997 2797 2052 quae
2844 1996 2873 2035 a
2913 1980 3197 2034 Salvatore
3244 1994 3438 2048 propo-

1857 2078 2023 2139 nitur,
2051 2073 2325 2143 cujusdam
2358 2072 2607 2136 hominis,
2638 2072 2728 2140 qui
2769 2070 3079 2125 Hiericbnm
3105 2068 3441 2124 descendens

1856 2181 1886 2219 a
1928 2164 2227 2220 latronibus
2249 2163 2562 2218 vulneratus
2593 2171 2693 2216 est.
2724 2159 2949 2228 Quando
2977 2160 3273 2229 interrogat
3294 2157 3437 2212 Pha-

1859 2257 2049 2312 rismus
2077 2255 2197 2323 quis
2228 2252 2343 2322 ejus
2367 2254 2647 2324 proximus
2674 2252 2858 2316 fuerit,
2890 2251 3089 2306 docens
3125 2250 3273 2305 illum
3319 2264 3441 2305 esse

1859 2349 2199 2419 proximum,
2250 2348 2342 2417 qui
2390 2345 2736 2402 benefecerit.
2782 2344 3137 2413 Potestjuxta
3182 2345 3441 2417 mysticus

1860 2439 2185 2504 intellectus,
2203 2436 2576 2508 uxorintelligi
2603 2437 2772 2491 sancti
2798 2436 2897 2491 viri
2922 2436 3205 2505 sapientia,
3229 2435 3442 2490 dicente

1863 2531 2193 2586 Salomone:
2230 2549 2249 2583 ‹
2283 2530 2419 2585 Ama
2450 2530 2618 2595 illam,
2648 2540 2698 2583 et
2739 2529 3129 2597 amplexabitur
3165 2536 3246 2594 te;
3277 2527 3441 2598 dilige

1864 2625 2008 2678 illam
2032 2632 2086 2680 et
2110 2623 2384 2679 custodiet
2412 2632 2461 2678 te
2483 2621 2665 2692 (Prov.
2691 2620 2784 2693 iv).
2819 2639 2836 2671 ι
2873 2621 3041 2688 Quam
3071 2619 3445 2675 contaminare

1864 2716 2152 2776 desiderat,
2187 2715 2278 2783 qui
2309 2714 2534 2769 aliorum
2561 2714 2840 2768 benedicta
2878 2712 3244 2781 reprehendit,
3283 2719 3340 2767 et
3369 2710 3448 2764 fa-

1864 2804 2016 2858 cibus
2038 2817 2300 2858 accensus
2328 2803 2562 2866 invidiae,
2591 2810 2776 2856 sancta
2817 2801 3000 2864 violat,
3026 2811 3174 2855 casta
3206 2816 3449 2855 corrum-

1863 2892 1964 2963 pit,
1990 2907 2124 2962 pura
2149 2893 2497 2947 contaminat.
2528 2891 2750 2946 Sextum
2779 2899 2863 2945 est
2891 2909 2902 2943 :
2934 2910 2950 2941 ι
2974 2890 3039 2943 Et
3054 2891 3119 2945 ad
3144 2891 3443 2951 mulierem,

1867 2983 1981 3037 sive
2026 2997 2249 3037 uxorem
2300 2991 2690 3036 menstruatam
2745 2998 2854 3034 non
2900 2982 3209 3036 accesserit.
3278 2999 3295 3031 ι
3342 2979 3451 3034 Per

1868 3073 2107 3144 singulos
2154 3087 2368 3127 menses
2415 3072 2598 3142 gravia
2648 3080 2811 3139 atque
2861 3072 3127 3139 torpentia
3166 3070 3450 3125 mulierum

1870 3178 2095 3232 corpora
2152 3162 2411 3216 immundi
2480 3162 2756 3231 sanguinis
2814 3160 3071 3215 etfusiune
3122 3161 3448 3214 rclevantur.

171 3254 501 3324 Apostolnm
539 3251 591 3325 (I
620 3251 741 3306 Cor.
776 3251 839 3322 ι),
872 3271 891 3304 ‹
937 3229 1219 3307 factus—est
1250 3253 1403 3307 nobis
1445 3229 1677 3319 justitia,
1714 3260 1767 3305 et
1793 3229 1838 3292 (ἶ
1871 3229 1988 3320 Quo
2012 3263 2251 3323 tempore
2266 3254 2310 3309 si
2331 3229 2755 3307 vircoieritcum
2782 3251 3026 3317 muliere,
3055 3252 3309 3305 dicuntur
3330 3266 3453 3306 con-

173 3345 562 3406 sanctiﬁcatio,
592 3356 647 3399 et
680 3344 995 3413 redemptio.
1033 3364 1051 3396 ι
1082 3343 1147 3399 Ut
1178 3344 1343 3399 faciat
1377 3344 1644 3414 justitiam
1672 3360 1765 3399 ve-

180 3455 324 3501 rum,
354 3453 453 3492 nec
498 3437 723 3506 recipiat
758 3451 1016 3505 personas
1055 3436 1106 3489 in
1144 3434 1369 3502 judicio,
1419 3438 1513 3492 sed
1553 3438 1629 3492 de.
1670 3453 1768 3491 sua

173 3532 325 3586 sciat
351 3524 402 3583 in
428 3529 655 3583 aliorum
672 3528 877 3598 judicio
900 3527 1495 3597 justitiajudicandum.
1528 3528 1769 3583 Tertium

174 3632 287 3687 est,
309 3623 365 3675 in
398 3622 670 3675 montibus
684 3636 788 3675 non
810 3621 1114 3687 comedere,
1138 3620 1279 3690 quod
1309 3618 1476 3673 ιιιάωί
1500 3621 1773 3674 aestimant

177 3716 248 3765 a.i
285 3710 607 3766 idololatriae
641 3709 913 3780 pertinere
941 3718 1222 3778 peccatum
1250 3726 1262 3761 :
1291 3711 1484 3764 crebro
1515 3709 1659 3763 enim
1695 3709 1772 3763 le-

176 3800 442 3869 gimusin
467 3798 674 3870 Regum
701 3806 755 3852 et
780 3796 1223 3866 Paralipomenon
1244 3797 1418 3862 libris,
1448 3815 1466 3847 ι
1499 3806 1772 3851 verumta-

181 3910 314 3948 neu
360 3893 429 3947 ab
452 3891 685 3946 excelsis
708 3905 813 3944 non
851 3889 1094 3953 recessit,
1136 3890 1312 3943 adhuc
1334 3888 1561 3959 populus
1588 3889 1775 3942 immo-

176 3983 342 4037 labat
368 3982 422 4035 in
451 3980 680 4035 excelsis
703 3986 759 4033 et
785 3978 1035 4033 adolebat
1067 3977 1345 4033 incensum
1374 3977 1426 4031 in
1454 3978 1772 4034 sublimibus

180 4072 309 4145 (Ill
333 4071 461 4141 Reg.
482 4066 626 4134 xxu’;
657 4068 684 4122 l
702 4066 886 4138 VReg.
913 4084 1011 4133 xu,
1040 4082 1139 4132 xv;
1165 4066 1227 4122 II
1245 4065 1373 4121 Par.
1390 4085 1485 4132 xx,
1504 4068 1719 4141 xxxut).
1748 4087 1765 4119 ι

181 4164 306 4217 Iloc
330 4162 611 4230 Scriptura
635 4158 991 4230 significante,
1008 4160 1150 4228 quod
1166 4160 1218 4213 in
1240 4159 1513 4216 montibus
1533 4160 1774 4230 lucisque

181 4254 355 4308 idolis
380 4250 582 4305 hostias
604 4248 1029 4313 immolarint,ct
1057 4250 1211 4302 thura
1240 4250 1637 4305 succenderint.
1668 4250 1775 4305 Nos

180 4354 378 4400 autem
425 4342 665 4397 dicemus
693 4342 978 4394 comedere
1009 4354 1131 4395 eum
1162 4340 1213 4393 in
1242 4342 1531 4403 montibus,
1577 4342 1666 4409 qui
1695 4341 1777 4394 di-

181 4438 267 4491 cit
316 4449 442 4489 cum
476 4432 751 4487 Pharisaeo
784 4448 797 4487 :
835 4449 857 4484 ι
898 4430 1113 4488 Gratias
1152 4432 1246 4486 tibi
1277 4447 1378 4502 ago
1416 4431 1576 4496 Deus,
1631 4430 1775 4500 quod

182 4542 301 4581 non
359 4539 477 4577 sum
515 4523 641 4576 huic
679 4520 872 4577 similis
923 4522 1227 4591 publicano,
1253 4520 1436 4592 jejuno
1464 4522 1543 4575 bis
1568 4522 1619 4575 in
1654 4522 1777 4575 sab-

182 4616 345 4677 bato,
364 4612 603 4665 decimas
639 4610 707 4665 do
728 4608 907 4663 omnis
940 4610 1252 4664 substantia:
1274 4626 1426 4674 meae,
1460 4609 1771 4681 tetc.(Luc.

182 4701 377 4773 xvm.)
408 4700 739 4769 Econtrario
769 4699 1087 4768 publicanus
1101 4700 1326 4756 audiens
1354 4717 1476 4756 eum
1508 4704 1597 4771 qui
1626 4704 1776 4757 dixe-

183 4804 279 4850 rat
306 4811 318 4845 :
364 4810 380 4842 ι
416 4792 614 4846 Discite
640 4806 670 4844 a
700 4806 805 4853 me,
837 4792 959 4859 quia
984 4804 1296 4846 mansuetus
1318 4808 1438 4846 sum
1475 4802 1529 4847 et
1557 4794 1775 4849 humilis

180 4883 365 4939 corde
382 4880 594 4953 (Matth.
642 4881 753 4952 xu);
790 4900 808 4933 ι
841 4882 1176 4951 percutiebat
1197 4892 1386 4951 pectus
1416 4899 1568 4937 suum
1591 4899 1772 4948 manu,

181 4975 297 5026 hoc
328 4980 433 5035 est,
461 4972 815 5041 pessimarum
840 4971 1224 5040 cogitationum
1261 4973 1572 5026 thesaurum
1606 4988 1670 5028 τι(
1710 4973 1776 5025 Et

182 5060 388 5118 oculos
412 5062 477 5114 ad
504 5059 696 5114 malum
728 5074 831 5113 non
859 5059 1087 5114 audebat
1115 5060 1391 5115 extollere.
1418 5082 1444 5113 η»
1484 5062 1590 5116 Sed
1634 5072 1691 5117 et
1716 5062 1779 5116 il-

185 5152 287 5205 lud
327 5150 471 5218 quod
502 5149 627 5205 alibi
660 5150 889 5204 dicitur:
922 5167 940 5199 ί
971 5148 1171 5216 Majora
1203 5158 1252 5204 te
1288 5166 1392 5205 non
1421 5154 1689 5220 requiras,
1723 5162 1779 5207 et

187 5241 428 5296 fortiora
452 5248 522 5303 te,
563 5254 628 5292 ne
656 5238 912 5293 scruteris
940 5237 1129 5305 (Eccli.
1165 5239 1270 5310 ut),
1311 5260 1330 5291 ι
1360 5256 1548 5295 omnes
1574 5243 1781 5296 lucreti-

187 5347 293 5387 cos
335 5330 514 5398 arguit
542 5330 592 5381 in
633 5328 903 5383 montibus
923 5330 1205 5384 comedere
1237 5332 1503 5400 superbis,
1532 5343 1586 5387 et
1608 5333 1781 5387 eccle-

187 5423 481 5480 siasticam
510 5421 785 5489 despicere
816 5420 1239 5489 simplicitatem,
1289 5432 1345 5475 et
1375 5424 1683 5488 nescire‘de
1723 5440 1782 5479 se

186 5514 505 5581 scriptum:
536 5528 553 5559 ‹
594 5510 734 5565 Dens
755 5513 1002 5579 superbis
1029 5512 1251 5577 resistit,
1284 5513 1573 5568 humilibus
1603 5524 1783 5569 autem

188 5607 295 5658 dat
318 5602 548 5671 gratiam
591 5601 639 5672 (1
675 5598 817 5655 Petr.
852 5601 923 5673 v).
966 5623 983 5655 ι
1011 5602 1214 5669 Quarto
1237 5604 1353 5659 loco
1374 5606 1592 5674 ponitur
1621 5624 1633 5660 :
1673 5625 1691 5658 ι
1724 5607 1790 5661 Et

189 5692 396 5748 oculos
451 5707 577 5745 suos
612 5707 715 5744 non
748 5691 1006 5747 lcvaverit
1040 5694 1107 5749 ad
1141 5694 1278 5749 idola
1324 5697 1514 5751 domus
1550 5696 1733 5752 Israel.
1766 5719 1783 5750 ι

191 5787 310 5839 Pr.)
350 5784 543 5853 quibus
580 5782 928 5852 Septuaginta
965 5805 982 5835 ‹
1030 5788 1380 5857 cogitationes
1425 5808 1442 5840 ι
1500 5790 1791 5844 transtule-

1871 3350 2011 3418 cepti
2042 3347 2181 3403 fetus
2207 3348 2394 3401 vitium
2436 3346 2656 3401 seminis
2688 3347 2945 3411 trahere;
3010 3346 3083 3399 ita
3120 3352 3180 3398 ut
3226 3344 3450 3413 lcprosi,

1871 3450 1927 3495 et
1974 3440 2333 3511 elephantiaci
2372 3454 2439 3493 ex
2473 3440 2576 3493 hac
2622 3438 2974 3506 conceptione
3007 3444 3343 3501 .nascantur,
3398 3445 3453 3488 et

1874 3530 2014 3585 fama
2052 3530 2104 3584 in
2141 3539 2371 3597 utroque
2405 3543 2535 3583 sexu
2561 3541 2790 3596 corpora
2813 3526 3081 3595 parvitate
3112 3527 3195 3580 vel
3217 3527 3453 3579 enormi-

1874 3628 1984 3674 tate
2023 3618 2388 3672 membrorum
2429 3616 2608 3669 sanies
2657 3625 2905 3682 corrupta
2946 3614 3251 3684 degeneret.
3299 3612 3450 3668 Prae—

1873 3713 2071 3781 cipitur
2090 3724 2219 3779 ergo
2240 3708 2393 3771 viris,
2418 3715 2478 3760 ut
2499 3722 2603 3760 non
2627 3707 2797 3760 solum
2824 3706 2875 3759 in
2902 3704 3098 3760 alienis
3115 3705 3451 3771 mulieribus,

1874 3806 1967 3860 sed
1989 3805 2042 3858 in
2081 3804 2193 3858 suis
2232 3817 2470 3872 quoque,
2508 3802 2703 3870 quibus
2744 3802 2996 3856 videntur
3044 3802 3161 3873 lege
3202 3803 3452 3873 conjungi

1876 3895 2157 3964 Scriptura
2201 3893 2413 3948 dicente
2449 3910 2462 3945 :
2494 3909 2511 3942 ι
2542 3892 2782 3947 Crescite
2814 3901 2867 3946 et
2900 3892 3357 3962 multiplicamini,
3397 3902 3452 3949 et

1874 3987 2078 4056 replete
2120 3994 2323 4040 terram
2364 3981 2516 4056 (Gen.
2555 3983 2630 4055 ι);
2673 4003 2691 4035 ι
2749 3994 2900 4039 certa
2932 3985 3254 4041 concubitus
3292 4000 3457 4040 nove-

1876 4076 1991 4129 rint
2018 4083 2279 4143 tempora,
2323 4073 2537 4140 quando
2579 4073 2901 4137 coeundum,
2945 4074 3160 4142 quando
3202 4074 3270 4128 ab
3322 4090 3454 4129 uxo-

1878 4169 2029 4223 ribus
2068 4164 2442 4220 abstinendum
2495 4164 2582 4218 sit.
2628 4163 2782 4230 Quod
2826 4164 3041 4233 quidem
3082 4172 3138 4219 et
3169 4164 3457 4235 Apostolus

1877 4269 1933 4313 et
1967 4255 2323 4312 Ecclesiastes
2381 4262 2575 4308 sonant
2606 4273 2618 4307 :
2654 4272 2673 4304 ι
2720 4253 2954 4324 Tempus
2988 4254 3347 4323 amplexandi,
3392 4264 3457 4311 et

1878 4354 2090 4415 tempus
2109 4342 2272 4412 longe
2288 4342 2403 4397 fieri
2423 4342 2489 4397 ab
2509 4342 2845 4412 amplexibus
2862 4341 3057 4413 (Eccle.
3075 4342 3177 4415 tu).
3208 4363 3227 4395 ι
3257 4343 3456 4399 Caveat

1873 4449 2009 4503 ergo
2050 4442 2103 4489 et
2142 4449 2299 4497 uxor,
2332 4447 2407 4486 ne
2440 4431 2577 4487 forte
2610 4433 2753 4486 victa
2790 4431 3065 4486 desiderio
3102 4433 3330 4488 coeundi
3354 4432 3457 4488 illi-

1882 4524 1989 4577 ciat
2039 4524 2254 4587 virum;
2299 4530 2359 4576 et
2390 4522 2619 4575 maritus
2659 4537 2727 4575 ne
2768 4522 2877 4575 vim
2920 4521 3085 4575 faciat
3129 4522 3305 4587 uxori,
3352 4537 3455 4591 pu-

1884 4620 2006 4667 tans
2030 4613 2177 4666 omni
2211 4621 2451 4682 tempore
2477 4610 2773 4680 subjectum
2810 4612 2913 4669 sibi
2939 4627 3059 4668 esse
3097 4612 3291 4668 debere
3320 4628 3453 4668 con-

1877 4703 2011 4774 jugii
2042 4703 2391 4772 voluptatem.
2421 4702 2575 4759 Unde
2597 4711 2651 4758 et
2682 4701 2881 4757 Paulus
2907 4721 2920 4757 :
2951 4721 2970 4755 ι
3005 4703 3076 4759 Ut
3106 4704 3333 4767 noverit,
3369 4703 3454 4757 in-

1883 4794 2017 4861 quil,
2053 4791 2424 4859 unusquisque
2453 4792 2729 4861 possidere
2757 4807 2852 4846 vas
2892 4807 3045 4846 suum
3070 4793 3124 4847 in
3166 4793 3453 4847 sanctitate

1882 4894 1936 4938 et
1956 4883 2212 4951 pudicitia
2227 4882 2278 4953 (1
2303 4882 2479 4937 Thess.
2506 4886 2601 4953 tv).
2632 4904 2649 4935 ι
2676 4883 2911 4938 Pulchre
2932 4884 2984 4938 in
3010 4883 3167 4954 Xysti
3194 4883 3458 4955 Pythago-

1885 4973 1984 5026 rici
2029 4972 2367 5027 sententiolis
2415 4972 2646 5027 dicitur:
2680 4990 2698 5021 ι
2742 4971 2965 5026 Adulter
2994 4980 3078 5025 est
3112 4974 3299 5027 uxoris
3333 4987 3459 5041 pro-

1885 5063 2018 5131 pria:
2058 5072 2269 5116 amator
2298 5062 2592 5116 ardentior.
2638 5081 2656 5113 ι
2691 5061 2863 5128 Quem
2904 5060 3099 5115 librum
3143 5062 3358 5130 quidam
3402 5062 3456 5115 in

1887 5155 2132 5209 Latinam
2181 5154 2420 5224 linguam
2459 5152 2821 5216 transferens,
2872 5152 3125 5222 martyris
3180 5151 3318 5205 Sixti
3360 5167 3457 5205 no-

1891 5246 2035 5301 mine
2056 5246 2221 5300 voluit
2243 5245 2553 5309 illustrare;
2593 5260 2696 5298 non
2726 5244 3077 5298 considerans
3119 5244 3171 5296 in
3206 5250 3319 5296 toto
3362 5256 3458 5296 vo-

1890 5338 2111 5401 lumine,
2145 5338 2287 5405 quod
2324 5337 2373 5390 in
2417 5337 2549 5390 duas
2573 5346 2757 5404 partes
2781 5334 2981 5389 frustra
3021 5334 3222 5397 divisit,
3256 5332 3458 5389 Christi

1892 5445 2086 5484 nomen
2118 5438 2173 5482 et
2211 5427 2570 5497 apostolorum
2606 5429 2826 5481 omnino
2871 5426 3105 5481 reticeri.
3138 5424 3245 5480 Nec
3259 5425 3456 5479 mirum

1890 5521 1933 5573 si
1976 5518 2227 5588 gentilem
2270 5516 2641 5586 philosophum
2682 5516 2734 5569 in
2782 5523 3074 5586 martyrem
3114 5521 3167 5568 et
3202 5513 3459 5568 Romana

1891 5611 2040 5667 urbis
2079 5610 2389 5679 episcopum
2431 5607 2793 5673 transtulerit,
2831 5623 2954 5662 cum
2998 5605 3214 5660 Eusebii
3245 5619 3461 5675 quoque

1890 5699 2241 5756 Cmsaricnsis
2275 5698 2507 5767 primum
2547 5712 2647 5767 pro
2678 5696 2911 5766 Origene
2950 5696 3165 5759 librum,
3194 5692 3459 5761 Pamphili

1897 5790 2151 5860 martyris
2196 5788 2454 5843 vocabulo
2496 5790 2734 5852 mutarit,
2782 5796 2841 5841 ut
2881 5785 3089 5840 facilius
3147 5785 3236 5839 tali
3276 5783 3461 5837 lauda—
