3936 6366
472 387 572 443 707

1108 381 1167 435 Β.
1211 376 1462 434 ΒᾹΒΛΝΙ
1503 373 1720 433 ιιλιιιιι
1758 368 2073 429 ARClllEP.

2178 363 2425 423 DGUNT.
2470 359 2757 419 OPERL'M
2802 359 2982 415 PARS
3023 359 3086 414 ll.

3649 360 3757 417 708

468 510 586 559 ιοιιο
618 499 786 554 libros
815 493 1164 565 impiissimos
1197 492 1545 568 περίἋρχῶν
1568 487 1833 543 Romanis
1872 482 2056 539 conci-
2085 488 2133 543 Α
2164 483 2314 532 nant.
2336 473 2495 568 Quod
2530 471 2800 568 significat
2838 469 3073 568 etJacoh
3094 468 3280 568 dicens
3305 488 3371 568 ε’(
3404 470 3757 568 Bestiamala

469 588 629 645 liaret
669 586 906 641 auribus.
954 583 1212 653 Sequitur
1245 584 1295 635 in
1329 582 1447 635 loco
1480 580 1747 649 septimo:
1783 595 1801 627 ι
1834 577 1899 630 Ει
1942 576 2045 628 ho-

472 684 671 735 minem
704 694 810 732 non
834 674 1236 738 contristarit,»
1266 673 1398 736 sive,
1424 680 1484 725 ut
1507 669 1859 739 Septuaginta
1882 676 2059 720 trans-

474 774 732 833 tulerunt,
782 787 801 820 ι
834 784 941 822 non
1001 765 1333 835 oppresserit
1393 776 1487 832 per
1525 760 1842 832 potentiam.
1892 780 1909 810 ι
1940 758 2057 824 Quo

471 865 602 918 vitio
638 872 800 932 alque
837 842 1059 930 peccato
1080 856 1263 911 nescio
1292 855 1412 923 quis
1435 852 1640 907 alienus
1673 852 1763 905 sit.
1801 850 1866 903 Et
1888 848 2057 919 Egy-

470 958 564 1025 ptii
606 953 983 1024 opprimebant
1018 948 1274 1002 llehrmos
1325 958 1419 1012 per
1448 941 1768 1011 potentiam.
1816 939 1968 995 Unde
2006 946 2060 991 et

473 1046 727 1099 llabacuc
760 1042 1027 1111 queritur,
1077 1057 1095 1089 ι
1134 1050 1303 1105 quare
1333 1033 1525 1102 impius
1553 1032 1824 1101 opprimat
1850 1028 2056 1097 justum

474 1134 706 1205 (Habac.
752 1132 813 1204 ι).
847 1151 864 1183 ι
892 1131 1065 1198 Atque
1090 1128 1297 1187 utinam
1321 1125 1384 1178 de
1409 1122 1539 1177 solis
1563 1122 1648 1175 his
1670 1122 1943 1175 diceretur
1967 1118 2056 1187 qui

474 1229 605 1281 foris
651 1233 800 1289 sunt,
836 1232 889 1277 et
930 1237 1034 1275 non
1078 1220 1142 1275 de
1176 1218 1260 1272 his
1299 1216 1390 1285 qui
1431 1215 1593 1268 intus.
1623 1212 1809 1267 Solent
1836 1211 1978 1265 enim
2006 1217 2060 1263 et

473 1318 743 1385 principes
783 1312 1138 1369 ecclesiarum
1164 1307 1471 1377 opprimere
1502 1303 1713 1373 plebem
1756 1318 1851 1371 per
1873 1314 2059 1368 super-

472 1408 637 1460 biam.
684 1407 757 1459 De
796 1403 992 1472 quibus
1029 1400 1291 1468 scriptum
1332 1404 1415 1449 est
1444 1413 1455 1446 :
1489 1412 1505 1444 ι
1527 1392 1833 1462 Principem
1859 1400 1911 1446 te
1931 1405 2061 1472 con-

474 1504 787 1562 stituerunt,
830 1513 897 1551 ne
940 1494 1212 1557 eleveris;
1255 1475 1388 1559 esto.
1424 1489 1568 1542 inter
1607 1500 1702 1541 eos
1727 1483 1881 1554 quasi
1923 1497 2060 1536 unus

472 1610 540 1645 ex
578 1592 709 1660 ipsis
754 1586 944 1656 (Eccli.
1010 1582 1204 1653 xxxii).
1255 1602 1272 1632 ι
1341 1579 1407 1633 Ει
1452 1576 1709 1635 Salvator
1767 1573 2058 1644 pnccepit:

481 1706 497 1735 I
545 1683 646 1750 Qui
684 1680 797 1735 vult
845 1679 989 1732 inter
1028 1689 1125 1729 vos
1158 1687 1279 1728 esse
1306 1670 1537 1740 primus,
1584 1668 1656 1723 sit
1697 1665 1937 1721 omnium
1962 1677 2062 1717 no-

473 1776 730 1829 vissimus
776 1770 968 1843 (Marc.
996 1767 1094 1839 rx).
1158 1786 1175 1817 ι
1216 1764 1371 1830 Quod
1416 1771 1597 1816 autem
1631 1759 1787 1828 juxta
1829 1756 2060 1812 Hebrai—

473 1881 600 1921 cnm
641 1862 839 1917 dicitur
880 1874 894 1913 :

473 1955 776 2026 apostolico
816 1951 1064 2023 congruit
1106 1946 1453 2002 testimonio:
1486 1963 1501 1995 τ
1530 1942 1705 1997 Nolite
1740 1943 2067 1997 contristare

474 2048 739 2117 Spiritum
791 2051 1061 2103 sanctum,
1112 2039 1210 2108 qui
1252 2036 1465 2092 habitat
1518 2035 1572 2088 in
1628 2032 1785 2087 vobis
1838 2030 2063 2103 (Ep/res.

392 2118 401 2123 ”
476 2136 637 2208 ms.
682 2133 744 2188 Et
778 2132 830 2186 in
866 2128 1179 2201 Evangelio,
1215 2126 1358 2195 quod
1392 2124 1549 2195 juxta
1586 2123 1841 2177 Hebraeos
1890 2120 2066 2174 Naza-

477 2227 573 2281 τεεί
636 2225 817 2295 legere
871 2227 1223 2283 consuerunt,
1265 2218 1407 2271 inter
1448 2216 1680 2269 maxima
1724 2212 1945 2290 ponitur
1964 2212 2072 2266 cri-

480 2317 649 2379 mina,
687 2314 778 2383 qui
823 2310 1011 2365 fratris
1074 2309 1156 2363 sui
1197 2307 1446 2377 spiritum
1497 2302 1925 2359 contristavcrit.
1972 2300 2069 2355 Sin

480 2416 662 2462 autem
712 2401 929 2458 tristitia
974 2398 1200 2454 alterius
1246 2394 1587 2450 interfecerit
1630 2392 2069 2455 contristantem,

480 2498 611 2568 quid
640 2498 705 2551 de
728 2494 1014 2565 iniquitate
1046 2499 1102 2547 et
1124 2488 1405 2561 tyrannica
1436 2496 1615 2542 mente
1641 2482 1929 2540 dicendum
1951 2482 2073 2538 est?

480 2588 579 2642 Cui
606 2587 735 2642 illud
758 2583 1012 2639 convenit
1039 2600 1052 2635 :
1088 2600 1105 2631 ι
1137 2579 1274 2647 Quid
1298 2578 1563 2649 gloriatur
1592 2584 1737 2630 terra
1765 2582 1816 2628 et
1842 2573 2019 2628 cinis?
2049 2592 2067 2624 ι

485 2676 691 2746 (Et-cli;
721 2674 800 2745 ι.)
839 2693 857 2724 ι
910 2672 980 2727 Ut
1021 2670 1220 2725 oblitus
1271 2666 1597 2721 conditionis
1636 2680 1747 2719 sua:
1802 2662 2075 2734 quomodo

482 2768 676 2839 plenus
707 2764 937 2836 pituitis,
977 2762 1119 2827 felle,
1144 2757 1499 2821 stercoribus,
1538 2766 1593 2812 et
1638 2765 1761 2825 post
1796 2754 2074 2827 paululum

484 2855 760 2911 vermibus
794 2852 1123 2913 exarandus,
1164 2856 1328 2917 ponat
1368 2847 1420 2901 in
1454 2846 1650 2901 ccelum
1691 2860 1754 2900 os
1794 2860 1973 2908 suum,
2022 2852 2077 2899 et

486 2945 831 3017 lingua.ejus
867 2950 1213 3014 pertranseat
1250 2953 1422 3008 usque
1468 2938 1522 2991 in
1551 2946 1775 2999 terram,
1832 2946 1886 2990 et
1932 2937 2077 2990 dicat

486 3052 610 3091 cum
654 3049 783 3088 vero
817 3032 1314 3086 Nabuchodonosor
1341 3047 1355 3082 :
1388 3047 1406 3079 ι
1430 3027 1747 3103 ,Αερθιιάιιιιι
1777 3027 1828 3079 in
1855 3025 2075 3091 coelum,

489 3141 651 3197 super
690 3126 868 3181 sidera
901 3123 1021 3177 ραιιί
1052 3139 1245 3193 ponam
1286 3123 1537 3175 thronum
1570 3135 1766 3182 meum,
1801 3135 1896 3174 ero
1930 3119 2079 3173 simi-

2160 567 2397 622 comedit
2446 580 2589 628 eum,
2658 562 2827 617 bestia
2872 562 3009 615 mala
3077 563 3254 632 rapuit
3319 561 3519 634 Ioseph
3592 562 3754 634 (Ceu.

2159 656 2390 729 xxxvn).
2440 674 2458 707 ι
2517 652 2671 708 Unde
2694 662 2749 706 et
2789 667 2916 705 oves
2968 652 3200 716 Domini,
3259 670 3380 723 qum
3449 666 3760 723 sequuntur

2162 762 2309 811 eum,
2360 761 2465 800 non
2496 744 2782 812 rapiuntur
2805 742 2869 795 de
2905 742 3150 795 manibus
3172 741 3308 811 ejus.
3340 744 3408 797 Et
3436 745 3551 814 ipse
3575 744 3715 798 dicit
3743 762 3757 795 :

2167 855 2183 885 ι
2231 836 2392 888 Pater
2412 834 2555 902 quod
2588 832 2737 886 dedit
2760 831 2911 895 mihi,
2938 831 3109 900 majus
3138 842 3222 885 est
3263 835 3538 899 omnibus,
3563 844 3617 888 et
3655 848 3759 888 ne-

2159 938 2249 977 mo
2296 932 2476 991 potest
2520 936 2712 991 rapere
2754 921 2819 973 de
2853 936 3016 974 manu
3067 937 3183 975 mea
3227 920 3357 993 [Al.,
3398 924 3577 979 Patris
3619 924 3759 997 mei]

2162 1014 2341 1084 (Joan.
2368 1013 2446 1083 ιε).
2480 1033 2496 1064 ι
2529 1012 2607 1065 Ex
2632 1012 2731 1065 hoc
2755 1011 3081 1080 perspicitur
3106 1028 3208 1065 una
3233 1014 3403 1081 patris
3432 1014 3636 1085 filiique
3663 1032 3765 1085 pe-

2163 1112 2351 1169 testas,
2370 1104 2541 1157 virtus
2568 1112 2731 1172 atque
2758 1102 3091 1168 substantia;
3120 1104 3163 1158 si
3193 1104 3335 1158 enim
3356 1106 3420 1160 de
3446 1105 3538 1160 ﬁlii
3563 1123 3762 1169 manu,

2160 1194 2303 1263 quod
2330 1194 2473 1247 dedit
2513 1202 2687 1262 pater,
2716 1207 2873 1245 nemo
2909 1200 3085 1259 potest
3111 1207 3319 1261 rapere,
3347 1202 3404 1248 et
3422 1195 3536 1249 haec
3563 1197 3763 1250 eadem

2163 1282 2215 1335 in
2245 1282 2415 1351 patris
2452 1297 2611 1334 manu
2647 1290 2772 1334 sunt
2798 1295 2918 1349 qua:
2948 1296 3054 1333 non
3094 1282 3376 1351 rapiuntur
3395 1282 3462 1337 ab
3486 1299 3572 1349 eo,
3596 1285 3769 1355 liqui-

2163 1374 2233 1428 do
2262 1375 2648 1444 comprobatur
2669 1372 2849 1425 omnia
2874 1372 3045 1441 patris
3073 1382 3128 1426 et
3155 1372 3247 1425 filii
3278 1388 3400 1429 esse
3424 1376 3764 1439 communia,

2163 1473 2217 1518 et
2269 1465 2322 1518 in
2380 1464 2472 1517 lilii
2509 1478 2669 1535 manu
2717 1471 2901 1516 tenere
2957 1469 3164 1531 patrem
3194 1463 3337 1517 sicut
3366 1466 3540 1533 patris
3595 1481 3766 1519 manu

2165 1566 2438 1621 tenentur,
2464 1571 2583 1624 qua:
2599 1555 2694 1608 filii
2719 1564 2863 1609 sunt.
2888 1554 3165 1609 Decimum
3180 1565 3264 1610 est
3291 1573 3303 1607 :
3331 1574 3348 1606 ι
3380 1555 3580 1612 Panem
3601 1573 3765 1612 suum

2166 1648 2427 1702 esurienti
2458 1648 2703 1710 dederit;
2735 1666 2751 1697 ›
2778 1662 2879 1716 per
2904 1648 3045 1715 quod
3068 1647 3326 1702 docemur
3359 1650 3768 1719 eleemosynam

2168 1752 2273 1791 non
2302 1738 2499 1791 saturis
2544 1736 2869 1801 faciendam,
2916 1738 3007 1791 sed
3050 1738 3416 1792 esurientibus
3450 1757 3461 1792 :
3498 1754 3599 1793 nec
3622 1740 3765 1793 dan-

945 1877 964 1910 ι
1113 1856 1388 1911 hominem
1436 1868 1541 1906 non
1577 1847 2005 1912 contristaverit,
2038 1866 2056 1899 ι

2178 1829 2296 1881 dum
2356 1842 2547 1897 panem
2609 1828 2691 1881 his
2756 1828 2846 1898 qui
2920 1836 3139 1881 ructant
3211 1828 3591 1898 plenitudine,
3666 1832 3770 1885 sed

2172 1922 2256 1975 his
2318 1922 2410 1990 qui
2496 1921 2759 1974 inanitate
2833 1920 3167 1974 cruciantur.
3226 1921 3283 1975 ιιι
3361 1938 3500 1992 pane
3581 1934 3768 1977 autem

2169 2012 2347 2067 omnis
2368 2012 2674 2065 continetur
2697 2010 2867 2065 cibus.
2892 2010 2958 2063 Et
2976 2011 3347 2081 significanter
3365 2012 3564 2065 dicitur
3583 2029 3769 2073 suum,

2170 2118 2237 2156 ne
2278 2102 2345 2157 de
2397 2102 2602 2171 rapinis
2647 2110 2697 2156 et
2731 2101 2931 2165 usuris,
2982 2109 3038 2155 et
3086 2101 3262 2156 alieno
3309 2101 3449 2156 malo
3480 2104 3771 2172 quaesitum

2169 2207 2363 2263 panem
2387 2176 2663 2246 vertamus
2688 2192 2739 2244 in
2760 2191 3209 2245 misericordiam.
3234 2210 3253 2243 ι
3281 2191 3600 2261 Redemptio
3621 2194 3772 2247 cnim

2173 2286 2365 2339 anima:
2394 2284 2494 2338 viri
2523 2285 2754 2354 prepriae
2781 2283 2981 2337 divitia:
3007 2279 3189 2353 (Prov.
3215 2283 3357 2352 xm).
3396 2292 3415 2335 ι
3449 2284 3602 2350 Quod
3632 2288 3774 2337 ιιιιιί-

2176 2384 2259 2430 tos
2320 2375 2501 2430 facere
2563 2374 2928 2442 conspicimus
2998 2373 3226 2427 clientes
3284 2384 3340 2428 et
3402 2390 3669 2445 pauperes
3719 2386 3774 2429 ct

2174 2467 2462 2537 agricolas,
2492 2477 2550 2521 ut
2580 2476 2787 2521 taceam
2825 2466 2892 2521 de
2920 2466 3265 2520 militantium
3296 2464 3351 2520 et
3386 2467 3631 2536 judicum
3662 2471 3771 2522 vio-

2176 2556 2362 2621 lentia,
2388 2557 2479 2626 qui
2508 2556 2820 2625 opprimunt
2847 2552 2942 2625 per
2983 2557 3304 2624 potentiam,
3335 2558 3419 2611 vel
3449 2557 3592 2611 furta
3616 2574 3770 2611 com-

2177 2649 2421 2713 mittunt,
2466 2658 2524 2701 ut
2548 2649 2613 2701 de
2656 2647 2838 2700 multis
2867 2661 3033 2715 parva
3063 2648 3391 2715 pauperibus
3428 2648 3692 2713 tribuant,
3720 2658 3775 2702 et

2177 2741 2231 2795 in
2259 2741 2370 2795 suis
2402 2739 2695 2794 sceleribus
2721 2738 3036 2808 glorientur.
3072 2737 3400 2807 Publiccque
3430 2738 3693 2793 diaconus
3715 2743 3768 2793 in

2177 2829 2420 2885 Ecclesia
2450 2830 2642 2884 recitet
2667 2827 3009 2883 olferentium
3052 2829 3291 2893 nomina,
3316 2837 3581 2898 quantum
3611 2831 3772 2883 offert

2179 2921 2270 2974 illa
2297 2928 2505 2975 tantum
2534 2920 2624 2973 ille
2646 2919 2917 2990 pollicitus
2936 2928 3037 2973 est.
3062 2917 3389 2988 Placentque
3410 2919 3513 2973 sibi
3538 2920 3606 2974 ad
3622 2919 3775 2989 plau-

2178 3027 2298 3068 sum
2347 3012 2530 3082 populi
2578 3019 2865 3079 torquente
2910 3025 3006 3065 eos
3055 3010 3404 3065 conscientia.
3440 3011 3773 3081 .Damusqnc

2181 3103 2465 3156 materiam
2493 3102 2731 3167 miseris,
2764 3111 2825 3155 ut
2854 3103 3128 3171 gaudeant
3159 3102 3227 3155 ad
3255 3114 3319 3156 ea
3362 3117 3485 3171 quae
3508 3103 3771 3165 tribuunt,

490 3191 875 3273 lis-Altissimo
912 3191 1065 3285 (lui.—
1095 3213 1227 3284 xrv).
1275 3233 1292 3263 ι
1342 3212 1607 3267 Octavum
1644 3219 1727 3265 est
1764 3230 1775 3264 :
1812 3230 1828 3262 ι
1875 3212 2076 3282 Pignus
2105 3209 2147 3270 C
2180 3203 2234 3246 ει
2263 3208 2367 3247 "0“
2402 3193 2618 3285 μιιεςῆηι
2656 3191 2725 3246 ad
2750 3206 2814 3245 93
2845 3206 2966 3261 qua"
3019 3192 3315 3285 ξαριξθτίηι·
3365 3191 3554 3247 melius
3592 3205 3773 3285 amem

494 3308 725 3363 debitori
775 3304 1087 3360 reddiderit.
1155 3324 1168 3355 ι
1213 3304 1327 3358 Non
1365 3304 1510 3358 onmi
1557 3303 1809 3366 debitori,
1839 3302 2077 3372 alioquin

494 3402 676 3457 multis
729 3399 944 3455 occasio
991 3398 1425 3467 recipiendorum
1463 3398 1747 3466 pignorum
1795 3395 1887 3449 fiet
1944 3395 2080 3448 divi-

494 3494 691 3546 tiarum
736 3489 982 3543 materia.
1050 3488 1156 3542 Sed
1208 3488 1256 3541 ei
1300 3487 1559 3550 debitori,
1609 3487 1675 3541 de
1718 3500 1825 3554 quo
1872 3486 1925 3540 in
1962 3486 2081 3557 lege

492 3583 774 3645 scribitur,
810 3579 951 3650 quod
1007 3593 1214 3649 pauper
1253 3578 1345 3641 sit,
1378 3587 1433 3631 et
1496 3578 1776 3647 proprium
1820 3592 2083 3648 opposue-

498 3675 570 3744 rit
624 3671 1028 3731 vestimentum,
1072 3677 1127 3722 et
1165 3676 1290 3722 ante
1330 3668 1460 3721 solis
1484 3682 1739 3722 occasum
1769 3669 2080 3737 operimen-

496 3772 609 3817 tum
653 3761 894 3829 recipere
933 3759 1144 3819 debeat,
1183 3773 1250 3812 ne
1294 3758 1571 3813 cruciatus
1624 3758 1827 3828 frigore
1881 3760 2084 3814 clamet

492 3854 562 3908 ad
590 3853 898 3915 Dominum,
942 3851 1035 3919 qui
1078 3849 1221 3903 ultor
1278 3852 1362 3904 eSt
1406 3847 1523 3917 ejus
1575 3849 1804 3916 injurim.
1845 3851 1939 3904 Sin
1988 3866 2084 3905 an-

497 3955 605 3997 tem
637 3944 790 4012 jnxta
826 3956 913 4007 ea,
942 3957 1063 4011 quae
1091 3948 1396 4011 sequuntur
1436 3955 1633 4010 panem
1660 3941 1921 3997 esurienti
1952 3943 2084 3997 dare

493 4035 780 4096 debemus,
821 4039 875 4085 et
918 4031 1121 4084 nudum
1163 4030 1380 4099 operire
1447 4030 1779 4085 vestimento
1826 4046 1843 4086 :
1878 4039 2085 4100 quanto

498 4122 672 4192 magis
704 4136 859 4176 suum
885 4120 1131 4185 reddere,
1166 4119 1209 4173 si
1252 4127 1434 4173 tamen
1468 4121 1731 4176 debitoris
1775 4122 2084 4177 indubitata

497 4223 788 4285 paupertas
851 4212 971 4267 est?
1012 4211 1303 4266 Possumus
1338 4225 1556 4280 quoque
1614 4212 1812 4282 pignus
1857 4212 2086 4267 reddere

498 4306 751 4367 debitori,
804 4304 1020 4374 quando
1064 4304 1133 4367 ei,
1163 4303 1249 4357 cui
1275 4304 1564 4357 dilectione
1606 4303 2005 4374 conjungimur,
2030 4312 2087 4359 et

498 4397 591 4465 qni
637 4396 793 4449 nobis
812 4395 989 4459 debet,
1021 4403 1262 4447 mutuam
1306 4394 1629 4447 charitatem
1676 4395 1954 4449 reddimus
2006 4395 2089 4465 pi-

504 4501 641 4557 gnus
679 4500 855 4547 suum,
880 4483 1015 4538 nihil
1038 4483 1202 4538 debiti
1232 4480 1349 4550 ejus
1374 4483 1512 4552 apud
1539 4496 1638 4537 nos
1668 4482 1809 4536 ultra
1847 4484 2087 4555 retinen-

2179 3294 2282 3348 est,
2313 3292 2372 3336 ut
2399 3282 2761 3353 intelligamus
2790 3297 2983 3353 panem
3021 3279 3155 3349 justi
3184 3298 3306 3336 eum
3344 3298 3465 3337 esse
3488 3285 3579 3352 qui
3608 3284 3772 3339 dicit:

2185 3392 2202 3423 ι
2239 3374 2351 3443 Ego
2384 3388 2503 3427 sum
2533 3374 2711 3443 panis,
2735 3373 2828 3440 qui
2856 3373 2924 3427 de
2950 3372 3089 3427 ccelo
3114 3373 3364 3427 descendi
3397 3372 3579 3446 (Joan.
3603 3374 3679 3441 vi)
3704 3391 3719 3439 ;
3749 3393 3769 3427 ι

2180 3472 2234 3518 et
2261 3480 2424 3533 quem
2456 3468 2507 3517 in
2538 3464 2784 3518 oratione
2832 3463 2991 3518 nobis
3020 3465 3185 3518 tribui
3224 3464 3602 3533 deprecamur,
3630 3485 3648 3516 σ
3677 3481 3773 3536 pa—

2181 3570 2305 3609 nem
2351 3565 2595 3609 nostrum
2650 3554 3111 3619 substantivum,i
3158 3554 3273 3608 sive
3318 3565 3772 3623 superventurum

2189 3663 2205 3696 ι
2236 3647 2302 3699 da
2342 3645 2517 3709 nobis,
2541 3665 2559 3697 ι
2599 3655 2659 3700 ιιι
2692 3660 2853 3713 quem
2897 3653 3085 3714 postea
3114 3658 3329 3713 semper
3367 3646 3644 3715 accepturi
3684 3663 3747 3702 su

2183 3750 2324 3798 mus,
2346 3735 2397 3787 in
2423 3735 2674 3804 pt'wsenti
2697 3736 2896 3788 sazculo
2918 3734 3157 3803 quotidie
3178 3746 3487 3789 mereamur
3508 3738 3771 3808 accipere.

2184 3824 2339 3879 Hunc
2376 3838 2571 3893 panem
2596 3823 2776 3893 justus
2819 3824 3186 3878 esurientibus
3233 3825 3442 3890 tribuit,
3490 3826 3556 3881 de
3581 3828 3773 3896 quibus

2185 3915 2446 3985 scriptum
2484 3922 2604 3967 est:
2634 3932 2651 3963 ε
2691 3912 2839 3967 Beati
2871 3913 2964 3982 qui
3005 3913 3252 3967 esuriunt
3292 3923 3348 3969 et
3389 3914 3583 3971 sitiunt
3618 3916 3774 3985 justi—

2186 4008 2317 4062 tiam
2364 4004 2724 4078 (ΜαιιΙι.ν).›
2770 4004 2871 4071 Qui
2903 4004 3026 4074 quia
3076 4004 3253 4074 justus
3299 4016 3386 4061 est
3434 4022 3774 4065 communem

2186 4098 2427 4153 omnium
2468 4111 2664 4166 panem
2708 4110 2863 4150 suum
2894 4093 3025 4149 facit
3058 4096 3360 4165 proprium,
3388 4100 3481 4167 qui
3509 4097 3774 4155 defecerat

2191 4189 2244 4243 in
2270 4186 2477 4252 Judaea,
2506 4186 2770 4255 prOpheta
2801 4186 3017 4240 dicente
3045 4203 3058 4239 :
3089 4205 3105 4237 ι
3138 4186 3399 4242 Auferam
3423 4189 3491 4242 ab
3522 4190 3603 4245 eis
3624 4189 3773 4246 forti-

2189 4281 2454 4344 tudinem,
2477 4280 2593 4333 sive
2621 4278 2871 4333 baculum
2894 4280 3051 4349 panis
3074 4278 3293 4350 (Bacch.
3320 4283 3416 4350 tv).
3443 4300 3462 4333 ι
3499 4280 3614 4336 lloc
3635 4283 3773 4353 quod

2188 4370 2460 4441 loquimur
2508 4380 2689 4423 tamen
2727 4369 2770 4423 si
2810 4369 3012 4424 Christi
3056 4385 3264 4437 sumus,
3310 4371 3421 4425 imo
3470 4375 3615 4443 quod
3653 4391 3774 4446 pro-

2189 4463 2351 4531 pheta
2394 4469 2803 4527 commemorat,
2827 4460 2983 4529 panis
3030 4460 3367 4517 credentium
3402 4473 3506 4529 est,
3556 4474 3613 4519 et
3656 4482 3773 4521 esu.

646 4546 855 4633 Nonum
886 4576 1126 4648 possidet
1167 4546 1345 4629 locum
1380 4546 1443 4628 τ’(
1472 4574 1576 4631 Per
1605 4575 1712 4629 vim
1738 4575 1871 4630 nihil
1893 4554 2085 4646 rapue-
2113 4546 2163 4605 D
2192 4553 2468 4648 ῗίθυιίυῖηθ
2500 4551 2591 4621 qui
2622 4550 2844 4648 9ξξ¹¹¹ί¹¹⁰
2878 4566 2984 4605 ¹¹⁰¹¹
3012 4551 3220 4648 ἀωδυὲ
3257 4562 3341 4608 εει
3367 4554 3476 4620 his!
3496 4556 3599 4648 Qui
3626 4572 3772 4611 man‘

507 4672 609 4734 rit;
664 4688 683 4721 ι
734 4668 863 4728 sive,
904 4667 1057 4734 juxta
1091 4664 1463 4735 Septuaginta,
1510 4685 1528 4716 ι
1564 4668 1806 4737 rapinam
1860 4683 1966 4722 non
1999 4684 2087 4722 ra-

506 4760 701 4832 puerit.
742 4776 761 4809 ι
818 4757 893 4811 De
922 4756 1227 4825 raptoribus
1253 4763 1307 4810 et
1351 4756 1639 4823 Apostolus
1668 4757 1925 4827 loquitur,
1944 4759 2087 4826 quod

472 4852 652 4907 ‘inter
689 4860 915 4905 Caeteros
971 4858 1301 4919 peccatores,
1375 4867 1441 4905 ne
1492 4853 1816 4905 vescendum
1867 4854 2085 4923 quidem

509 4956 629 4993 cum
649 4940 1010 5006 hujuscemodi
1032 4936 1419 5009 sit.0mnisque
1433 4941 1617 5009 rapina
1641 4940 1805 4994 mixta
1824 4942 2088 4996 violentia:

507 5040 612 5094 est,
640 5031 740 5083 nisi
783 5030 925 5083 enim
962 5030 1041 5083 vis
1094 5028 1255 5082 fuerit
1288 5028 1449 5091 illata,
1484 5030 1670 5097 rapina
1721 5045 1825 5084 non
1853 5031 2085 5099 prolicit.

510 5120 605 5173 Est
632 5129 810 5173 autem
856 5128 909 5172 et
934 5128 1121 5172 sancta
1174 5118 1424 5172 violentia
1478 5121 1773 5189 rapinaque
1814 5121 2085 5188 optabilis,

511 5211 576 5263 de
599 5225 702 5278 qua
734 5209 924 5263 scribit
948 5219 1003 5261 et
1055 5208 1399 5277 Evangelium
1440 5228 1451 5261 :
1492 5230 1509 5258 ι
1566 5210 1606 5263 Α
1636 5211 1824 5275 diebus
1866 5207 2090 5264 Joannis

512 5300 763 5367 Baptista:
795 5314 1015 5368 regnum
1052 5296 1312 5353 cmlorunt
1365 5299 1471 5352 vim
1498 5301 1721 5369 patitur,
1768 5308 1823 5353 et
1867 5299 2087 5353 violenti

512 5391 773 5458 diripiunt
835 5390 959 5442 illud
986 5390 1199 5459 (Matth.
1226 5388 1324 5461 ιιι).
1366 5410 1383 5441 ι
1429 5390 1503 5443 De
1558 5406 1662 5459 qua
1691 5400 1743 5443 et
1782 5389 1950 5444 Judas
1976 5390 2089 5443 fra-

513 5489 596 5533 ter
641 5477 824 5533 Jacobi
852 5479 1088 5547 loquitur
1120 5498 1131 5532 :
1168 5498 1186 5528 ι
1219 5480 1285 5531 Ει
1327 5480 1461 5532 alios
1492 5481 1707 5547 quidem
1740 5481 1805 5533 de
1844 5480 1965 5549 igne
1998 5496 2085 5532 ra-

511 5570 749 5637 pientes,
816 5569 936 5623 aliis
991 5578 1169 5622 autem
1219 5568 1545 5621 miseremini
1603 5569 1655 5621 in
1698 5568 1891 5623 timore
1932 5567 2083 5639 (Jud.

2187 4644 2525 4697 ducaverunt
2551 4651 2606 4695 et
2626 4642 2881 4697 biberunt
2898 4650 2954 4696 et
2984 4645 3208 4699 saturati
3232 4652 3377 4711 sunt,
3405 4654 3462 4700 et
3492 4647 3771 4706 iucrassati

2189 4730 2612 4803 calcitraverunt
2654 4727 2827 4800 (Psal.
2854 4734 3093 4804 Lxxvu);
3127 4752 3146 4785 ι
3190 4735 3257 4789 de
3300 4735 3496 4806 quibus
3532 4739 3765 4796 dicitur:

2196 4843 2213 4874 ι
2248 4825 2336 4878 Va:
2383 4824 2473 4893 qui
2506 4825 2729 4878 saturati
2777 4826 2910 4879 estis
2955 4841 3119 4891 nunc,
3168 4828 3293 4897 quia
3340 4831 3596 4886 esurietis
3624 4833 3767 4902 (Luc.

2190 4914 2293 4983 vi),
2315 4935 2339 4965 1
2361 4928 2429 4966 ne
2456 4923 2709 4967 evomant
2749 4913 2898 4968 illum
2926 4932 2939 4968 :
2967 4915 3178 4972 dicente
3228 4916 3515 4975 Salomone
3542 4940 3555 4975 :
3582 4941 3612 4973 λ(
3640 4923 3772 4978 Evo-

2193 5014 2303 5058 met
2351 5004 2517 5068 enim,
2575 5013 2630 5058 et
2672 5006 3064 5060 contaminabit
3114 5023 3392 5064 sermones
3440 5020 3559 5067 tuos
3606 5014 3770 5069 bonos

2192 5093 2376 5166 (Prov.
2402 5096 2579 5166 χχιιι).
2604 5115 2621 5146 ι
2661 5096 2814 5163 Quod
2849 5097 2970 5152 aliis
2998 5099 3179 5153 verbis
3220 5098 3471 5156 Salvator
3498 5102 3766 5172 loquitur:

2198 5209 2215 5240 ι
2247 5190 2323 5243 i\‘e
2347 5189 2485 5243 detis
2530 5200 2777 5243 sanctum
2808 5191 3051 5256 canibus,
3084 5207 3259 5260 neque
3300 5194 3528 5249 mittatis
3567 5212 3771 5269 marga-

2193 5283 2329 5337 ritas
2356 5293 2568 5337 vestras
2594 5293 2719 5337 ante
2756 5299 2970 5352 porcos.
2998 5303 3016 5335 ι
3054 5284 3406 5340 Undecimum
3434 5290 3768 5357 possidctlo-

2193 5390 2357 5427 cum:
2396 5393 2415 5424 ι
2451 5374 2517 5427 Et
2560 5375 2761 5435 nudum
2803 5376 3019 5443 operuit
3043 5375 3386 5431 vestimento.
3410 5397 3429 5428 ι
3468 5377 3570 5445 Qui
3599 5393 3772 5435 senno

2185 5465 2342 5534 juxta
2378 5465 2671 5534 superioris
2716 5467 2969 5521 versiculi
3018 5466 3450 5535 explanationem
3495 5470 3772 5537 dupliciter

2194 5556 2540 5611 disserendus
2568 5564 2671 5619 est,
2689 5564 2823 5611 utet
2848 5557 3004 5610 nudis
3035 5557 3335 5611 tribuamus
3360 5560 3767 5625 operimentum,

513 5661 624 5731 ΕΞ),
668 5680 685 5711 ι
735 5660 775 5713 Ε
831 5660 1104 5714 contrario
1148 5659 1467 5714 adversaria;
1511 5667 1824 5728 potestates,
1880 5660 1932 5712 in
1971 5675 2095 5729 per-
2193 5648 2407 5701 dicente
2443 5644 2759 5699 Salvatore.
2793 5665 2810 5696 ι
2866 5645 3049 5701 Nudus
3079 5662 3225 5701 eram
3254 5657 3309 5701 et
3353 5648 3647 5717 operuistis
3695 5664 3770 5702 nze

516 5751 709 5805 nicicm
737 5764 943 5812 eorum,
973 5766 1106 5820 quos
1155 5750 1385 5818 rapiunt,
1440 5750 1670 5813 prmdam
1697 5765 1884 5817 rapere
1932 5748 2085 5803 festi-

2198 5744 2410 5818 (Mutth.
2440 5740 2601 5812 xxv);
2635 5761 2652 5792 ι
2696 5748 2751 5793 et
2800 5741 2955 5795 nudis
3004 5741 3107 5796 fide
3155 5750 3314 5810 atque
3368 5742 3657 5798 virtutibus
3687 5745 3767 5797 tri-
