3936 6346
168 394 287 449 ’ἱειυ

1110 390 1462 448 COMMENT.
1504 390 1570 445 IN
1610 385 2062 444 EZECiliELEM.
2103 417 2172 427 —
2211 383 2340 442 LIB.
2382 383 2515 441 VIII.

3345 385 3449 445 7:0

157 511 407 557 huamus
438 504 815 557 vestimentum
850 501 1076 565 Christi,
1112 502 1177 556 de
1206 516 1313 569 quo
1345 500 1608 571 scriptum
1634 507 1757 553 est:
1790 504 1835 560 Α
1864 508 2016 569 ptum
2040 505 2161 552 est:
2192 516 2211 549 ι
2268 497 2323 553 Si
2376 498 2536 552 fuerit
2572 498 2753 567 justus
2789 504 2840 552 et
2876 498 3067 570 fecerit
3109 496 3391 567 judicium.
3425 520 3446 554 ι

166 613 185 645 ι
220 593 507 663 Quotquot
532 595 676 648 enim
704 593 757 647 in
784 592 1002 647 Christo
1026 592 1284 662 baptizati
1308 591 1461 656 estis,
1488 591 1765 646 Christum

161 684 433 739 induistis
460 682 601 757 (Cal.
627 684 730 756 Ill).
754 703 771 736 ι
804 682 918 737 lloc
944 684 1267 739 vestimento
1311 682 1485 737 nudus
1508 690 1645 747 crat,
1672 683 1767 752 qui

160 783 384 829 vestem
407 791 516 849 non
546 776 752 829 habens
774 774 1089 844 nuptialem,
1134 773 1406 842 projectus
1436 781 1519 828 est
1544 772 1609 827 de
1638 787 1767 837 con-

162 864 341 918 vivio.
398 866 475 920 Dc
517 866 619 920 hac
669 865 911 920 nuditate
951 875 1005 918 et
1043 864 1108 918 ad
1156 862 1453 919 Jerusalem
1508 864 1767 918 Dominus

161 954 419 1023 loquitur
444 974 457 987 ο
492 976 509 1007 ι
539 955 617 1009 Tu
644 964 821 1010 autem
850 959 974 1011 eras
1004 956 1143 1009 nuda
1173 964 1227 1009 et
1256 946 1584 1010 confusionis
1606 955 1765 1024 plena

161 1044 395 1117 (Ezech.
428 1046 562 1117 xvi).
589 1066 605 1098 ι
652 1046 1037 1102 Duodecimum
1090 1046 1376 1101 numerum
1420 1055 1603 1100 tenet:
1634 1066 1652 1097 ‹
1702 1046 1768 1100 Et

157 1138 233 1190 ad
264 1152 488 1191 usuram
513 1152 616 1191 non
648 1137 1072 1192 commodaverit
1099 1153 1113 1202 ;
1147 1156 1165 1188 ι
1193 1138 1305 1191 sive
1331 1144 1391 1189 ut
1417 1134 1765 1206 Septuaginta

161 1227 592 1294 transtulerunt,
617 1248 639 1279 ί
669 1228 951 1297 pecuniam
978 1244 1133 1283 suam
1165 1231 1230 1284 ad
1273 1245 1492 1283 usuram
1536 1245 1643 1285 non
1668 1228 1765 1283 de-

157 1317 334 1371 derit.
374 1338 392 1369 ι
451 1318 507 1373 lu
562 1318 819 1372 hebraico
875 1327 1191 1383 cunctarum
1242 1318 1545 1387 specierum
1602 1334 1766 1373 usura

158 1398 510 1477 prohibetur,
544 1408 595 1462 iu
645 1407 996 1478 Septuaginta
1049 1418 1259 1462 tantum
1311 1409 1574 1478 pecuniae,
1613 1406 1766 1477 juxta

157 1500 316 1568 quod
352 1509 408 1554 et
460 1502 513 1554 in
566 1500 776 1555 decimo
831 1508 1024 1569 quarto
1073 1499 1282 1568 psalmo
1330 1500 1591 1570 scriptum
1641 1509 1761 1554 est:

160 1609 179 1641 ε
216 1588 327 1658 Qui
368 1593 657 1662 pecuniam
706 1606 858 1647 suam
910 1608 1015 1645 non
1069 1592 1216 1646 dedit
1263 1593 1330 1646 ad
1382 1607 1624 1646 usuram.
1653 1611 1671 1643 ι
1701 1592 1768 1645 Et

154 1685 444 1754 quomodo
472 1676 671 1738 dicitur
699 1702 711 1737 :
747 1704 764 1735 ε
794 1683 973 1739 Fratri
1012 1692 1102 1739 tuo
1127 1698 1231 1737 non
1276 1682 1566 1747 fencrabis,
1592 1682 1765 1737 alieno

155 1784 354 1828 autem
390 1774 663 1829 fenerabis
708 1774 886 1846 (Deut.
913 1774 1096 1845 χχιιι),
1129 1793 1147 1825 ι
1189 1776 1283 1829 sed
1311 1774 1434 1828 vide
1462 1773 1764 1844 profectum

1870 589 1978 643 Sed
2008 588 2190 643 addita
2218 589 2447 643 veritate
2490 587 2701 659 judieii,
2735 589 2877 658 quod
2924 587 3051 645 facit
3102 590 3245 646 inter
3279 591 3453 649 virum

1867 688 1923 733 et
1947 680 2124 733 virum
2152 679 2267 733 sive
2287 679 2589 748 proximum
2622 693 2798 743 suum,
2828 681 3057 735 ἐπίτασιν
3088 682 3331 737 cernitur
3358 685 3454 741 hac

1868 771 1997 825 bere
2020 770 2302 825 virtutum.
2356 769 2511 826 Unde
2558 779 2612 825 et
2657 771 2711 825 in
2743 770 3155 829 Proverbiorum
3207 774 3455 843 exordio,

1866 874 1988 933 post
2046 863 2212 917 multa
2265 871 2562 933 praecepta,
2623 864 2895 933 correptio
2948 864 3177 920 infertur
3209 850 3455 934 ‘judicii:

1874 971 1892 1003 ‹
1924 951 2096 1015 Scire,
2126 951 2320 1021 inquit,
2373 952 2693 1019 sapientiam
2732 959 2788 1007 et
2814 952 3170 1022 disciplinam,
3213 964 3268 1011 et
3298 955 3458 1011 inteb-

1866 1043 2037 1112 lfgere
2062 1041 2223 1095 verba
2253 1044 2569 1111 prudentize,
2621 1044 2895 1113 suscipere
2938 1046 3203 1101 versutias
3249 1062 3461 1103 sermo-

1868 1149 2021 1197 num,
2062 1142 2117 1187 et
2148 1148 2305 1187 nosse
2352 1132 2616 1202 justitiam
2658 1150 2861 1211 veram,
2889 1144 2943 1191 et
2978 1145 3099 1206 post
3127 1138 3306 1193 omnia
3335 1154 3444 1196 cor-

1869 1228 2045 1297 rigere
2064 1226 2324 1295 judicium
2354 1224 2536 1297 (Prov.
2563 1227 2622 1299 ι).
2650 1248 2667 1280 ι
2702 1227 3061 1294 Quamobrem
3092 1239 3145 1285 et
3170 1230 3456 1300 Apostolus

1869 1321 2219 1389 reprehendit
2283 1337 2377 1376 eos
2432 1323 2524 1391 qui
2584 1323 2635 1377 in
2696 1322 2935 1378 Ecclesia
2996 1326 3272 1380 constituti
3331 1332 3458 1382 sunt

1868 1409 1920 1482 (Ι
1954 1409 2075 1465 Cor.
2101 1411 2198 1475 vi),
2225 1414 2366 1482 quod
2392 1413 2627 1469 habeant
2656 1412 2792 1467 inter
2821 1428 2880 1467 se
2898 1412 3119 1481 judicia,
3170 1414 3461 1470 minimas-

1868 1516 1973 1571 que
1994 1502 2211 1572 eligitur
2234 1512 2394 1571 atque
2410 1511 2765 1571 contemptus.
2784 1501 2918 1569 Quia
2936 1501 3089 1570 juxta
3107 1502 3455 1573 Evangelium

1864 1593 2074 1660 primus
2098 1602 2199 1657 est,
2226 1601 2283 1646 ut
2318 1592 2524 1662 judicet
2555 1594 2695 1647 inter
2715 1594 2891 1648 virum
2936 1602 2990 1647 et
3019 1594 3219 1658 virum,
3246 1593 3337 1662 qui
3366 1592 3459 1646 de-

1867 1685 2068 1739 struxit
2100 1701 2186 1750 ea,
2225 1701 2345 1755 quae
2386 1685 2593 1754 parvuli
2627 1693 2773 1752 sunt,
2818 1693 2871 1739 et
2910 1686 3155 1755 pervenit
3179 1700 3351 1754 usque
3388 1684 3454 1739 ad

1867 1772 2169 1841 perfectum
2199 1774 2377 1827 virum
2406 1792 2417 1827 :
2448 1782 2503 1828 et
2545 1782 2721 1828 tamen
2767 1774 2988 1845 majoris
3018 1774 3285 1829 sententia
3316 1773 3462 1828 indi-

154 1865 215 1917 in
254 1863 531 1934 principio
558 1862 692 1934 legis
722 1879 751 1916 a
790 1862 1051 1918 fratribus
1100 1873 1309 1929 tantum
1339 1862 1495 1918 fenus
1525 1864 1759 1928 tollitur;
1798 1851 1838 1908 Β
1868 1870 1975 1931 get,
2006 1870 2066 1916 ut
2093 1863 2263 1932 possit
2289 1863 2355 1917 ad
2400 1864 2685 1917 veritatem
2717 1860 2905 1930 judicii
2928 1864 3232 1933 pervenire.
3258 1862 3463 1931 Sequi-

155 1954 215 2006 in
242 1953 542 2023 Propheta,
570 1953 637 2008 ab
679 1952 931 2007 omnibus
977 1968 1143 2007 usura
1186 1954 1524 2022 prohibetur,
1554 1953 1766 2008 dicente

154 2042 471 2107 Ezechiele,
510 2060 527 2093 t
564 2042 847 2112 pecuniam
877 2058 1029 2097 suam
1056 2058 1159 2098 non
1186 2044 1330 2098 dedit
1371 2044 1438 2098 ad
1465 2058 1706 2099 usuram.
1742 2063 1760 2096 ι

156 2131 341 2185 Porro
358 2132 409 2185 in
424 2131 713 2201 Evangelia
727 2132 867 2186 virtu
878 2122 943 2187 tis
954 2142 1299 2203 augmentum
1314 2133 1767 2203 est,pr:ecipiente

156 2222 398 2277 Domino
424 2239 437 2275 :
474 2240 491 2273 ι
521 2221 865 2277 Feneramini
901 2223 987 2277 his
1012 2238 1041 2277 a
1065 2223 1261 2292 quibus
1288 2238 1394 2277 non
1417 2223 1648 2292 speratis
1677 2238 1765 2277 re—

159 2314 376 2383 cipere.
403 2332 422 2365 »
449 2311 732 2384 Sequitur,
761 2313 815 2368 in
848 2314 1009 2369 tertio
1052 2314 1262 2369 decimo
1305 2314 1462 2369 loco:
1498 2332 1515 2364 ι
1543 2314 1611 2367 Et
1645 2328 1764 2367 am-

158 2404 308 2473 plius
339 2419 446 2457 non
480 2405 771 2473 acceperit.
798 2423 816 2455 ι
875 2404 1072 2459 Putant
1115 2404 1334 2473 quidam
1379 2420 1599 2460 usuram
1651 2412 1767 2458 tan-

161 2502 283 2548 tum
313 2508 433 2549 esse
458 2494 511 2547 in
540 2495 789 2563 pecunia.
838 2493 991 2561 Quod
1038 2495 1339 2564 praevidens
1365 2493 1646 2563 Scriptura
1678 2493 1763 2547 di-

92 2580 95 2581 ⁷
161 2582 320 2647 vina,
353 2583 532 2638 omnis
563 2582 640 2637 rei
694 2580 874 2637 aufert
915 2582 1489 2653 superabundantiam,
1541 2590 1601 2635 ut
1644 2580 1765 2652 plus

165 2690 278 2729 non
318 2676 567 2744 recipias,
599 2690 760 2745 quam
795 2675 1009 2730 dedisti.
1044 2674 1230 2729 Solent
1259 2674 1314 2728 in
1336 2673 1481 2743 agris
1504 2662 1765 2728 frumenti

170 2773 232 2817 et
288 2764 457 2830 milii,
526 2766 636 2818 vini
714 2772 770 2819 et
840 2764 996 2830 olei,
1061 2773 1488 2833 ca-terarumque
1558 2764 1768 2833 specie-

166 2869 296 2907 rum
343 2869 521 2908 usurze
585 2854 761 2925 exigi,
799 2855 912 2910 sive
957 2863 1017 2908 ut
1057 2854 1293 2925 appellat
1335 2869 1514 2910 sermo
1552 2854 1764 2909 divinus

161 2944 534 2998 abundantiaz.
586 2942 745 2998 Verbi
798 2946 1002 3015 gratia,
1034 2952 1093 2997 ut
1158 2942 1347 2999 hiemis
1392 2952 1631 3013 tempore
1666 2944 1763 2997 de-

166 3049 294 3088 mus
346 3036 528 3089 decem
572 3036 800 3101 modios,
849 3045 904 3090 et
957 3037 1011 3090 in
1050 3050 1224 3091 messe
1254 3036 1577 3106 recipiamus
1607 3036 1767 3106 quin-

162 3126 368 3189 decim,
401 3126 500 3180 ltoc
528 3134 633 3191 est,
662 3125 892 3194 amplius
918 3134 1129 3194 partem
1156 3125 1408 3187 mediam,
1444 3126 1537 3194 qui
1573 3124 1763 3193 justis-

1870 1962 1974 2006 tur.
2011 1948 2077 2008 ’ln
2100 1961 2256 2008 sexto
2283 1954 2493 2009 decimo
2533 1953 2651 2009 loco
2676 1972 2687 2008 :
2724 1973 2742 2005 ι
2792 1953 2847 2007 1η
2871 1952 3154 2023 ρι’τέορβιίε
3181 1954 3316 2007 meis
3337 1956 3463 2006 am-

1869 2042 2177 2107 bulaverit;
2211 2062 2227 2094 ι
2264 2050 2319 2097 et
2340 2042 2390 2095 in
2414 2042 2621 2097 decimo
2645 2042 2911 2111 septimo:
2952 2059 2969 2091 α
3006 2039 3213 2097 Judicia
3240 2042 3353 2096 sive
3372 2040 3465 2111 juv

1869 2133 2224 2188 stificationes
2256 2147 2403 2187 meas
2449 2133 2781 2195 custodierit,
2828 2140 2886 2187 ut
2918 2130 3079 2185 faciat
3108 2146 3169 2186 ea
3208 2130 3459 2201 factaque

1868 2222 2157 2277 custodiat.
2191 2243 2208 2273 ι
2263 2222 2504 2289 Quorum
2554 2232 2841 2291 utrumque
2891 2221 3243 2291 multiplicem
3280 2205 3457 2275 .hal‘et

1868 2313 2299 2383 intelligentiam,
2344 2314 2388 2367 si
2436 2313 2661 2367 velimus
2693 2312 2873 2367 omnia
2916 2312 3048 2383 legis
3087 2310 3337 2365 mandata
3369 2323 3458 2363 re—

1866 2402 2087 2471 plicare,
2122 2403 2175 2456 in
2203 2404 2401 2471 quibus
2432 2412 2696 2473 przecepta
2730 2402 2961 2468 Domini,
3003 2410 3058 2458 et
3086 2401 3138 2456 in
3160 2400 3354 2471 quibus
3369 2396 3459 2469 ju-

1869 2495 2223 2549 stiﬁcatinnes
2247 2509 2366 2550 esse
2396 2494 2667 2549 dicuntur.
2718 2494 2913 2549 Plenus
2940 2502 3022 2549 est
3064 2500 3458 2563 praeceptorum

1868 2594 1925 2641 et
1959 2584 2408 2654 justificationum
2461 2600 2623 2640 cxvm
2675 2584 2936 2653 psalmus,
2988 2590 3046 2637 et
3083 2596 3148 2636 ex
3184 2590 3340 2651 parte
3366 2580 3460 2635 de-

1868 2676 2042 2755 cimus
2068 2685 2315 2741 octavus,
2344 2676 2396 2729 in
2450 2691 2558 2745 quo
2584 2675 2843 2744 scriptum
2872 2682 2956 2728 est
2987 2689 3001 2726 :
3039 2691 3057 2724 α
3088 2671 3319 2725 Iustitia:
3356 2670 3460 2725 Do-

1868 2768 2000 2822 mini
2032 2758 2196 2823 rectat
2236 2767 2571 2821 lzetiticantes
2622 2766 2822 2830 corda;
2850 2784 2867 2815 ι
2902 2771 2955 2818 et
2997 2781 3011 2816 :
3049 2781 3068 2813 σ
3123 2761 3456 2831 Praeceptum

1869 2859 2080 2913 Domini
2138 2858 2373 2913 lucidum
2426 2858 2731 2911 illuminans
2774 2854 2981 2910 oculos.
3006 2873 3025 2906 ι
3069 2853 3143 2907 ln~
3176 2867 3285 2923 quo
3314 2867 3459 2922 quae-

1868 2950 2008 3005 ritur
2036 2950 2305 3020 quomodo
2336 2948 2389 3001 in
2418 2948 2522 3001 hoc
2550 2945 2737 3000 eodem
2772 2944 3029 3015 propheta
3057 2940 3257 2997 dixerit
3283 2940 3455 2994 Deus:

1875 3060 1893 3091 ¢
1926 3041 2055 3095 Dedi
2082 3040 2161 3095 eis
2197 3038 2611 3110 justiflcationes
2644 3052 2751 3092 non
2794 3035 2983 3098 bonas,
3025 3033 3079 3087 in
3113 3032 3310 3103 quibus
3349 3046 3455 3087 non

1871 3131 2057 3184 vivant
2086 3131 2137 3183 in
2180 3130 2260 3185 eis
2291 3126 2641 3199 (131“th).
2666 3146 2685 3178 ι
2720 3124 3023 3193 Facilisque
3070 3122 3349 3193 responsio
3374 3132 3461 3176 est

163 3216 369 3270 simum
398 3229 453 3268 se
466 3216 757 3283 putaverit,
777 3224 1025 3283 quartam
1044 3213 1164 3285 plus
1186 3213 1413 3283 accipiet
1436 3214 1760 3284 portionem.

1870 3230 1923 3276 et
1948 3220 2157 3291 plenior
2179 3221 2231 3273 in
2262 3218 2736 3288 consequentibus,
2783 3230 2890 3270 non
2923 3215 3103 3270 vivere
3131 3213 3349 3268 Iudaeos
3369 3227 3454 3267 se-

162 3303 238 3357 El
286 3302 464 3356 solent
508 3301 877 3373 argumentari
919 3317 983 3357 ac
1013 3302 1230 3357 dicere:
1272 3303 1401 3357 Dedi
1433 3318 1598 3356 unum
1650 3318 1764 3357 mo-

165 3396 319 3449 dium
344 3395 435 3463 qui
461 3403 612 3448 satus
638 3393 756 3449 fecit
781 3392 967 3448 decem
992 3394 1216 3455 modios,
1237 3408 1415 3448 nonne
1426 3391 1633 3467 justtyn
1656 3400 1761 3458 est,

165 3495 231 3538 ut
264 3486 501 3539 medium
539 3484 776 3539 modium
802 3484 867 3539 de
897 3498 1021 3538 meo
1049 3483 1169 3553 plus
1196 3484 1479 3569 accipiam,
1522 3498 1645 3539 cum
1676 3485 1765 3539 ille

164 3591 290 3630 mea
329 3572 651 3629 liberalitate
696 3588 887 3629 novem
934 3582 989 3629 et
1033 3574 1199 3628 semis
1246 3574 1313 3629 de
1358 3587 1481 3627 meo
1528 3572 1765 3627 habeat?

170 3686 187 3717 ι
224 3665 400 3719 Nolite
420 3680 626 3730 errare,
659 3682 679 3716 ι
715 3664 889 3734 inquit
913 3660 1211 3733 Apostolus
1228 3660 1549 3735 (Galat.vt),
1572 3680 1590 3714 ι
1621 3664 1764 3719 Deus

165 3770 277 3809 non
310 3755 587 3809 irridetur.
616 3773 634 3805 ι
665 3753 1011 3824 Respondeat
1038 3755 1182 3809 enim
1231 3755 1474 3809 breviter
1504 3755 1658 3809 nobis
1686 3753 1765 3809 fe-

164 3856 394 3901 nerator
422 3844 733 3900 misericors
778 3853 961 3899 utrum
1014 3844 1237 3899 habenti
1287 3844 1497 3899 dederit
1543 3860 1612 3898 an
1655 3859 1763 3899 non

168 3937 439 3993 habenti?
474 3936 529 3991 Si
563 3936 783 3991 habenti
824 3936 1011 4006 utique
1054 3936 1184 3991 dare
1222 3951 1329 3990 non
1359 3936 1639 4000 debuerat,
1669 3936 1765 3990 sed

167 4030 323 4082 dedit
350 4028 503 4095 quasi
530 4042 633 4081 non
663 4028 904 4082 habenti.
929 4029 1071 4098 Ergo
1090 4043 1259 4097 quare
1282 4027 1401 4097 plus
1421 4027 1589 4099 exigit
1608 4029 1765 4097 quasi

167 4124 239 4175 ab
272 4120 544 4175 habente?
596 4120 697 4173 Alii
733 4134 833 4189 pro
862 4120 1087 4188 pecunia
1135 4119 1377 4175 fenerata
1423 4119 1599 4175 solent
1643 4134 1764 4174 mu-

167 4212 394 4267 nuscula
420 4212 665 4281 accipere
704 4211 901 4266 diversi
942 4225 1181 4282 generis,
1218 4220 1275 4266 et
1304 4226 1411 4267 non
1456 4210 1766 4282 intelligunt

170 4318 395 4358 usuram
424 4302 681 4372 appellari
709 4309 766 4355 et
811 4301 1361 4371 superabundantiam
1396 4302 1659 4372 quidquid
1702 4300 1765 4355 il-

170 4394 263 4447 lud
294 4402 397 4456 est,
448 4392 493 4446 si
539 4392 608 4445 ab
652 4404 738 4456 eo,
785 4391 928 4459 quod
975 4392 1224 4446 dederint
1268 4391 1388 4461 plus
1433 4392 1762 4460 acceperint.

171 4486 414 4551 Quartus
449 4483 689 4537 decimus
718 4482 956 4552 gradus:
994 4500 1012 4532 ι
1040 4481 1123 4537 Ab
1146 4482 1451 4551 iniquitate,
1481 4481 1578 4547 ait,
1611 4496 1766 4535 aver-

175 4578 305 4632 terit
333 4589 553 4629 manum
600 4588 786 4638 suam;
822 4594 840 4625 ι
867 4583 927 4627 ut
962 4574 1111 4628 omni
1161 4588 1324 4643 opere
1370 4571 1541 4643 fugiat
1568 4572 1765 4641 iniqui-

175 4679 363 4731 tatem,
400 4682 503 4721 non
530 4668 675 4721 enim
717 4665 888 4720 solum
938 4667 1203 4731 manibus,
1233 4665 1327 4720 sed
1365 4674 1419 4720 et
1448 4664 1568 4719 aliis
1596 4679 1766 4718 mem-

176 4765 289 4814 bris
322 4754 977 4826 committituriniquitas,
1010 4757 1223 4812 dicente
1254 4756 1581 4812 Salomone:
1612 4773 1631 4805 ι
1657 4754 1763 4808 lui-

174 4867 289 4921 qua-
319 4850 458 4905 labia
490 4864 521 4903 a
576 4859 628 4903 te
673 4848 861 4919 procul
913 4862 1129 4903 remove
1183 4845 1365 4917 (Prov.
1411 4846 1508 4918 tv).
1536 4865 1555 4898 ι
1609 4845 1675 4899 Ει
1711 4846 1763 4899 in

177 4943 406 4997 Psalmis
432 4960 445 4995 :
483 4962 500 5008 ᾳ
534 4942 875 5011 Iniquitatem
916 4940 969 4994 in
997 4940 1212 4995 excelso
1240 4940 1401 4995 locuti
1431 4948 1556 4993 sunt
1588 4935 1760 5009 (Psal.

177 5036 399 5105 usu)»
436 5032 537 5087 Pes
562 5047 777 5103 quoque
797 5039 968 5087 currit
999 5032 1063 5086 ad
1097 5030 1453 5099 iniquitatem,
1478 5038 1533 5082 et
1556 5027 1763 5091 oculus,

175 5127 226 5182 si
257 5125 488 5178 alienam
530 5123 810 5181 mulierem
859 5122 1232 5189 concupiscat,
1280 5134 1381 5174 nec
1407 5120 1476 5173 sit
1504 5118 1619 5186 ejus
1649 5118 1766 5171 imi—

181 5228 342 5281 tator,
388 5216 453 5270 de
489 5230 595 5284 quo
636 5216 868 5269 dicitur:
909 5231 926 5263 ι
981 5212 1327 5281 luiquitatem
1378 5226 1484 5265 non
1534 5210 1685 5273 fecit,
1715 5217 1767 5262 et

181 5312 333 5367 dolus
388 5325 492 5363 non
543 5310 791 5362 inventus
842 5316 928 5360 est
973 5306 1027 5359 in
1082 5319 1177 5359 ore
1232 5305 1347 5375 ejus
1379 5300 1710 5374 (1Ρείν.ιι).
1742 5320 1761 5351 ›

190 5402 337 5456 Unde
374 5407 429 5453 et
461 5400 525 5452 de
550 5398 734 5467 iniquo
762 5411 1066 5451 mammona
1089 5395 1342 5464 jubemur
1392 5392 1568 5445 facere
1612 5390 1767 5444 nobis

186 5494 405 5552 amicos,
454 5489 543 5559 qui
594 5488 693 5543 nos
741 5489 793 5542 in
849 5496 1052 5541 aeterna
1110 5486 1370 5555 recipiant
1422 5480 1765 5537 tabernacula

188 5582 334 5650 (Luc.
361 5582 491 5649 xvn).
517 5579 770 5646 Quintum
795 5578 1059 5633 decimum
1083 5585 1165 5630 est
1193 5594 1203 5628 :
1240 5593 1257 5625 ‹
1293 5574 1557 5629 Judicium
1580 5586 1765 5626 verum

186 5674 371 5728 fecerit
397 5672 535 5725 inter
567 5672 739 5723 virum
769 5679 823 5723 et
849 5670 1043 5733 virum,
1067 5687 1083 5718 ι
1115 5668 1226 5720 sive
1250 5666 1553 5734 proximum
1578 5679 1763 5728 suum;

187 5766 325 5822 oaod
355 5764 569 5818 videtur
600 5764 738 5816 idem
786 5776 997 5826 sonare,
1046 5760 1187 5829 quod
1231 5763 1482 5828 primum,
1516 5758 1605 5811 ubi
1632 5758 1766 5811 scri-

1865 3320 2094 3381 quentes
2139 3310 2477 3365 occidentem
2507 3308 2765 3371 litteram,
2806 3314 2861 3359 et
2894 3305 3075 3359 vivere
3119 3302 3463 3359 Christianos

1866 3402 2229 3471 intelligentes
2280 3401 2529 3469 spiritum
2572 3397 2956 3452 vivificantem.
3003 3396 3249 3466 Longum
3280 3402 3381 3459 est,
3410 3395 3459 3447 si

1864 3493 2197 3548 voluerimus
2238 3493 2469 3563 probare
2518 3490 2863 3563 testimoniis,
2917 3488 3007 3543 ubi
3061 3496 3322 3557 praecepta
3355 3486 3467 3541 Do-

1867 3585 1996 3639 mini
2025 3592 2081 3639 et
2110 3583 2199 3638 ubi
2233 3582 2648 3653 justillcationes
2697 3596 2817 3636 esse
2848 3580 3116 3643 dicantur,
3166 3587 3223 3632 et
3250 3578 3461 3648 quibus

1866 3674 2076 3741 singula
2104 3673 2187 3727 vel
2224 3672 2648 3735 diversitatibus,
2700 3670 2780 3724 vel
2811 3669 3233 3724 obscuritatibus
3277 3668 3457 3722 invol-

1864 3771 2085 3817 vantur.
2137 3761 2287 3817 Unde
2335 3769 2390 3816 et
2449 3761 2503 3815 in
2544 3760 2796 3831 praesenti
2847 3760 2966 3813 loco
2998 3759 3263 3814 infertur:
3299 3777 3319 3811 ι
3353 3759 3462 3814 llic

1858 3854 2039 3925 justus
2062 3859 2163 3917 est,
2188 3853 2299 3906 vita
2327 3852 2491 3915 vivet,
2540 3852 2615 3905 ait
2655 3851 2916 3906 Dominus
2960 3851 3163 3905 Deus.)
3213 3849 3316 3917 Qui
3344 3850 3468 3905 lucc

1865 3941 2058 3997 fecerit
2081 3950 2137 3997 et
2160 3941 2249 3995 illa
2274 3956 2381 3995 non
2416 3939 2627 4005 fecerit,
2672 3956 3010 4009 nequaquam
3039 3940 3292 4011 punietur
3325 3942 3466 3996 deli-

1865 4034 1970 4089 etis
1994 4034 2182 4102 patris,
2209 4032 2301 4087 sed
2327 4032 2439 4086 suis
2473 4032 2619 4086 vivet
2649 4031 2962 4087 virtutibus.

1941 4143 1959 4175 ι
1989 4122 2143 4190 Quod
2195 4122 2241 4178 si
2278 4122 2525 4193 genuerit
2572 4122 2738 4177 filium
2790 4122 3051 4177 latronem
3096 4121 3463 4178 effundentem

1870 4234 1889 4267 ι
1921 4214 2259 4284 sanguinem,
2291 4223 2344 4268 et
2379 4212 2572 4269 fecerit
2610 4228 2773 4267 unum
2805 4214 2872 4268 de
2904 4214 3041 4275 istis,
3078 4214 3132 4267 in
3171 4213 3257 4267 via
3284 4213 3463 4284 patris

1873 4324 1891 4357 ‹
1921 4306 2001 4361 sui
2042 4305 2172 4375 justi
2204 4320 2308 4359 non
2339 4303 2719 4367 ambulaverit,
2770 4312 2824 4358 et
2859 4305 2975 4359 haec
3018 4304 3234 4373 quidem
3276 4304 3459 4358 omnia

1874 4414 1893 4447 σ
1921 4411 2026 4450 non
2060 4395 2370 4457 facientem,
2420 4395 2513 4449 sed
2560 4394 2613 4448 in
2654 4394 2930 4450 montibus
2981 4394 3375 4458 comedentem,
3404 4402 3461 4449 et

1874 4506 1892 4537 ι
1925 4500 2150 4540 uxorem
2198 4484 2430 4555 proximi
2479 4485 2561 4538 sui
2611 4484 2961 4554 polluentem,
2993 4500 3220 4555 egenum
3247 4492 3302 4540 et
3325 4499 3460 4555 path

1876 4598 1894 4630 α
1924 4593 2107 4649 per-em
2153 4578 2591 4637 contristantem,
2628 4578 2928 4647 rapientem
2984 4577 3226 4647 rapinas,
3264 4576 3465 4647 pignus

1874 4690 1892 4721 σ
1920 4686 2025 4724 non
2063 4669 2399 4732 reddentem,
2425 4677 2479 4723 et
2512 4670 2577 4723 ad
2605 4668 2742 4723 idola
2783 4668 3047 4736 levantem
3085 4668 3270 4724 oculos
3306 4682 3461 4733 suos,

1873 4778 1891 4811 ι
1922 4760 2375 4814 abominationem
2424 4759 2735 4822 facientem,
2786 4760 2852 4813 ad
2906 4775 3127 4813 usuram
3164 4760 3379 4814 dantem
3404 4768 3465 4815 et

1875 4868 1893 4899 ι
1922 4848 2152 4919 amplius
2196 4849 2571 4919 accipientem,
2620 4849 2877 4917 numquid
2910 4850 3089 4905 vivet?
3136 4863 3246 4903 non
3288 4848 3456 4904 vivet.

1875 4959 1893 4991 ι
1925 4940 1992 4993 Et
2017 4954 2141 4994 cum
2166 4939 2420 4993 universa
2449 4939 2763 4992 detestanda
2788 4938 2902 4992 haec
2927 4936 3133 5002 fecerit,
3150 4945 3329 4992 morte
3347 4952 3462 4991 mo-

1878 5050 1895 5082 c
1927 5034 2115 5088 rietur.
2149 5031 2382 5101 Sanguis
2403 5031 2518 5101 ejus
2542 5031 2594 5084 in
2618 5030 2735 5099 ipso
2752 5030 2875 5085 erit.
2901 5048 2919 5082 ι
2954 5030 3202 5085 Dicamus
3222 5029 3457 5099 primum

1866 5125 2024 5193 juxta
2072 5124 2381 5185 historiam,
2413 5131 2472 5174 ut
2512 5121 2696 5175 sciatis
2756 5120 3066 5189 iniquitates
3107 5128 3317 5188 patrum
3349 5133 3456 5171 non

1872 5212 2171 5268 redundare
2215 5214 2280 5265 ad
2332 5210 2485 5264 filios.
2524 5210 2578 5263 Si
2605 5208 2782 5277 justus
2832 5208 3038 5269 fecerit,
3068 5221 3187 5275 quae
3211 5210 3459 5275 superior

1872 5318 2051 5358 sermo
2082 5317 2180 5371 per
2207 5300 2453 5356 ordinem
2506 5300 2695 5363 texuit,
2748 5300 2857 5351 vita
2904 5299 3067 5351 vivet.
3110 5296 3262 5362 Quod
3300 5296 3345 5350 si
3372 5311 3461 5364 ge-

1874 5395 2052 5450 nuerit
2084 5393 2250 5448 filium
2280 5392 2614 5447 recedentem
2641 5406 2669 5444 a
2693 5389 2903 5444 Domini
2928 5388 3185 5444 servitute
3212 5396 3267 5443 et
3284 5387 3457 5455 patris

1874 5488 2103 5541 virtutes
2126 5486 2271 5539 vitiis
2297 5492 2741 5545 commutantem,
2785 5490 2843 5533 ut
2882 5480 3047 5534 faciat
3078 5494 3199 5548 qua:
3227 5478 3315 5532 ille
3351 5491 3455 5529 non

1875 5578 2024 5641 fecit,
2050 5584 2107 5631 et
2144 5592 2247 5629 non
2291 5574 2453 5628 faciat
2491 5588 2610 5642 quae
2644 5572 2732 5625 ille
2756 5578 3007 5641 operatus
3053 5578 3157 5633 est,
3198 5566 3459 5635 numquid

1875 5668 2056 5721 vivere
2098 5664 2337 5735 poterit?
2375 5665 2534 5718 Certe
2569 5662 2881 5732 nonhvivet,
2911 5661 3004 5715 sed
3028 5661 3129 5714 erit
3171 5673 3293 5713 reus
3326 5671 3456 5711 sau-

1876 5759 2051 5829 guiuis
2087 5760 2187 5812 sui.
2220 5756 2387 5810 Porro
2412 5742 2563 5825 juxta
2602 5752 3003 5822 intelligentiam
3045 5749 3337 5819 spiritalem
3365 5746 3459 5814 ju-
