3936 6362
492 377 592 433 Ἠι
1169 378 1228 433 Β.
1273 377 1524 434 RAB.‘.N|
1562 378 1779 435 MAURI
1814 377 2134 435 ARCHIEP.
2179 377 2489 436 MOGUNT.
2530 379 2817 437 OPERUM
2850 381 3029 439 PARS
3068 382 3131 437 ll.
3680 383 3807 438 71‘2

488 504 608 549 stus
645 492 730 547 vir
775 492 1195 557 ecclesiasticus,
1234 493 1278 547 si
1326 492 1484 547 ﬁdem
1536 492 1899 563 evangelicam
1940 505 2076 559 prae-
2104 497 2151 552 Α
2180 490 2305 545 licet
2333 490 2459 558 quia
2508 488 2647 544 ﬁlius
2694 490 2829 545 bene
2859 499 3113 558 operatus
3159 498 3261 555 est,
3302 496 3356 544 et
3380 489 3556 559 patris
3586 488 3813 544 delicta

491 582 775 646 dicaverit,
814 591 867 637 et
916 582 1056 636 ﬁlius
1102 581 1218 651 ejus
1265 590 1426 651 atque
1481 582 1774 651 discipulus
1821 581 2077 636 haeretico
2182 598 2286 637 non
2316 580 2462 637 fecit.
2493 579 2812 651 Justumque
2840 588 3001 636 estut
3029 580 3301 650 quomodo
3327 587 3581 648 peccator
3608 579 3665 633 in
3689 590 3817 634 suo

491 674 655 729 fuerit
688 689 873 729 errore
912 674 1189 743 deceptus,
1219 675 1502 729 vocabitur
1537 673 1813 744 pestilens.
1856 673 1931 727 De
1971 688 2078 741 quo
2179 677 2384 733 scelere
2414 676 2666 740 moritur,
2710 675 2788 730 sic
2829 673 3010 743 justus
3043 674 3095 727 in
3128 674 3241 728 suis
3272 672 3420 725 vivat
3462 670 3811 725 virtutibus.

488 773 543 818 et
607 764 659 817 in
709 763 884 833 primo
938 763 1147 833 psalmo
1196 764 1558 818 describitur:
1589 782 1607 815 ι
1639 764 1705 817 Ει
1733 763 1785 817 in
1820 764 2078 819 cathedra
2180 768 2246 822 Et
2278 766 2545 823 moriatur
2592 766 2772 819 anima
2817 781 2937 833 quae
2993 764 3319 833 peccaverit,
3368 771 3422 817 et
3466 762 3612 815 vivat
3665 776 3817 831 qua:

488 856 809 926 pestilentia:
879 871 983 911 non
1036 857 1213 923 sedit;
1265 877 1283 909 ι
1345 864 1401 912 et
1461 857 1514 911 in
1580 856 1889 911 Proverbiis
1950 871 2079 911 con-
2177 868 2440 929 prmcepta
2474 858 2567 912 Dei
2592 856 2923 911 custodierit.

488 946 659 1002 ﬁdens
694 954 748 1001 et
791 961 991 1016 procax
1023 954 1075 1000 et
1122 947 1404 1015 superbus,
1456 946 1711 1015 pestilens
1755 946 2073 1017 appellatur.
2255 969 2272 1001 ι
2304 949 2398 1004 Sin
2426 959 2608 1003 autem
2633 947 2828 1015 impius
2848 945 3015 1016 egerit
3040 944 3410 1013 pmnitcntiam
3437 942 3504 995 ab
3528 940 3815 994 omnibus

488 1035 594 1092 Iste
620 1035 845 1091 effundit
890 1038 1205 1103 sanguinem
1248 1037 1616 1104 deceptorum,
1649 1045 1702 1091 et
1731 1037 1909 1089 omnia
1941 1036 1993 1088 in
2019 1050 2077 1089 se
2184 1062 2201 1091 ι
2234 1042 2472 1111 peccatis
2494 1042 2625 1102 suis,
2658 1054 2777 1109 qua:
2805 1045 3060 1108 operatus
3092 1044 3192 1098 est,
3226 1045 3281 1089 ct
3302 1033 3620 1089 custodierit
3661 1032 3814 1085 uni-

484 1137 706 1199 peccata
744 1130 1108 1200 congeminat,
1140 1132 1427 1185 comedens
1473 1131 1526 1183 in
1570 1128 1843 1183 montibus
1885 1143 2077 1197 super-
2184 1152 2200 1184 ε
2233 1149 2388 1187 versa
2416 1140 2685 1202 prtecepta
2717 1146 2858 1195 mea,
2906 1139 2956 1184 et
2994 1128 3181 1183 fecerit
3213 1127 3480 1198 judicium
3524 1136 3578 1181 et
3614 1124 3813 1193 justi-

486 1219 608 1284 bite,
661 1226 715 1274 et
757 1218 1043 1274 ecclesiam
1091 1219 1323 1288 proximi
1359 1218 1441 1272 sui
1490 1217 1752 1288 polluctus,
1787 1232 1985 1287 egenos
2021 1227 2061 1271 e1

2183 1243 2200 1275 ι
2238 1222 2532 1289 ιίειῐη,’νὶιει
2580 1223 2746 1288 vivet,
2783 1230 2837 1277 et
2887 1237 2991 1276 non
3040 1221 3321 1277 morietur.
3362 1219 3615 1275 Omnium
3683 1218 3809 1272 ini-

483 1324 751 1381 pauperes
797 1312 849 1365 in
897 1310 1124 1365 scientia
1159 1310 1546 1377 scripturarum
1584 1308 1934 1371 contristaris,
1981 1322 2076 1376 op-
2182 1332 2199 1363 ι
2229 1313 2495 1383 quitatum
2516 1314 2651 1383 ejus,
2686 1328 2821 1383 quas
2848 1321 3102 1382 operatus
3132 1320 3233 1369 e..t.
3278 1327 3384 1366 non
3430 1309 3805 1371 recordabar,

479 1402 723 1471 primens
750 1399 1296 1472 atquefsupplantans,
1315 1399 1557 1468 rapinam
1576 1398 1810 1467 rapiens,
1826 1406 1923 1452 eos
1940 1413 2075 1466 quos
2182 1424 2199 1456 ο
2230 1406 2282 1460 in
2303 1404 2513 1473 justitia
2542 1418 2640 1460 sua
2670 1419 2833 1474 quam
2863 1412 3121 1474 operatus
3149 1412 3232 1456 est
3254 1403 3420 1457 vivet.
3448 1423 3466 1454 ι
3500 1400 3805 1469 (Ηὶει-οιι.)

480 1490 547 1545 de
562 1489 788 1545 ecclesia
813 1490 1106 1544 seduxerit.
1135 1487 1334 1559 Pignus
1353 1503 1457 1542 non
1480 1488 1728 1551 reddens,
1744 1487 1887 1555 quod
1907 1501 1937 1539 a
1956 1503 2072 1540 ma-
2174 1494 2230 1548 ln
2250 1503 2477 1559 tantum,
2493 1494 2589 1559 ait,
2604 1502 2827 1563 peccata
2851 1500 3065 1563 patrum
3080 1494 3145 1547 ad
3162 1492 3297 1547 ﬁlios
3318 1508 3424 1546 non
3448 1491 3803 1555 redundant,

480 1579 650 1647 sistro
695 1585 1002 1647 acceperat.
1045 1585 1103 1631 ιιι
1152 1577 1399 1645 impleret
1444 1575 1584 1645 quod
1634 1576 1895 1645 Scriptum
1954 1584 2070 1631 est:
2173 1583 2502 1653 necjustum
2545 1583 2714 1639 ﬁlium
2744 1583 3037 1640 sceleratus
3061 1591 3366 1654 praegravat
3394 1590 3566 1652 pater,
3595 1594 3805 1649 neque

485 1688 501 1721 ί
522 1669 703 1725 Graiis
731 1670 1034 1738 θεοερίεῑίδν
1057 1670 1225 1741 Κτίδιίδ
1243 1667 1594 1736 ἀειεωαιιιι-
1614 1670 1688 1738 Χ)ο
1714 1686 1731 1717 ³
1752 1667 1818 1721 Et
1838 1668 1904 1721 ad
1931 1667 2072 1721 ίάοιει
2175 1677 2263 1731 alii
2295 1692 2391 1746 pro
2416 1676 2645 1731 aliorum
2695 1675 2992 1731 sceleribus
3043 1677 3360 1745 puniuntur,
3392 1683 3451 1727 ut
3492 1674 3605 1742 ipse
3633 1687 3806 1727 unus

479 1774 642 1835 atque
658 1766 1105 1835 simulacra,qute
1118 1764 1183 1819 de
1199 1779 1296 1818 suo
1310 1763 1473 1819 corde
1490 1762 1660 1825 ﬁnxit,
1680 1762 1867 1817 levans
1887 1761 2073 1817 oculos
2101 1839 2128 1841 _
2175 1778 2336 1839 atque
2366 1771 2528 1836 idem,
2556 1770 2648 1841 qui
2674 1769 2826 1840 prius
2855 1770 3052 1841 impius
3098 1768 3200 1823 fuit
3227 1777 3390 1836 atque
3424 1774 3705 1837 peccator.
3737 1763 3801 1817 si

476 1872 625 1922 suos,
661 1865 991 1926 cunctasque
1016 1855 1221 1911 faciens
1248 1854 1696 1917 abominationes,
1737 1861 1792 1906 et
1836 1854 1970 1907 dans
2000 1851 2066 1906 ad
2098 1839 2144 1897 Β
2171 1866 2359 1927 postea
2384 1839 3003 1928 egerit'pmuitentiam,
3033 1868 3087 1911 et
3129 1856 3193 1911 ad
3224 1856 3445 1912 meliora
3477 1869 3800 1911 conversus

479 1962 697 2001 usuram
719 1947 1024 2016 pecuniam,
1056 1953 1116 1999 ut
1142 1960 1381 2000 errorem
1412 1943 1653 2013 magistri
1680 1940 2067 2011 discipulorum

477 2045 674 2109 augeat
705 2037 1004 2108 diligentia,
1036 2044 1091 2090 et
1127 2044 1378 2104 repetens
1402 2034 1470 2087 ab
1496 2034 1601 2097 his,
1647 2032 1843 2102 quibus
1877 2030 2067 2085 tribuit

474 2129 727 2200 amplius,
755 2144 914 2199 quam
937 2127 1175 2182 dederat.
1205 2125 1365 2181 Certe
1390 2140 1496 2180 non
1517 2124 1733 2195 poterit,
1760 2123 1857 2177 sed
1884 2123 1938 2176 in
1968 2136 2065 2177 suo

473 2219 735 2291 sanguine
758 2219 1039 2273 morietur.

550 2332 569 2363 ι
598 2311 750 2381 Quod
790 2312 833 2368 si
863 2311 1109 2382 genuerit
1152 2309 1346 2375 ﬁlium,
1382 2309 1473 2379 qui
1523 2308 1713 2362 videns
1736 2308 1915 2361 omnia
1942 2321 2066 2375 pec—

480 2423 499 2454 ς
528 2411 649 2459 cata
681 2402 851 2473 patris
889 2402 971 2456 sui
999 2416 1121 2471 quae
1149 2400 1296 2465 fecit,
1330 2400 1573 2454 timuerit
1617 2407 1671 2452 ct
1710 2411 1814 2451 nou
1854 2395 2062 2461 fecerit,

477 2513 495 2544 c
524 2486 776 2548 similiter
805 2506 970 2560 super
1016 2500 1227 2545 montes
1273 2506 1380 2543 non
1430 2487 1746 2553 comederit,
1798 2496 1853 2542 et
1882 2486 2067 2541 oculos

474 2603 495 2635 α
524 2595 650 2637 suos
671 2597 776 2637 non
806 2579 1067 2635 levaverit
1087 2580 1154 2633 ad
1180 2578 1319 2633 idola
1341 2579 1532 2633 domus
1558 2576 1746 2637 Israel,
1769 2584 1822 2630 et
1840 2590 2064 2633 uxorem

478 2692 497 2725 ι
526 2672 759 2745 proximi
798 2672 880 2727 sui
916 2688 1021 2727 non
1069 2670 1366 2731 violaverit,
1406 2679 1461 2724 et
1499 2670 1673 2723 virum
1717 2683 1821 2722 non
1865 2667 2067 2721 contri-

477 2782 495 2815 ι
524 2762 769 2829 staverit,
792 2763 986 2833 pignus
1008 2777 1113 2816 non
1142 2760 1443 2823 retinuerit,
1474 2768 1530 2813 et
1552 2758 1797 2828 rapinam
1838 2773 1942 2812 non
1972 2773 2064 2810 ra-

480 2855 722 2925 apuerit,
766 2868 962 2925 panem
1008 2868 1163 2909 suum
1214 2852 1470 2907 esurienti
1502 2852 1727 2916 dederit,
1764 2860 1817 2905 et
1864 2850 2063 2905 nudum

474 2966 491 2997 ι
523 2945 797 3017 operuerit
823 2946 1161 3010 vestimento,
1215 2958 1244 2997 a
1292 2943 1545 3012 pauperis
1575 2940 1768 3009 injuria
1808 2942 2064 2997 averterit

472 3056 493 3088 ‹
523 3051 741 3091 manum
768 3051 941 3101 suam,
989 3050 1206 3091 usuram
1253 3043 1307 3089 et
1353 3035 1901 3103 superabundantiam
1956 3049 2060 3088 non

472 3146 491 3177 ι
524 3127 810 3196 acceperit,
853 3126 1052 3197 judicia
1095 3141 1211 3181 mea
1256 3125 1463 3192 fecerit,
1512 3127 1564 3179 in
1610 3126 1895 3195 praeceptis
1926 3127 2059 3180 meis

474 3236 494 3265 ι
524 3216 899 3279 ambulaverit,
930 3218 1013 3270 hic
1042 3233 1143 3270 non
1188 3217 1447 3271 morietur
1480 3218 1530 3270 in
1577 3218 1861 3286 iniquitate
1893 3218 2063 3286 patris

476 3327 494 3359 ι
522 3309 626 3373 sui,
653 3309 746 3363 sed
779 3308 885 3362 vita
910 3309 1073 3361 vivet.
1101 3308 1259 3361 Pater
1287 3309 1402 3378 ejus
1426 3309 1548 3378 quia
1574 3308 1932 3363 calumniatus
1958 3316 2061 3372 est,

479 3421 497 3454 ι
525 3414 581 3459 et
612 3405 720 3458 vim
746 3402 871 3459 fecit
903 3404 1055 3458 fratri
1097 3415 1153 3459 et
1184 3405 1379 3460 malum
1411 3416 1664 3475 operatus
1695 3416 1778 3461 est
1806 3409 1855 3460 in
1886 3409 2063 3463 medio

475 3515 494 3547 ι
523 3496 703 3566 populi
750 3496 853 3562 sui,
909 3497 998 3551 hic
1048 3507 1294 3552 mortuus
1340 3506 1422 3552 est
1471 3498 1521 3550 in
1569 3498 1850 3568 iniquitate
1899 3514 2057 3551 sua.»

408 3614 409 3617 η
468 3588 742 3659 (Ηὶενοη.)
780 3589 909 3654 Nec,
958 3590 1151 3659 inquit,
1198 3591 1485 3653 miremini,
1533 3591 1575 3645 si
1601 3591 1728 3660 justi
1775 3591 1875 3644 viri
1924 3591 2063 3647 ﬁlius

466 3679 745 3735 declinans
764 3678 831 3733 ad
856 3680 983 3734 vitia
1004 3688 1165 3750 atque
1187 3689 1405 3750 peccata
1433 3690 1605 3735 morte
1631 3681 1912 3745 moriatur,
1932 3696 2056 3735 cum

467 3782 502 3824 e
526 3770 801 3825 contrario
826 3769 967 3825 ﬁlius
1010 3771 1313 3841 peccatoris
1357 3780 1411 3827 et
1456 3772 1606 3840 impii
1643 3773 1688 3827 si
1718 3773 1913 3827 viderit
1940 3788 2063 3843 per-

471 3861 785 3916 versitatem
812 3862 1021 3916 viarum
1035 3877 1103 3931 pa
1112 3862 1206 3916 tris
1220 3863 1325 3925 sui,
1339 3870 1394 3915 et
1407 3863 1734 3917 converterit
1748 3878 1828 3928 se,
1845 3870 1903 3917 ut
1922 3864 2059 3918 mala

472 3968 579 4008 non
604 3951 785 4018 faciat,
807 3962 862 4008 et
888 3952 1051 4009 faciat
1075 3955 1239 4017 bona,
1269 3970 1393 4009 reus
1418 3963 1767 4023 paternorum
1799 3956 2061 4011 scelerum

475 4057 578 4097 nou
611 4050 875 4097 teneatur.
931 4042 1084 4109 Quod
1124 4053 1178 4098 et
1214 4043 1265 4097 in
1317 4042 1472 4098 nobis
1506 4044 1675 4113 accipi
1720 4051 1919 4113 potest,
1964 4059 2061 4113 pro

474 4130 671 4201 quibus
710 4133 763 4187 in
792 4131 1022 4188 Psalmis
1048 4133 1279 4189 dicitur:
1310 4151 1328 4183 ‹
1374 4134 1532 4198 Audi,
1568 4134 1698 4198 ﬁlia,
1738 4143 1793 4191 et
1834 4134 1977 4199 vide,
2007 4144 2062 4191 et

474 4223 670 4278 inclina
700 4240 884 4279 aurem
928 4233 1093 4288 tuam,
1147 4234 1203 4281 et
1229 4225 1546 4281 obliviscere
1591 4227 1845 4297 populum
1887 4238 2058 4291 tuum,

472 4324 532 4369 et
554 4317 771 4370 domum
816 4316 983 4386 patris
1031 4316 1139 4370 tui:
1170 4324 1225 4371 et
1278 4316 1625 4386 concupiscet
1668 4332 1761 4371 rex
1810 4317 2058 4372 decorem

477 4413 631 4460 tuum
659 4403 834 4477 (Paul.
858 4406 1025 4477 xciv).
1048 4427 1067 4459 ι
1098 4406 1167 4461 Et
1194 4406 1285 4477 qui
1310 4407 1375 4462 de
1414 4409 1653 4477 gentium
1681 4424 1865 4465 sumus
1895 4411 2061 4479 stirpe

472 4496 736 4565 generati,
768 4505 827 4550 ut
870 4496 1237 4567 relinquamus
1284 4507 1568 4568 parentum
1602 4500 1852 4563 crimina,
1898 4509 1951 4555 et
1977 4500 2061 4555 fa-

475 4585 680 4643 ciamus
695 4587 956 4657 judicium
983 4596 1039 4642 et
1072 4587 1358 4657 justitiam,
1398 4595 1453 4643 et
1481 4588 1723 4644 vivamus
1752 4590 1801 4643 in
1830 4606 1914 4644 ea.
1950 4591 2058 4646 Re-

473 4676 607 4745 petit
642 4676 842 4745 itaque,
870 4691 1006 4744 .qute
1050 4690 1211 4744 supra
1255 4676 1417 4731 latius
1451 4679 1722 4746 prosecuti
1772 4694 1979 4745 sumus,
2009 4690 2064 4735 et

478 4768 600 4822 ideo
627 4766 869 4826 brevitas
886 4774 1081 4821 cuncta
1107 4767 1490 4836 percurrimus,
1523 4768 1586 4821 ad
1614 4768 1700 4822 illa
1725 4784 1845 4838 qua:
1869 4770 2063 4824 obscu—

477 4856 617 4910 riora
654 4864 711 4912 et
734 4871 872 4909 nova
900 4864 1023 4909 sunt
1048 4857 1277 4911 transire
1300 4859 1594 4925 cupientes.

553 4962 571 4993 ι
601 4944 671 4999 Et
697 4944 897 5009 dicitis,
927 4944 1105 5011 Quare
1141 4960 1245 4999 non
1284 4946 1517 5014 portabit
1553 4948 1691 5001 ﬁlius
1722 4948 2059 5017 iniquitatem

482 5051 499 5083 ι
531 5034 736 5104 patris?
782 5035 1026 5090 videlicet
1077 5036 1200 5105 quia
1232 5036 1372 5091 ﬁlius
1404 5038 1665 5104 judicium
1706 5047 1760 5093 et
1796 5040 2059 5109 justitiam

483 5143 499 5173 ι
532 5134 785 5192 operatus
814 5132 913 5186 est,
948 5125 1127 5179 omnia
1180 5134 1445 5195 praecepta
1501 5142 1619 5180 mea
1668 5128 1974 5193 custodivit,
2009 5138 2065 5184 et

482 5234 499 5263 ι
535 5213 660 5269 fecit
707 5214 817 5279 illa,
868 5215 977 5269 vita
1024 5215 1188 5271 vivet.
1216 5216 1406 5269 Anima
1452 5232 1571 5285 qua:
1610 5219 1917 5286 peccaverit
1945 5219 2062 5288 ipsa

482 5324 499 5357 ι
527 5306 808 5367 morietur,
844 5304 986 5358 ﬁlius
1017 5320 1121 5359 non
1162 5306 1396 5373 portabit
1423 5308 1759 5375 iniquitatem
1786 5307 1973 5377 patris,
2007 5316 2063 5362 et

481 5413 500 5446 ι
527 5404 680 5467 pater
709 5394 1044 5464 iniquitatem
1075 5394 1190 5449 lilii.
1216 5394 1431 5450 Justitia
1448 5393 1577 5463 justi
1605 5412 1767 5467 super
1793 5412 1915 5451 eum
1936 5398 2054 5463 erit,

477 5504 499 5536 ‹
528 5494 585 5541 et
615 5485 863 5554 impietas
894 5486 1041 5555 impii
1084 5487 1187 5540 erit
1234 5500 1394 5554 super
1448 5486 1616 5541 illum.
1648 5507 1667 5540 ι
1715 5487 1885 5541 Solvit
1916 5505 2061 5559 quaa-

474 5576 723 5640 stionem,
751 5592 911 5646 quam
934 5595 965 5632 e
985 5578 1259 5632 contrario
1287 5587 1495 5647 poterat
1518 5578 1732 5634 auditor
1768 5595 2059 5650 opponere.

476 5665 697 5731 Soletis,
726 5667 822 5733 ait,
853 5668 1029 5722 dicere
1056 5685 1067 5721 :
1098 5682 1267 5737 quare
1304 5668 1445 5722 ﬁlius
1477 5668 1656 5737 justus
1696 5685 1799 5724 non
1823 5673 2060 5739 portabit

472 5755 810 5826 iniquitatem
851 5758 1056 5827 patris?
1099 5758 1178 5812 Ad
1234 5775 1353 5829 qua!
1390 5760 1503 5827 ipse
1534 5764 1820 5831 respondet
1854 5780 1865 5815 :
1896 5760 2059 5818 Vide-

2168 1950 2396 2021 pristina
2439 1959 2662 2020 peccata
2710 1940 2990 2014 deleverit,
3047 1965 3152 2004 non
3195 1948 3467 2019 judicetur
3498 1953 3800 2002 vetustate

2167 2039 2398 2109 peccati,
2456 2039 2551 2093 sed
2596 2040 2648 2093 in
2702 2054 2882 2093 meum
2923 2039 3216 2108 recipiatur
3250 2052 3486 2109 gregem,
3545 2038 3797 2091 innova-

2169 2129 2313 2184 tione
2345 2130 2582 2185 virtutis.
2612 2128 2893 2199 Simulque
2924 2130 3375 2184 considerandum
3412 2128 3627 2198 qualem
3663 2130 3787 2182 im-

2166 2221 2311 2289 pium
2337 2231 2391 2275 et
2412 2228 2753 2289 peccatorem
2782 2219 3042 2289 suscipiat
3062 2220 3433 2289 preniteutem.
3468 2216 3523 2271 Si
3554 2218 3621 2271 ab
3646 2234 3788 2272 om-

2167 2313 2347 2376 nibus,
2382 2313 2580 2383 inquit,
2607 2313 2845 2382 peccatis
2883 2312 3011 2374 suis,
3046 2326 3167 2381 quae
3189 2321 3442 2381 operatus
3468 2319 3569 2374 est,
3608 2325 3791 2364 aver-

2169 2403 2387 2467 teritse,
2406 2410 2458 2456 et
2486 2402 2803 2457 custodierit
2834 2402 3083 2456 universa
3099 2411 3370 2472 praecepta
3385 2400 3615 2455 Domini.
3652 2400 3789 2467 Quo

2168 2495 2371 2550 scilicet
2414 2495 2595 2547 omnia
2640 2493 2867 2548 crimina
2919 2494 3281 2563 derelinquat,
3310 2500 3363 2547 et
3402 2501 3626 2548 cunctas
3658 2493 3785 2546 vir-

2171 2594 2311 2640 tutes
2340 2594 2615 2654 sequatur.
2644 2584 2700 2638 Si
2726 2584 2908 2638 omnia
2938 2584 3075 2638 bona
3121 2583 3327 2647 fecerit,
3358 2590 3411 2637 et
3448 2592 3643 2636 cuncta
3673 2582 3783 2637 de-

2169 2677 2398 2731 seruerit
2427 2674 2587 2739 mala,
2615 2687 2669 2729 et
2690 2688 2788 2745 ego
2817 2674 3057 2729 omnium
3090 2673 3432 2742 iniquitatum
3464 2671 3599 2740 ejus,
3626 2687 3780 2742 quas

2168 2752 2420 2838 cperatus
2449 2774 2533 2821 est
2566 2766 2875 2829 obliviscar,
2906 2784 2923 2816 ι
2954 2766 3007 2819 in
3050 2765 3254 2835 justitia
3284 2780 3403 2829 sua,
3429 2779 3588 2833 quam
3630 2778 3774 2832 ope-

2168 2869 2318 2913 ratus
2341 2868 2420 2913 est
2450 2859 2609 2921 vivet,
2635 2877 2653 2909 o
2688 2874 2792 2911 non
2838 2866 2945 2912 tam
2978 2872 3115 2921 mea,
3150 2870 3311 2926 quam
3356 2871 3453 2911 sua
3494 2854 3637 2909 vivet
3670 2853 3770 2922 ju-

2166 2949 2333 3014 stitia,
2382 2948 2508 3002 licet
2537 2947 2761 3017 justitia:
2795 2961 2925 3002 mea:
2972 2946 3043 3002 sit
3092 2946 3245 3001 bonis
3298 2946 3460 3011 bona,
3501 2953 3555 3000 et
3600 2942 3771 2999 malis

2165 3038 2305 3093 mala
2330 3038 2575 3093 reddere.

2245 3149 2263 3183 ι
2291 3130 2557 3199 NumquiJ
2589 3128 2881 3183 voluntatis
2932 3144 3065 3183 mea:
3114 3136 3198 3182 est
3228 3141 3373 3182 mors
3423 3126 3590 3197 impii,
3628 3126 3765 3181 dicit

2090 3187 2135 3247 δ
2174 3240 2191 3271 ι
2221 3220 2481 3275 Dominus
2519 3221 2683 3283 Deus,
2712 3228 2765 3274 et
2796 3234 2901 3273 non
2932 3226 2991 3272 ut
3039 3225 3387 3273 convertatur
3425 3232 3455 3271 a
3488 3217 3589 3272 viis
3620 3217 3761 3280 suis,

2172 3331 2190 3364 ι
2220 3320 2276 3367 et
2322 3312 2506 3366 vivat?
2537 3330 2554 3363 ι
2593 3309 2864 3381 (Πίον-οη.)
2916 3309 3058 3381 Ergo
3094 3308 3304 3363 Domini
3352 3307 3646 3362 voluntatis
3676 3316 3764 3361 est

2166 3419 2357 3460 omnes
2384 3402 2561 3458 salvos
2593 3403 2710 3457 ﬁeri
2762 3412 2819 3455 et
2864 3402 2930 3456 ad
2981 3400 3228 3455 notitiam
3268 3400 3511 3454 veritatis
3550 3398 3759 3453 venire.

2168 3495 2505 3563 Ubicumque
2535 3502 2715 3547 autem
2750 3492 2842 3546 Dei
2890 3492 3101 3546 videtur
3143 3505 3332 3544 severa
3371 3497 3425 3543 et
3454 3488 3762 3544 truculenta

2164 3585 2451 3649 sententia,
2486 3598 2590 3638 non
2627 3582 2893 3647 homines,
2932 3581 3023 3636 sed
3055 3590 3275 3650 peccata
3304 3581 3648 3633 condemnat.

2242 3695 2259 3725 ι
2292 3674 2350 3731 Si
2396 3685 2577 3729 autem
2624 3674 2883 3729 averterit
2937 3688 2996 3729 se
3028 3672 3207 3742 justus
3235 3688 3265 3725 a
3307 3671 3519 3739 justitia
3574 3685 3674 3725 sua
3700 3679 3760 3724 et

2169 3784 2187 3817 ι
2218 3764 2409 3821 fecerit
2435 3765 2775 3834 iniquitatem
2798 3764 3089 3819 secundum
3111 3778 3302 3818 omnes
3326 3761 3762 3816 abontinationes

2169 3876 2187 3910 ‹
2216 3875 2353 3929 quas
2374 3858 2585 3927 operari
2619 3858 2759 3912 solet
2785 3856 3003 3925 impius,
3037 3854 3299 3924 numquid
3331 3852 3503 3907 vivet?
3564 3866 3757 3905 omnes

2168 3966 2186 3998 (
2212 3948 2434 4017 justitia:
2477 3948 2615 4016 ejus,
2646 3963 2782 4016 quas
2820 3946 3021 4001 fecerat
3052 3960 3155 3999 nou
3202 3953 3359 3999 erunt
3387 3944 3439 3997 in
3470 3942 3752 4005 memoria,

2168 4056 2186 4089 ι
2216 4037 2270 4090 in
2317 4036 2786 4105 praevaricatione,
2842 4050 2947 4104 qua
3008 4033 3393 4102 praevaricatus
3444 4039 3547 4095 est,
3604 4040 3661 4084 et
3698 4031 3753 4085 in

2169 4147 2187 4179 ι
2219 4136 2435 4197 peccato
2488 4142 2609 4192 suo,
2660 4142 2767 4195 quo
2817 4126 3080 4197 peccavit,
3130 4126 3184 4179 in
3231 4124 3362 4193 ipsis
3411 4124 3695 4178 morietur.
3728 4143 3746 4176 ι

2163 4219 2432 4291 (Ηὶενοη.)
2475 4218 2629 4274 Sicut
2662 4219 2869 4289 justum
2898 4227 3057 4274 antea
3084 4230 3431 4287 peccatorem
3478 4233 3585 4271 non
3614 4234 3747 4287 pra:-

2162 4321 2392 4381 gravant
2422 4312 2644 4381 antiqua
2696 4310 2912 4377 delicta,
2962 4310 3042 4365 sic
3080 4318 3442 4378 peccatorem,
3478 4309 3569 4378 qui
3599 4310 3751 4379 prius

2157 4402 2335 4472 justus
2366 4401 2548 4467 fuerit,
2580 4416 2686 4455 non
2707 4402 2900 4471 juvant
2928 4411 3140 4457 veteres
3156 4401 3414 4472 justitim:
3444 4401 3747 4472 Unusquis-

2090 4524 2139 4583 Ι)
2164 4505 2270 4561 que
2291 4492 2458 4556 enim,
2491 4492 2544 4544 in
2573 4505 2679 4559 quo
2715 4492 3036 4555 invenietur,
3066 4491 3118 4545 in
3155 4490 3587 4561 eejudicabitur.

2242 4601 2261 4633 ι
2295 4583 2362 4637 Et
2385 4582 2632 4636 dixistis:
2676 4580 2791 4637 Non
2837 4590 2922 4637 est
2954 4598 3107 4652 aequa
3142 4584 3229 4637 via
3272 4581 3502 4636 Domini.
3552 4581 3747 4637 Audite

2171 4689 2189 4721 ι
2219 4672 2408 4727 domus
2435 4670 2597 4726 lsrael
2624 4689 2636 4723 :
2670 4670 2938 4739 Numquid
2976 4672 3062 4725 via
3090 4687 3211 4727 mea
3244 4687 3350 4726 non
3381 4680 3462 4726 est
3488 4684 3662 4740 aequa,
3691 4678 3746 4726 et

2170 4779 2188 4811 ι
2219 4776 2325 4815 non
2373 4762 2546 4831 magis
2592 4759 2694 4815 viae
2750 4769 2943 4815 vestrae
2987 4776 3165 4830 prava:
3216 4761 3389 4816 sunt?
3419 4780 3437 4813 ι
3476 4758 3744 4831 (Ηίετοη.)

2165 4850 2363 4905 Reddit
2404 4865 2617 4915 causas,
2679 4866 2847 4919 quare
2896 4850 3107 4905 Domini
3146 4852 3292 4920 justa
3337 4851 3607 4904 sententia
3652 4853 3739 4903 sit.

2166 4942 2373 4997 Putatis
2394 4958 2501 5005 me,
2541 4943 2637 5008 ait,
2665 4944 2925 5013 iniquum,
2950 4955 3010 4997 ut
3037 4953 3257 5013 peccata
3280 4951 3494 5011 patrum
3524 4942 3742 4996 reddam

2166 5032 2310 5097 ﬁliis,
2337 5043 2392 5087 et
2429 5033 2549 5088 aliis
2574 5034 2976 5088 comedentibus
3004 5048 3161 5086 uvam
3200 5033 3472 5097 acerbam,
3519 5032 3743 5085 aliorum

2166 5124 2355 5177 dentes
2371 5124 2779 5193 obstupescant?
2802 5124 2939 5179 Ecce
2958 5123 3326 5193 unusquisque
3340 5123 3392 5176 in
3407 5130 3627 5192 peccato
3650 5137 3743 5174 suo

2165 5216 2414 5280 moritur,
2442 5226 2497 5270 et
2526 5217 2579 5269 in
2610 5232 2703 5271 sua
2724 5217 2933 5286 justitia
2960 5215 3280 5280 viviﬁcatur,
3309 5214 3360 5268 in
3387 5224 3615 5282 utroque
3639 5231 3740 5266 non

2164 5306 2457 5377 prieterita,
2496 5306 2590 5359 sed
2624 5308 2906 5375 prteseutia
2930 5305 3263 5375 judicantur.
3291 5304 3430 5371 Quin
3454 5304 3635 5374 potius
3657 5320 3741 5357 ve-

2167 5404 2280 5449 stra
2303 5394 2485 5464 iniqua
2515 5397 2913 5461 est'sententia,
2946 5397 3039 5467 qui
3067 5397 3265 5465 putatis
3294 5395 3603 5466 parabolam
3640 5412 3739 5449 non

2166 5507 2285 5547 esse
2308 5491 2639 5560 parabolam,
2667 5494 2757 5547 sed
2789 5494 2866 5547 sic
2889 5508 3006 5547 eam
3036 5494 3300 5563 accipitis,
3329 5494 3482 5562 quasi
3507 5491 3741 5547 historiae

2166 5584 2483 5645 veritatem,
2559 5596 2618 5640 ut
2672 5584 2897 5639 aliorum
2956 5586 3157 5639 scelera
3218 5586 3273 5639 in
3337 5583 3460 5639 aliis
3516 5584 3737 5654 punian-

2174 5683 2277 5727 tur.

2246 5784 2262 5817 ι
2292 5765 2423 5821 Cum
2450 5768 2594 5823 enim
2626 5768 2879 5824 averterit
2923 5784 2979 5825 se
3017 5767 3194 5837 justus
3225 5782 3254 5820 a
3290 5765 3499 5836 justitia
3546 5780 3660 5829 sua,
3692 5772 3741 5817 et
