3936 6328
171 355 281 409 715

1090 340 1437 398 COMMENT.
1480 337 1546 393 IN
1586 335 2037 391 EZECIIIELEM.
2078 365 2148 375 —
2188 333 2314 387 LIB.
2359 331 2488 387 VIII.

3304 328 3401 381 7H

173 489 193 519 ι
227 467 420 524 fecerit
459 463 811 533 iniquitatem,
847 456 1106 513 morietur
1147 456 1200 510 in
1231 454 1329 508 eis.
1375 452 1431 506 In
1475 450 1757 519 iniquitate
1784 450 1831 508 Α
1860 446 2051 516 quibus
2082 445 2340 533 scriptum
2380 450 2497 496 est:
2530 459 2547 492 ‹
2580 439 2723 533 Deus
2760 440 3003 533 vivarum
3046 448 3101 494 et
3146 454 3250 533 non
3278 453 3414 496 mut'L

171 580 191 609 ε
226 571 393 628 quam
426 559 678 623 operatus
705 558 789 605 est
828 547 1108 602 morietur.
1140 564 1157 596 ι
1192 539 1457 614 (ηίετοη.)
1494 539 1675 594 Potest
1700 545 1754 592 et

165 650 278 703 hoc
311 642 533 712 intelligi
560 642 771 711 :justus
798 637 947 707 prius
968 634 1193 706 populus
1230 631 1392 686 Israel
1421 632 1613 684 avertit
1635 644 1694 683 se
1723 644 1753 682 a

158 734 381 805 justitia
406 744 522 795 sua,
568 728 693 798 quia
716 725 937 796 justitite
969 723 1188 792 reliquit
1216 728 1509 780 auctorem,
1548 726 1603 772 et
1628 717 1754 770 fecit

166 822 543 893 iniquitatem,
576 816 773 871 Filium
795 814 890 868 Dei
914 811 1242 882 denegando,
1274 810 1326 862 in
1349 816 1572 900 peccato
1594 815 1755 875 atque

167 912 383 968 scelere
423 909 564 979 quod
591 914 841 977 operatus
867 912 950 958 est
978 902 1255 956 morietur.
1279 896 1392 979 lVoh
1415 898 1468 951 in
1490 896 1751 967 pluribus,

165 1000 267 1055 sed
300 999 356 1053 in
390 974 495 1052 uno
534 974 797 1051 bmredem
844 989 1193 1055 interficiens,
1225 974 1559 1057 utIperderet
1588 984 1757 1037 bere-

168 1090 425 1145 ditatem.

250 1196 268 1229 ι
301 1178 516 1231 Etcum
557 1170 816 1228 averterit
863 1185 921 1226 se
964 1167 1159 1239 impius
1201 1166 1270 1220 ab
1312 1171 1589 1235 impietate
1636 1177 1755 1227 sua,

174 1286 194 1318 ι
226 1283 395 1337 quam
437 1272 691 1335 operatus
720 1271 820 1325 est,
852 1268 908 1315 et
953 1259 1141 1314 fecerit
1183 1257 1443 1327 judicium
1480 1262 1641 1323 atque
1672 1253 1759 1323 ju—

172 1378 192 1411 ι
226 1360 450 1419 stitiam,
485 1358 598 1427 ipse
627 1356 859 1409 animam
881 1369 1034 1409 suam
1063 1350 1373 1406 vivificabit.
1404 1348 1760 1403 Considerans

174 1468 194 1501 ι
227 1450 375 1504 enim
406 1449 599 1503 avertit
624 1462 681 1502 se
703 1448 770 1505 ab
795 1446 1043 1499 omnibus
1072 1441 1448 1523 iniquitatibus
1469 1440 1601 1501 suis,
1626 1453 1760 1506 quas

173 1556 195 1588 ι
226 1547 484 1607 operatus
523 1546 627 1599 est,
653 1536 761 1589 vita
789 1536 928 1587 vivet
969 1541 1023 1585 et
1065 1545 1170 1585 non
1204 1529 1480 1584 morietur.
1511 1548 1529 1580 ι
1563 1528 1605 1581 Ε
1628 1542 1758 1581 eon-

168 1627 372 1692 trario,
412 1626 504 1690 ait,
556 1623 783 1694 populus
831 1621 1070 1693 gentium
1123 1634 1229 1675 non
1267 1619 1470 1672 habens
1513 1614 1759 1669 notitiam

168 1716 299 1782 Dei,
331 1723 386 1769 et
411 1714 606 1784 impius
626 1713 672 1768 si
697 1728 756 1767 se
784 1709 1042 1766 averterit
1063 1709 1129 1762 ab
1152 1708 1428 1777 impietate
1456 1722 1571 1770 sua,
1597 1720 1757 1774 quam

170 1808 333 1876 prius
362 1782 615 1875 operatus
645 1813 730 1858 est
778 1803 830 1857 in
865 1801 1187 1864 idololatria,
1217 1809 1271 1854 et
1314 1798 1501 1853 fecerit
1526 1812 1587 1851 ea
1637 1812 1755 1865 quae
1784 1782 1829 1840 Β

168 1895 360 1950 ISraeli
387 1895 501 1965 lege
525 1902 789 1963 praecepta
835 1899 978 1953 sunt,
1026 1891 1137 1959 ipse
1158 1888 1307 1958 prius
1352 1896 1596 1941 mortuus
1622 1886 1756 1938 vivi-

170 1987 359 2042 ficabit
390 1986 622 2039 animam
668 1999 842 2045 suam,
875 1982 1167 2050 vidensque
1195 1996 1254 2034 se
1284 1979 1530 2033 interisse
1568 1972 1625 2032 in
1655 1977 1758 2031 ini-

167 2076 493 2146 quitatibus,
547 2090 682 2143 quas
729 2080 981 2143 operatus
1025 2080 1130 2133 est,
1181 2069 1365 2135 credet
1409 2069 1461 2122 in
1512 2084 1633 2123 cum
1664 2067 1754 2136 qui

168 2164 347 2219 dicit:
379 2182 396 2215 ι
426 2164 535 2234 Ego
567 2178 683 2218 sum
711 2162 823 2226 via,
846 2169 902 2217 et
920 2159 1120 2215 veritas
1158 2168 1213 2213 et
1239 2160 1344 2211 vita
1372 2158 1548 2225 (Joan.
1572 2154 1705 2225 ειν),
1730 2177 1747 2207 ι

168 2254 290 2307 vita
320 2254 465 2307 vivet
489 2261 544 2305 et
577 2266 681 2305 non
714 2250 995 2306 morietur.

255 2350 283 2394 ε’
306 2343 374 2397 Ει
398 2344 581 2399 dicunt
606 2342 701 2397 ﬁlii
735 2341 931 2397 Israel:
963 2340 1081 2396 Non
1107 2349 1191 2396 est
1228 2354 1378 2408 aequa
1411 2340 1494 2394 via
1520 2338 1752 2393 Domini.

176 2451 197 2483 ι
226 2429 481 2502 Nunquid
506 2433 603 2487 via:
628 2446 758 2485 mea:
783 2446 889 2485 non
912 2438 1038 2486 sunt
1065 2445 1252 2499 atquae,
1279 2430 1468 2484 domus
1489 2427 1675 2492 Israel,
1702 2437 1756 2481 et

176 2543 197 2575 ι
229 2541 338 2581 non
368 2524 538 2596 magis
562 2525 661 2579 viae
706 2533 898 2578 vestrae
936 2522 1190 2594 pravae?»
1242 2521 1424 2591 Usque
1450 2519 1610 2576 hodie
1638 2518 1757 2574 bla-

170 2614 465 2683 sphemant
489 2613 653 2668 Israel
692 2614 876 2676 Deum,
919 2627 1017 2667 cur
1041 2612 1297 2683 pepqum
1332 2626 1487 2666 suum
1528 2608 1759 2680 relique-

172 2702 271 2766 rit,
330 2709 385 2755 et
439 2702 683 2771 gentium
733 2701 1094 2771 adsumpserit
1147 2699 1562 2765 multitudinem,
1616 2699 1759 2769 quod

171 2792 359 2863 arguit
386 2790 665 2854 Dominus,
688 2789 828 2859 quod
858 2790 956 2844 viat-
983 2805 1169 2844 eorum
1194 2803 1373 2859 prava:
1394 2789 1521 2853 sint,
1545 2784 1758 2842 Domini

172 2890 358 2937 autem
383 2881 530 2955 justa
560 2879 845 2943 sententia,
884 2888 943 2933 ut
972 2879 1194 2948 perditis
1217 2878 1422 2933 colonis
1464 2877 1757 2947 prioribus,

173 2972 314 3026 alios
340 2972 392 3025 in
420 2972 629 3025 vineam
677 2984 829 3024 suam
872 2970 1052 3023 mittat
1090 2968 1379 3040 agricolas;
1414 2968 1555 3036 quod
1599 2966 1757 3020 intel-

171 3061 404 3132 Iigentes
419 3060 472 3114 in
495 3059 764 3129 Evangelii
787 3058 1036 3128 parabola
1060 3058 1242 3113 dixere
1262 3055 1449 3122 Judaei,
1475 3076 1492 3108 ς
1518 3056 1630 3112 Non
1652 3058 1755 3111 erit

168 3151 336 3205 istud.
375 3169 394 3202 ι

252 3259 271 3289 ι
301 3238 505 3294 Idcirco
526 3252 961 3309 unumquemque
998 3238 1151 3308 juxta
1194 3236 1312 3290 vias
1336 3252 1461 3290 suas
1479 3234 1751 3303 judicabo,

178 3348 200 3381 ‹
230 3330 421 3385 domus
440 3329 620 3394 Israel,
638 3330 713 3382 ait
743 3329 1001 3383 Dominus
1026 3326 1185 3381 Deus.
1209 3346 1226 3377 ι
1263 3324 1389 3381 Sive
1422 3326 1488 3382 de
1512 3328 1749 3399 gentium

174 3420 541 3486 multitudine,
587 3422 700 3476 sive
747 3418 814 3474 de
862 3418 1025 3474 Israel
1060 3418 1254 3492 popqu
1299 3419 1425 3484 sint,
1479 3419 1567 3487 qui
1611 3419 1754 3487 judi-

169 3521 407 3566 cantur:
432 3531 449 3562 ι
478 3510 592 3566 Non
614 3522 695 3565 est
714 3525 1062 3580 personarum
1089 3510 1327 3577 acceptio
1350 3507 1488 3576 apud
1510 3508 1699 3569 Deum,
1729 3526 1745 3557 ι

178 3602 275 3656 sed
313 3601 679 3671 unusquisque
722 3617 818 3655 sua
857 3601 1201 3655 coronabitur
1232 3599 1353 3664 fide,
1396 3608 1449 3653 et
1481 3598 1753 3667 impietate

174 3701 343 3762 atque
374 3691 686 3745 infidelitate
715 3692 1075 3746 damnabitur.

253 3800 271 3831 ‹
303 3780 687 3835 Convertimini
717 3788 771 3835 et
812 3780 953 3850 agite
985 3778 1354 3848 ptenitentiam
1402 3778 1468 3832 ab
1505 3772 1757 3831 omnibus

180 3893 201 3925 ι
230 3871 604 3941 iniquitatibus
633 3872 845 3935 vestris,
876 3880 931 3924 et
965 3885 1072 3925 non
1117 3870 1223 3924 erit
1261 3869 1414 3924 vobis
1459 3870 1512 3923 in
1542 3870 1749 3922 ruinam

180 3985 201 4017 ι
234 3967 513 4035 iniquitas.
546 3963 797 4033 Projicite
827 3981 855 4018 a
890 3964 1039 4019 vobis
1074 3980 1262 4018 omnes
1286 3964 1750 4033 praevaricationes

181 4076 202 4107 ‹
230 4068 444 4111 vestras
470 4056 525 4109 in
574 4056 768 4125 quibus
812 4055 1145 4124 prmvaricati
1190 4054 1341 4108 estis.
1368 4074 1385 4105 ι
1432 4053 1654 4121 Proprie
1683 4052 1750 4105 ad

174 4146 343 4202 Israel
375 4148 473 4199 iste
499 4160 676 4201 sermo
701 4146 967 4215 dirigitur,
996 4152 1053 4198 ut
1082 4152 1243 4213 agant
1276 4144 1667 4213 pmnitentiam,
1696 4150 1751 4196 et

178 4237 489 4304 relinquant
544 4236 854 4305 iniquitates
910 4234 1024 4289 sive
1076 4233 1549 4305 praevaricationes
1602 4248 1745 4298 suas,

176 4324 449 4394 quibusin
478 4325 643 4378 Deum
688 4323 1021 4392 prmvaricati
1061 4332 1203 4378 sunt.
1246 4322 1431 4377 Potest
1472 4331 1653 4377 autem
1696 4331 1751 4376 et

177 4419 245 4470 ad
276 4424 558 4484 utrumque
599 4416 849 4485 populum
890 4415 1134 4486 intelligi,
1176 4424 1237 4468 ut
1261 4424 1316 4469 ct
1340 4416 1499 4471 Israel
1538 4424 1593 4470 et
1616 4430 1746 4484 gen—

179 4506 314 4555 tium
368 4503 519 4556 turba
566 4518 659 4556 sua
714 4504 840 4556 vitia
892 4503 1265 4573 derelinquens
1313 4511 1657 4558 convertatur
1684 4507 1749 4558 ad

176 4612 300 4651 cum
326 4595 411 4663 qui
442 4595 607 4665 possit
632 4611 823 4649 sanare
848 4596 1200 4651 contritiones
1219 4596 1352 4667 ejus.

256 4704 275 4734 ι
306 4684 369 4737 Et
393 4684 549 4738 facile
582 4684 733 4737 vobis
760 4699 855 4737 cor
877 4700 1072 4738 novum
1107 4694 1161 4739 et
1199 4686 1444 4754 spiritum
1477 4700 1692 4739 novum.
1727 4704 1743 4736 ι

180 4776 253 4832 Ut
282 4784 597 4829 vetustatem
638 4774 829 4828 littera:
872 4774 1198 4839 deserentes,
1230 4775 1417 4828 vivatis
1443 4774 1494 4828 in
1518 4774 1752 4828 novitate

177 4866 419 4934 spiritus.
472 4864 577 4919 Cor
628 4880 823 4919 novum
876 4864 1088 4921 lsraelis
1134 4874 1217 4919 est
1261 4866 1481 4921 credere
1524 4867 1579 4921 in
1626 4881 1748 4921 eum

178 4972 339 5026 quem
368 4957 515 5024 prius
539 4963 842 5024 negaverat.
873 4953 977 5008 Cor
996 4970 1188 5007 novum
1215 4956 1474 5023 gentium,
1504 4965 1586 5011 est
1606 4956 1745 5011 idola

179 5045 572 5114 derelinquere,
596 5054 670 5109 et,
688 5053 1015 5098 mortuorum
1042 5044 1248 5098 cultura
1273 5054 1596 5116 contempta,
1625 5062 1745 5100 crc-

180 5140 307 5191 dere
329 5137 382 5189 in
414 5150 555 5198 eum,
586 5138 673 5205 qui
698 5143 782 5189 est
824 5137 929 5187 vita
968 5136 1274 5189 ruentium.
1297 5154 1315 5187 ι
1350 5136 1417 5189 Et
1444 5152 1612 5205 quare
1638 5152 1751 5190 mo-

183 5226 630 5289 riemini,domns
658 5225 894 5282 Israel?»
940 5224 1125 5279 Melius
1171 5234 1273 5290 est,
1321 5234 1378 5279 ut
1425 5242 1586 5295 supra
1618 5228 1753 5282 dixi-

186 5334 321 5380 mus,
373 5316 799 5371 exhortationem
849 5317 1005 5381 hanc,
1057 5315 1110 5369 in
1158 5332 1261 5385 qua
1312 5316 1572 5385 scriptum
1617 5327 1742 5373 est:

192 5429 208 5460 ι
242 5408 626 5464 Convertiiniui
674 5417 726 5460 et
772 5409 911 5478 agite
958 5406 1387 5476 pmnitentiam,»
1424 5421 1584 5475 super
1626 5423 1748 5476 per-

187 5518 313 5559 sona
374 5501 617 5569 accipere
654 5498 974 5561 Judzeorum,
1016 5512 1151 5567 quos
1188 5513 1290 5551 non
1341 5499 1450 5550 vult
1489 5498 1644 5559 mori,
1696 5506 1751 5551 et

186 5597 380 5665 quibus
402 5609 542 5647 nunc
572 5592 805 5661 loquitur
829 5612 840 5645 :
872 5612 887 5641 ι
918 5592 1093 5658 Quare
1121 5591 1444 5651 moriemini,
1465 5590 1656 5644 domus
1675 5590 1749 5643 ls-

188 5686 312 5752 racl,
338 5704 357 5736 ι
380 5683 473 5753 qui
502 5682 903 5749 habetis-patres
925 5683 1213 5747 Abraham,
1235 5679 1379 5734 Isaac
1403 5688 1455 5735 et
1477 5677 1659 5744 Iacob,
1687 5679 1750 5734 de

467 5776 712 5833 I’Aszt.
781 5775 911 5833 (Χ.

1858 543 2087 588 tuorum.
2129 553 2147 585 ι
2183 532 2291 587 Cur
2335 538 2515 585 vestro
2544 529 2672 583 vitio
2707 528 3025 591 moriemini,
3072 527 3162 596 qui
3205 532 3414 597 patrum

1856 624 2068 687 merito,
2094 631 2148 676 et
2180 636 2299 675 mea
2336 619 2543 673 debetis
2582 619 2765 687 vivere
2812 616 3200 672 misericordia.
3231 634 3249 668 ι
3283 614 3415 683 Quia

1854 714 1977 767 nolo
2000 722 2223 767 mortem
2248 710 2565 783 peccatoris,
2596 709 2724 763 dicit
2746 708 3000 763 Dominus
3032 708 3191 761 Deus.
3219 707 3417 761 Rever-

1856 803 2046 866 titniui,
2076 788 2131 857 et
2153 801 2360 856 vivetis.
2386 821 2404 852 ι
2438 798 2589 863 Nolo,
2633 798 2823 866 inquit,
2868 813 2961 852 vos
2993 798 3159 881 .mori,
3187 812 3320 866 quos
3364 796 3415 849 in

1856 894 2079 948 salutem
2110 892 2286 963 genui.
2320 909 2337 942 ι
2374 890 2537 945 Filios
2562 898 2735 943 autem
2767 890 2921 958 genui
2950 899 3005 943 et
3038 888 3285 952 exaltavi,
3318 888 3417 957 ipsi

1857 993 2032 1038 autem
2069 991 2386 1052 spreverunt
2411 966 2515 1035 me.
2560 979 2903 1048 Revertimini
2933 994 3059 1049 ergo
3099 987 3155 1032 et
3175 978 3355 1032 vivite.
3395 998 3412 1028 ι

1857 1075 1970 1128 Non
2002 1072 2220 1137 dicitur,
2250 1091 2267 1122 ι
2300 1072 2663 1134 Ilevertimini,
2701 1090 2717 1122 ι
2765 1059 2868 1125 nisi
2893 1069 2979 1124 his
3006 1071 3093 1139 qui
3124 1071 3271 1139 prius
3298 1086 3419 1125 cum

1858 1166 1966 1219 Deo
2008 1162 2235 1227 fuerant,
2259 1170 2313 1217 et
2340 1172 2519 1231 postea
2539 1163 2654 1233 ejus
2680 1161 2965 1215 deseruere
2988 1160 3326 1227 comitatum.
3357 1160 3421 1213 Et

1858 1254 2019 1308 vivite
2045 1268 2139 1321 per
2166 1252 2558 1322 pmnitenliam,
2596 1253 2683 1321 qui
2708 1252 2839 1307 estis
2874 1252 3071 1305 mortui
3113 1266 3209 1320 per
3237 1266 3421 1320 pecca-

1859 1350 1989 1395 tum.
2017 1341 2181 1411 lgitur
2200 1340 2382 1398 Israel.
2427 1341 2552 1409 quia
2596 1356 2701 1394 non
2732 1341 3018 1394 revertitur
3046 1340 3112 1394 ad
3136 1340 3420 1410 pristinum

1858 1442 2078 1499 statum,
2108 1440 2351 1487 mortuus
2372 1448 2490 1487 esse
2511 1432 2803 1487 credendus
2829 1441 2930 1486 est.

2437 1542 2661 1597 CAPUT
2701 1541 2839 1595 XIX.

1858 1633 1936 1688 De
1955 1633 2195 1688 Joachim
2222 1641 2271 1687 et
2297 1633 2547 1687 Jecltonia
2565 1674 2578 1697 ,
2604 1643 2668 1687 et
2695 1631 2806 1703 ﬁlio
2835 1631 3077 1686 Joachim
3111 1633 3329 1701 captivi;
3358 1633 3423 1687 de

2002 1704 2234 1772 reliquiis
2256 1703 2295 1764 ,1
2303 1702 2451 1762 udw,
2476 1704 2613 1771 quod
2641 1702 2744 1756 non
2773 1702 3060 1756 habuerunt
3091 1718 3279 1771 regem.

1934 1809 1951 1840 ι
1997 1790 2064 1844 Ει
2096 1801 2148 1844 tu
2179 1806 2392 1846 assume
2423 1791 2691 1860 planctum
2721 1803 2881 1861 super
2916 1791 3181 1860 principes
3222 1791 3384 1847 Israel
3406 1835 3420 1853 .

1866 1902 1883 1934 ι
1924 1891 1979 1937 ει
2007 1882 2154 1940 dices
2186 1898 2198 1934 :
2224 1881 2403 1949 Quare
2433 1892 2604 1937 mater
2633 1891 2721 1937 tua
2754 1883 2918 1937 leaena
2954 1882 3093 1936 inter
3115 1882 3295 1938 leones
3332 1902 3422 1938 cu-

1864 1992 1881 2023 ‹
1930 1974 2109 2027 bavit?
2126 1973 2180 2027 In
2202 1974 2376 2027 medio
2390 1972 2755 2028 leunculorum
2777 1974 3031 2028 enutrivit
3050 1973 3256 2028 catulos
3276 1988 3421 2037 suos,

1862 2087 1878 2119 ι
1924 2076 1977 2121 ει
2008 2067 2193 2121 eduxit
2225 2082 2392 2121 unum
2434 2067 2501 2122 de
2540 2066 2800 2122 leunculis
2829 2067 2961 2122 suis.
2990 2066 3101 2122 Leo
3141 2067 3315 2123 faetus
3341 2079 3422 2124 est

1861 2181 1877 2211 ι
1922 2167 1977 2214 ει
2002 2158 2191 2213 didicit
2215 2173 2410 2228 capere
2436 2159 2692 2229 prmdam,
2714 2158 3091 2228 hominemque
3116 2159 3418 2214 comedere.

1861 2268 1879 2300 ‹
1925 2248 1991 2302 Ει
2015 2248 2302 2303 audierunt
2323 2249 2389 2303 de
2413 2263 2479 2312 eo
2505 2256 2709 2319 gentes,
2743 2256 2798 2301 et
2820 2262 2925 2303 non
2953 2249 3153 2317 absque
3180 2247 3418 2303 vulneri-

1861 2360 1878 2390 ‹
1922 2340 2023 2394 bus
2045 2347 2304 2408 ceperunt
2344 2354 2487 2394 eum.
2519 2340 2587 2393 Et
2610 2340 2945 2394 adduxerunt
2966 2354 3088 2394 eum
3120 2339 3173 2393 in
3217 2341 3422 2395 catenis

1862 2446 1877 2473 ι
1927 2427 1978 2480 in
2009 2435 2207 2480 terram
2236 2424 2474 2497 Egypti.
2504 2426 2630 2493 Qua:
2656 2442 2776 2481 cum
2805 2427 3041 2491 vidisset,
3067 2429 3316 2497 quoniam
3340 2430 3419 2483 in-

1863 2537 1879 2568 ‹
1926 2516 2136 2572 llrmata
2164 2527 2266 2582 est,
2298 2526 2354 2573 et
2378 2518 2535 2588 periit
2570 2520 2901 2589 exspectatio
2926 2518 3067 2591 ejus,
3098 2519 3219 2575 tulit
3252 2537 3417 2575 unum

1860 2623 1879 2657 ι
1924 2605 1989 2661 de
2024 2606 2284 2662 leunculis
2312 2607 2442 2661 suis.
2480 2605 2711 2662 Leonem
2737 2608 3051 2671 constituit,
3077 2608 3168 2677 qui
3203 2608 3418 2663 incede-

1859 2716 1878 2749 σ
1925 2696 2014 2751 bat
2044 2698 2184 2752 inter
2211 2697 2410 2753 leones.
2440 2697 2505 2751 Et
2532 2696 2704 2767 factus
2734 2706 2817 2752 cst
2847 2697 2952 2761 leo,
2984 2697 3169 2753 didicit
3188 2699 3421 2768 pmdam

1861 2806 1878 2837 c
1926 2802 2135 2860 capere,
2164 2796 2220 2842 et
2244 2788 2491 2843 homines
2514 2788 2790 2843 devorare.
2821 2786 3015 2843 Didicit
3036 2788 3222 2843 viduas
3243 2788 3423 2843 facere

1860 2897 1875 2926 ι
1921 2883 1976 2931 ει
2006 2876 2253 2931 civitates
2278 2891 2461 2931 eorum
2493 2876 2544 2929 in
2576 2875 2843 2931 desertum
2871 2870 3152 2939 adducere,
3184 2886 3238 2930 et
3262 2877 3423 2931 deso-

1862 2987 1877 3018 ι
1921 2965 2029 3020 lata
2056 2975 2139 3021 est
2169 2974 2314 3020 terra
2353 2974 2406 3020 et
2434 2964 2705 3035 plenitudo
2729 2964 2846 3033 ejus
2880 2980 2910 3019 a
2948 2980 3078 3021 voce
3116 2966 3323 3037 rugitus
3356 2967 3422 3021 il-

1864 3077 1879 3107 ι
1927 3058 2049 3122 lius,
2072 3065 2436 3111 convenerunt
2456 3057 2709 3110 adversus
2736 3069 2858 3109 eum
2886 3064 3072 3128 gentes
3099 3057 3333 3126 undique
3358 3056 3424 3111 de

1782 3121 1825 3180 Ε
1866 3168 1884 3199 ι
1929 3147 2237 3218 provinciis.
2267 3146 2332 3206 Et
2359 3145 2729 3215 expanderunt
2756 3160 2915 3217 super
2943 3160 3064 3199 eum
3097 3154 3207 3201 rete
3233 3162 3421 3211 suum,

1866 3256 1884 3287 ι
1930 3246 1984 3292 ει
2010 3236 2320 3291 vulneribus
2345 3250 2528 3290 earum
2555 3242 2741 3303 captus
2770 3243 2879 3294 est,
2915 3242 2971 3287 et
3007 3235 3267 3289 miserunt
3297 3250 3419 3297 eum

1862 3348 1880 3379 ‹
1927 3330 1979 3381 in
2011 3342 2251 3389 caveam,
2284 3312 2338 3379 in
2367 3324 2574 3381 catenis
2608 3323 2943 3378 adduxerunt
2977 3338 3099 3377 eum
3130 3327 3195 3378 ad
3238 3340 3414 3396 regem

1863 3435 1880 3467 ι
1923 3416 2224 3486 Babylonis,
2251 3416 2615 3481 miseruntque
2655 3427 2776 3467 eum
2815 3410 2869 3465 in
2908 3427 3208 3479 carcerem,
3244 3430 3309 3468 ne
3335 3432 3425 3469 au-

1862 3526 1879 3557 c
1923 3508 2126 3561 diretur
2153 3518 2258 3558 vox
2286 3503 2402 3572 ejus
2426 3504 2563 3557 ultra
2596 3517 2757 3572 super
2783 3510 2993 3557 montes
3028 3502 3224 3569 Israel,
3253 3515 3358 3559 etc.
3398 3525 3416 3558 ι

1857 3595 1977 3667 (Β.)
2013 3594 2262 3649 Dicemus
2291 3594 2600 3661 captivitate
2624 3590 2803 3647 vicina
2829 3594 3143 3664 prophetam
3181 3610 3285 3649 non
3313 3604 3419 3649 tam

1860 3683 2033 3737 futura
2081 3681 2391 3746 vaticinari,
2453 3697 2611 3750 quam
2664 3698 2887 3737 narrare
2955 3682 3253 3751 prseterita.
3295 3683 3423 3739 Post

1854 3780 2063 3828 sextum
2089 3772 2229 3825 enim
2258 3770 2493 3826 Sedecia:
2532 3771 2671 3843 regis
2695 3787 2914 3837 annum,
2940 3772 3200 3840 siquidem
3239 3776 3417 3829 statim

1854 3866 1910 3919 in
1935 3865 2386 3934 consequentibus
2415 3864 2637 3935 legimus
2669 3884 2680 3917 :
2714 3884 2732 3916 ‹
2755 3865 2819 3919 Ει
2850 3864 3046 3921 factum
3071 3876 3171 3933 est,
3197 3869 3247 3921 in
3274 3885 3415 3925 anno

1854 3958 2082 4025 septimo
2106 3958 2159 4011 in
2187 3958 2374 4027 quinto
2398 3972 2599 4023 ineuse,
2632 3956 2839 4012 decima
2876 3959 3093 4023 mensis,
3124 3964 3415 4017 assumitur

1854 4046 2097 4115 planctus
2127 4060 2286 4114 super
2322 4046 2587 4114 principes
2627 4045 2709 4099 vel
2748 4047 3041 4116 principem
3079 4048 3257 4103 Israel.
3297 4071 3314 4102 ι
3352 4052 3419 4104 lit

1854 4136 2086 4190 dicitur:
2126 4152 2143 4183 ‹
2175 4135 2351 4199 Quare
2376 4143 2548 4187 mater
2575 4142 2660 4186 tua
2685 4134 2847 4188 lemna
2880 4136 3019 4189 inter
3044 4136 3224 4192 leones
3253 4140 3414 4193 cuba-

1852 4224 1965 4277 vit?
2003 4243 2021 4275 ι
2055 4222 2305 4277 Planctus
2356 4222 2518 4292 igitur
2558 4237 2718 4291 super
2758 4224 3026 4293 principes
3073 4233 3181 4287 est,
3232 4242 3419 4281 omnes

1853 4314 2133 4375 videlicet,
2167 4314 2256 4384 qui
2289 4312 2355 4366 de
2382 4312 2540 4367 Josiae
2569 4304 2736 4383 stirpe
2777 4317 3016 4383 generati
3063 4326 3205 4370 sunt.
3252 4318 3417 4374 Mater

1852 4406 2154 4475 principum
2203 4403 2498 4458 Jerusalem
2543 4404 2709 4457 lett-na
2754 4406 3079 4475 appellatur;
3108 4423 3225 4477 quae
3264 4408 3415 4465 leun-

1853 4496 2003 4551 culos
2032 4496 2211 4566 genuit
2242 4503 2294 4548 et
2320 4495 2567 4556 nutrivit,
2594 4510 2866 4565 unumque
2897 4497 2961 4550 de
3006 4496 3265 4552 leunculis
3305 4502 3417 4554 suis

1858 4587 2054 4643 eduxit.
2087 4603 2104 4635 ι
2129 4586 2195 4639 Et
2215 4585 2341 4639 fecit
2362 4585 2592 4651 leonem,
2616 4606 2632 4637 ι
2664 4584 2889 4642 Ioachaz
2922 4588 3229 4660 signiﬁcans
3252 4590 3415 4646 filium

1852 4678 2040 4742 Iosiaz,
2073 4692 2230 4746 quem
2258 4676 2471 4733 Nechao
2508 4678 2719 4735 Pharao
2746 4680 2897 4735 duxit
2928 4682 2981 4735 in
3008 4682 3329 4754 Egyptum,
3364 4694 3419 4738 et

1854 4788 1947 4841 pro
1995 4787 2060 4826 eo
2103 4772 2381 4849 constituit
2419 4769 2681 4825 Joachim.
2725 4771 2840 4837 Quo
2882 4781 3092 4828 mortuo
3131 4773 3417 4835 Jechonias

1855 4862 1994 4917 filius
2023 4862 2138 4930 ejus
2164 4876 2257 4916 rex
2277 4861 2637 4924 constituitur,
2661 4876 2781 4915 cum
2807 4870 2977 4917 matre
2996 4871 3051 4917 et
3068 4864 3415 4933 optimatibus

1849 4952 2084 5006 civitatis
2102 4967 2129 5003 a
2153 4950 2639 5013 Nabuchodonosor
2668 4950 2859 5004 ductus
2887 4958 2969 5005 est
2992 4952 3041 5005 in
3065 4951 3413 5022 Babylonem.

1851 5042 1925 5096 De
1954 5057 2059 5110 quo
2084 5041 2322 5095 nascitur
2350 5039 2608 5093 Salathiel
2630 5050 2783 5109 pater
2805 5040 3113 5103 Zorobabel,
3140 5042 3230 5110 qui
3251 5058 3316 5097 ex
3347 5059 3413 5099 eo

1852 5133 1993 5203 quod
2021 5135 2073 5186 in
2101 5132 2371 5201 Babylone
2399 5140 2561 5185 natus
2596 5140 2695 5194 est,
2733 5146 2923 5185 nomen
2946 5131 3168 5200 accepit.
3204 5131 3415 5203 Perspi-

1853 5238 2120 5293 cuumque
2144 5234 2226 5277 est
2266 5222 2364 5276 sub
2390 5222 2647 5296 μεταφόρᾳ
2679 5221 2857 5275 leama:
2882 5229 2936 5275 et
2964 5220 3329 5276 leunculorum
3360 5235 3414 5277 et

1857 5316 2045 5379 leonis,
2078 5328 2397 5382 rursumque
2428 5313 2649 5366 alterius
2677 5313 2869 5379 leonis,
2912 5312 2999 5364 illa
3027 5312 3254 5367 describi
3296 5328 3415 5381 quae

1856 5422 1920 5459 eo
1946 5413 2181 5472 tempore
2201 5401 2312 5470 jam
2340 5401 2478 5455 facta
2505 5409 2678 5463 erant,
2708 5416 2813 5468 quo
2838 5400 2953 5453 haec
2984 5399 3241 5469 propheta
3272 5400 3416 5454 dice-

1855 5494 1964 5547 bat.
2018 5491 2305 5560 Postquam
2359 5489 2500 5543 enim
2548 5486 2845 5542 Jerusalem
2901 5487 3086 5541 eduxit
3134 5486 3200 5539 de
3248 5487 3414 5557 stirpe

1858 5588 2002 5658 regia
2032 5586 2263 5641 Joachaz
2305 5585 2467 5637 filium
2495 5582 2674 5649 Josizc,
2705 5591 2753 5636 et
2786 5581 3060 5637 constituit
3108 5582 3158 5633 in
3196 5596 3373 5651 regem
3397 5621 3413 5647 ,

1862 5694 1967 5735 tam
1989 5677 2216 5740 crudelis
2247 5676 2298 5731 iu
2322 5676 2468 5731 brevi
2500 5675 2702 5730 exstitit
2727 5682 2985 5743 tempore.
3010 5680 3067 5726 ut
3087 5670 3414 5741 trupulogiec

2826 5764 2902 5823 23
