3936 6342
500 292 596 380 715

1158 329 1216 381 Β.
1254 330 1505 385 ltAliANl
1546 331 1760 386 MAURI
1803 331 2067 383 Alitlllllil

2174 331 2467 387 thGlTNT.
2510 334 2794 392 OPlillUM
2837 338 3015 392 PARS
3054 342 3113 393 ll.

3660 318 3761 402 7w

475 441 699 511 cepisse
742 442 953 512 prtetlas
980 450 1053 507 ,οι
1088 444 1332 497 nomines
1378 446 1663 501 devorasse
1707 453 2138 510 memorelur.'_.\
2172 457 2378 517 regeret
2408 450 2675 521 reliquias
2717 454 2918 522 populi.
2963 456 3161 510 Contra
3206 473 3363 526 quem
3408 464 3651 516 surrexit
3695 464 3763 519 de

489 534 571 587 Ad
618 549 775 602 quem
821 548 941 587 cum
984 533 1220 588 venisset
1260 534 1576 606 Egyptius,
1621 537 1763 605 cepit
1806 552 1927 590 eam
1960 552 2063 589 non

489 624 691 692 absque
720 618 1051 686 vulneribus,
1084 625 1198 679 sive
1230 627 1280 679 in
1321 626 1471 681 fovea
1491 669 1505 693 ,
1532 637 1589 680 ut
1634 628 1850 697 proprie
1882 628 1933 681 in
1964 627 2070 683 lle-

487 715 673 792 braico
693 714 1017 792 continetur,
1050 724 1107 767 ot
1136 724 1420 770 conservet
1451 717 1835 786 tropologicum
1861 708 2070 786 captio?

486 788 615 859 neut
639 788 871 870 leonum,
904 821 1008 873 qua
1038 797 1253 875 semper
1276 808 1326 860 in
1356 807 1526 861 foveis
1562 808 1681 876 capi
1722 808 1914 862 solent.
1951 827 1966 857 ι
2000 808 2068 861 Ει

489 895 715 949 adduxit
750 910 873 949 eum
924 897 976 948 in
1021 897 1247 960 chamo,
1296 898 1411 950 sive
1449 898 1502 950 in
1543 898 1749 951 catenis
1781 897 1831 950 in
1866 907 2065 950 terram

485 984 727 1060 Egypti,
772 988 951 1057 ibique
990 1000 1235 1045 mortuus
1283 1001 1383 1045 est.
1428 1010 1444 1042 ι
1482 991 1635 1057 Quod
1682 1006 1803 1045 cum
1847 992 2068 1044 vidisset

486 1088 660 1133 mater
704 1078 820 1147 ejus
847 1079 1162 1158 Jerusalem,
1196 1098 1313 1151 qua:
1340 1099 1460 1137 eum
1494 1091 1773 1153 genuerat,
1816 1099 1935 1152 qua)
1969 1099 2066 1135 nu-

486 1170 697 1235 trierat,
731 1187 850 1241 quae
878 1173 1234 1228 constituerat
1282 1174 1334 1228 in
1387 1190 1629 1243 regnum,
1655 1176 1797 1243 quod
1836 1175 2066 1244 perisset

484 1265 819 1333 eXspectatio
854 1265 1001 1335 ejus,
1053 1266 1172 1319 tulit
1212 1267 1278 1321 de
1304 1266 1424 1339 aliis
1462 1268 1675 1337 regibus
1717 1266 2061 1331 Jechoniam,

485 1355 651 1408 filium
690 1354 957 1422 Joachim,
999 1366 1053 1412 et
1078 1359 1353 1413 constituit
1394 1358 1446 1412 in
1492 1374 1705 1429 regem,
1751 1360 1841 1427 qui
1869 1368 1923 1412 et
1951 1359 2063 1427 ipse

482 1449 825 1514 praecessoris
853 1447 1096 1503 imitatus
1120 1449 1493 1503 crudelitatem
1527 1450 1625 1503 sub
1657 1448 1827 1503 leonis
1852 1442 2063 1504 feritate

483 1538 824 1601 describitur,
858 1540 997 1608 quod
1026 1541 1270 1595 homines
1300 1539 1607 1603 devorarit,
1640 1540 1835 1594 inultas
1876 1541 2063 1595 viduas

483 1629 695 1691 fecerit,
734 1630 801 1683 ad
837 1630 1109 1685 desertum
1150 1630 1433 1687 adduxerit
1464 1631 1743 1695 civitates,
1776 1641 1831 1686 et
1864 1634 1932 1685 ad
1970 1647 2062 1686 vo-

482 1734 598 1773 cem
628 1721 837 1791 rugitus
870 1721 985 1789 ejus
1014 1724 1201 1777 territa
1248 1724 1317 1777 sit
1357 1725 1609 1779 universa
1649 1725 1921 1793 provincia
1942 1765 1955 1785 ,
1988 1724 2058 1777 ita

2172 532 2338 607 stirpe
2368 541 2511 610 regia
2536 551 2589 593 et
2613 543 2677 594 de
2705 544 2852 612 virga
2895 562 3167 599 ramorum
3197 549 3366 603 vinea:
3403 550 3633 617 lsmael,
3669 557 3762 623 qui

2172 630 2444 685 interfecit
2471 646 2592 685 eum
2620 634 2670 685 in
2702 634 2986 704 Masepha,
3016 646 3071 689 et
3105 640 3342 693 comedit
3378 655 3597 695 onmem
3640 642 3767 697 fru-

2169 730 2314 775 ctum
2346 724 2535 787 vinem,
2563 732 2616 777 et
2644 726 2837 779 exinde
2871 742 2974 781 non
3009 726 3108 781 fuit
3152 729 3205 782 in
3248 731 3367 798 ipsa
3416 733 3571 787 vinea
3599 732 3767 789 fortis

2168 812 2316 878 virga
2343 823 2396 865 et
2420 822 2691 881 sceptrum
2720 816 3130 869 dominantium.
3162 817 3349 874 Nullus
3373 822 3519 875 enim
3545 839 3755 877 rematr

2168 910 2315 954 serat
2341 903 2405 955 de
2433 903 2662 972 regibus,
2694 905 3069 975 quipopulum
3114 909 3475 977 gubernaret,
3505 914 3595 967 sed
3627 932 3763 970 cum

2166 995 2368 1051 Joanna
2431 997 2539 1051 ﬁlio
2587 997 2745 1063 Care,
2792 999 2859 1052 ad
2908 999 3202 1071 JEgyptom
3249 988 3641 1073 cOnfugerunt,
3678 1007 3769 1063 id-

2166 1088 2311 1142 circo
2353 1087 2601 1156 planctus
2632 1099 2746 1153 est,
2797 1098 2852 1143 et
2902 1091 3155 1160 parabola
3207 1092 3638 1162 lamentationis,
3699 1110 3763 1154 ut

2166 1177 2454 1247 plangatur
2481 1180 2688 1249 regium
2716 1196 2914 1248 genus,
2938 1182 3083 1250 'qood
3108 1184 3158 1236 in
3188 1182 3372 1239 Iudaea
3404 1186 3545 1241 ultra
3571 1205 3758 1244 cessa-

2167 1267 2260 1331 vit,
2287 1268 2455 1322 douec
2486 1270 2713 1332 veniret,
2752 1269 2835 1322 cui
2869 1271 3163 1338 repositum
3188 1281 3271 1326 est
3300 1291 3312 1325 :
3350 1293 3368 1323 ι
3398 1274 3466 1328 Ει
3493 1277 3604 1345 ipse
3646 1278 3759 1332 erit

2163 1357 2495 1424 exspectatio
2517 1358 2772 1427 gentium.
2801 1378 2817 1411 ι
2848 1359 2923 1412 Ex
2954 1375 3061 1427 quo
3087 1363 3429 1431 perspicuum
3454 1377 3555 1428 εει,
3583 1378 3638 1419 et
3663 1382 3754 1420 sn-

2164 1447 2431 1515 periorem
2462 1446 2767 1511 lectionem,
2808 1449 2858 1501 in
2891 1464 2995 1517 qua
3028 1450 3224 1504 dicitur
3254 1466 3267 1503 :
3308 1471 3325 1501 ι
3360 1452 3541 1517 Quare
3579 1464 3759 1509 mater

2120 1577 2125 1582 .
2166 1546 2254 1590 tua
2298 1538 2462 1591 leaena
2525 1538 2665 1592 inter
2707 1539 2889 1612 leones
2933 1526 3193 1594 cubavit?
3233 1561 3249 1591 ι
3287 1551 3339 1595 et
3376 1542 3513 1597 hanc
3552 1545 3608 1597 in
3643 1562 3758 1615 qua

2162 1629 2421 1698 scriptum
2471 1637 2590 1683 est:
2628 1648 2645 1680 ι
2679 1628 2853 1684 Mater
2893 1638 2981 1683 tua
3019 1632 3173 1700 quasi
3214 1633 3368 1686 vinea
3400 1634 3451 1686 in
3490 1637 3757 1705 sanguine

2163 1730 2283 1785 tuo,
2326 1737 2491 1790 super
2530 1737 2724 1791 aquam
2768 1722 3009 1791 plantata
3062 1740 3085 1776 ι
3130 1723 3198 1777 ad
3241 1723 3539 1779 Jerusalem
3580 1728 3743 1795 perti-

482 1824 541 1866 nt
570 1830 689 1868 cum
735 1816 1078 1884 pervenirent
1119 1818 1185 1871 ad
1229 1832 1349 1871 eum
1383 1826 1570 1887 gentes
1601 1826 1652 1871 et
1698 1816 2063 1884 expanderent
2087 1800 2136 1857 Β
2168 1830 2327 1883 nere,
2366 1830 2484 1883 qua:
2528 1815 2757 1883 perdidit
2785 1815 2965 1870 leones
2991 1825 3045 1870 et
3075 1816 3335 1885 palmites.
3358 1833 3514 1883 suos,
3545 1829 3599 1873 et
3641 1836 3754 1873 non

482 1921 644 1974 super
668 1922 789 1960 eum
823 1917 934 1961 rete
960 1923 1113 1962 suum
1136 1948 1151 1972 ,
1176 1917 1229 1961 et
1258 1909 1309 1961 in
1344 1910 1492 1963 fovea
1538 1916 1792 1977 caperent
1811 1949 1824 1968 ,
1854 1916 1909 1960 ct
1942 1907 2062 1959 tuit-

484 2005 658 2050 terent
698 2011 820 2049 eum
866 1997 915 2049 in
946 2011 1166 2050 caveam
1204 2008 1258 2051 et
1290 1998 1341 2050 in
1375 2007 1615 2061 catenas,
1656 1998 1761 2049 non
1800 2012 1907 2065 quo
1959 1996 2063 2048 hoc

481 2086 751 2142 JCCJIOHJLB
799 2087 995 2141 factum
1036 2089 1125 2142 sit.
1151 2088 1267 2158 lpse
1304 2090 1446 2142 enim
1479 2088 1697 2141 tradidit
1728 2103 1785 2141 se
1819 2087 1928 2156 regi
1957 2085 2059 2137 Ba-

483 2179 697 2249 bylonio
727 2188 777 2234 el
809 2180 861 2231 in
885 2178 1193 2234 Chaldaram
1226 2189 1531 2250 asportatos
1558 2190 1661 2244 est,
1686 2182 1779 2235 sed
1809 2189 1867 2233 ut
1893 2180 2062 2232 leonis

481 2280 725 2325 servetur
754 2272 1054 2334 translatio,
1080 2273 1170 2339 qui
1202 2272 1411 2340 capitur
1434 2272 1487 2324 in
1518 2270 1715 2334 foveis,
1749 2270 2061 2339 catenisque

480 2361 890 2429 constringitur,
916 2372 969 2415 et
1002 2361 1052 2415 in
1079 2363 1259 2416 caveis
1289 2370 1615 2416 reservatur.
1640 2361 1888 2430 Alioquin
1908 2359 2060 2428 juxta

483 2453 766 2507 historiam
803 2454 904 2508 hoc
951 2454 1017 2507 de
1072 2452 1295 2508 Sedecia
1330 2452 1579 2520 legimus,
1602 2453 1692 2522 qui
1720 2460 1840 2520 post
1868 2451 2062 2506 Jecbo-

482 2544 662 2605 niam,
692 2542 986 2597 Jerusalem
1032 2557 1126 2596 rex
1165 2544 1487 2597 censtitutus
1532 2552 1632 2595 est.
1676 2542 1736 2595 Et
1778 2542 1893 2596 inec
1937 2543 2063 2596 fecit

481 2632 717 2697 occasio,
748 2640 803 2685 ut
828 2633 951 2699 quia
982 2642 1184 2685 catenae
1208 2630 1477 2700 leguntur,
1510 2639 1773 2684 et-eavc:e
1798 2638 1852 2684 et
1872 2646 2061 2684 carcer

481 2723 808 2786 nominatur,
840 2722 1118 2777 Sedeeiam
1156 2722 1331 2791 potius
1358 2736 1517 2791 quam
1550 2718 1863 2773 Jechoniam
1891 2720 2057 2791 pleti-

485 2826 589 2880 que
618 2811 933 2882 intelligant.
967 2810 1233 2865 Servatos'
1266 2810 1430 2878 igitur
1467 2810 1518 2862 in
1556 2823 1777 2863 carcere
1816 2817 1928 2873 est,
1960 2823 2061 2862 nec

492 2901 831 2965 interfectus,
857 2911 909 2956 et
935 2901 1306 2955 tantummodo
1334 2901 1577 2954 sublatus
1605 2910 1687 2953 est
1726 2914 1907 2967 regno.
1942 2898 2059 2952 Ca:—

484 3002 656 3045 tcrum
694 2990 982 3055 Sedeciam
1027 3005 1228 3044 caecum
1258 2989 1473 3044 ductum
1507 2989 1558 3041 iu
1589 2987 1933 3057 Babylonem,
1963 2986 2061 3041 ibi-

480 3096 584 3149 que
609 3081 790 3134 statim
816 3080 1053 3134 occisum
1089 3089 1276 3134 narrat
1298 3080 1543 3133 historia.

556 3191 573 3219 ι
621 3171 790 3227 Mater
832 3180 920 3225 tua
968 3172 1117 3239 quasi
1152 3173 1305 3225 vinea
1352 3172 1404 3223 in
1444 3170 1706 3239 sanguine
1741 3176 1853 3231 tuo,
1901 3183 2060 3236 super
2088 3145 2131 3206 C

490 3289 505 3318 ι
552 3283 746 3337 aquam
776 3269 1036 3339 plantata,
1063 3268 1266 3321 fructus
1292 3268 1407 3336 ejus
1438 3274 1491 3319 et
1519 3264 1733 3319 frondes
1757 3262 1872 3333 ejus
1889 3278 2067 3317 creve-

491 3381 505 3409 ι
555 3371 679 3414 runt
704 3378 770 3415 ex
796 3361 951 3429 aquis
984 3359 1187 3414 multis.
1215 3359 1281 3412 Et
1308 3360 1460 3411 facta:
1484 3364 1607 3411 sunt
1630 3357 1677 3410 ei
1700 3355 1865 3423 virg‘m
1886 3354 2066 3409 solidat

491 3473 506 3501 ι
556 3454 607 3507 in
648 3461 859 3522 sceptra
909 3451 1336 3513 dominantium,
1383 3458 1436 3501 et
1477 3448 1713 3502 exaltata
1746 3458 1827 3500 est
1862 3454 2065 3499 statura

490 3564 506 3590 ι
553 3544 668 3612 ejus
695 3543 747 3596 in
782 3523 1017 3595 frondes.
1050 3542 1113 3595 Et
1144 3541 1276 3595 vidit
1303 3540 1642 3594 altitudinem
1672 3553 1821 3593 suam
1846 3537 1896 3589 in
1927 3536 2065 3589 mul-

490 3655 508 3686 ι
557 3635 784 3687 litudine
812 3633 1092 3703 palmitum
1124 3647 1369 3693 suorum,
1399 3640 1453 3685 et
1478 3632 1659 3685 evulsa
1689 3639 1771 3684 est
1804 3630 1856 3682 in
1897 3628 1975 3681 ira
2013 3627 2064 3680 in

491 3747 507 3777 ι
554 3734 859 3793 terramque
884 3723 1139 3791 proiecta.
1172 3722 1236 3774 Et
1266 3732 1459 3775 ventus
1498 3736 1660 3773 urens
1697 3720 1923 3773 siccavit
1958 3718 2067 3771 fru-

493 3839 508 3867 ‹
558 3827 701 3872 ctum
754 3816 904 3885 ejus,
946 3824 1325 3869 emarcuerunt
1354 3824 1405 3866 ct
1438 3811 1687 3865 arefacta:
1733 3818 1857 3863 sunt
1904 3810 2067 3877 virgm

492 3928 509 3957 ι
559 3906 769 3961 roboris
790 3905 926 3973 ejus,
956 3904 1093 3973 ignis
1123 3902 1355 3956 comedit
1378 3917 1488 3955 eas.
1510 3900 1574 3953 Et
1599 3914 1740 3952 nunc
1766 3898 2065 3965 lransplan-

494 4021 510 4050 ι
557 4007 663 4051 tata
688 4005 770 4051 est
802 3996 853 4048 in
890 3995 1162 4049 desertmu
1190 3994 1241 4046 in
1284 4002 1424 4045 terra
1473 3992 1611 4045 invia
1656 4001 1709 4042 et
1743 3989 1944 4042 sitienti
1972 4030 1983 4050 ,
2016 3996 2067 4040 et

494 4111 510 4142 ι
557 4105 807 4160 egressus
844 4096 927 4143 est
966 4087 1108 4157 ignis
1152 4086 1217 4139 de
1261 4085 1407 4153 virga
1460 4099 1731 4137 ramorum
1778 4081 1927 4148 ejus,
1977 4080 2066 4150 qui

496 4204 512 4233 ι
557 4184 786 4237 fructum
819 4182 932 4250 ejus
962 4179 1213 4234 comedit.
1246 4178 1311 4229 Et
1339 4191 1442 4229 non
1475 4176 1574 4227 fuit
1604 4175 1655 4226 in
1693 4189 1755 4227 ea
1776 4173 1926 4243 virga
1956 4171 2067 4224 for-

496 4292 514 4323 ι
564 4272 940 4339 tis,sccptrum
966 4266 1390 4327 dominantium;
1419 4264 1666 4332 planctus
1688 4272 1789 4324 est,
1813 4272 1867 4315 ct
1893 4262 1995 4313 crit
2016 4260 2067 4313 in

499 4385 516 4417 ι
568 4363 840 4433 planctum
863 4400 877 4424 ,
908 4368 1013 4413 etc.
1052 4378 1069 4410 ι
1101 4356 1337 4410 Diversis
1380 4355 1716 4408 sermonibus
1743 4368 1845 4405 una
1878 4366 1964 4405 res
1991 4352 2070 4406 di-

2168 1906 2426 1965 remansit
2448 1906 2595 1975 virga
2623 1907 2673 1958 in
2696 1921 2781 1969 ea,
2807 1921 2926 1974 quae
2956 1915 3306 1976 consurgeret
3330 1907 3381 1961 in
3409 1908 3605 1962 tribum
3634 1910 3755 1963 sive

2166 1997 2216 2050 in
2246 2005 2514 2065 sceptrum
2548 1996 2960 2050 dominantium.
3002 1996 3039 2048 Α
3081 1996 3298 2065 planctu
3342 1998 3489 2050 enim
3526 1998 3752 2067 incipit,

2164 2087 2427 2139 etﬁuitur
2452 2088 2501 2140 in
2526 2086 2763 2156 planctu.
2806 2107 2820 2136 ι
2860 2086 3091 2141 Assume
3118 2087 3389 2157 planctum
3419 2102 3579 2158 super
3603 2090 3756 2158 prin—

2164 2179 2310 2244 cipes
2339 2177 2532 2239 lsrael,
2575 2197 2593 2228 ι
2633 2178 2732 2231 hoc
2762 2184 2876 2240 est,
2902 2177 2954 2230 in
2989 2177 3253 2247 principio
3294 2188 3355 2233 et
3389 2172 3613 2234 nuncin
3642 2179 3755 2234 fine

2165 2268 2408 2337 planctus
2433 2277 2535 2330 est,
2564 2283 2616 2321 et
2642 2269 2690 2320 in
2725 2268 3106 2323 lamentatione
3135 2268 3459 2338 planctuque
3480 2270 3754 2339 parabolze

2164 2361 2333 2429 stirpe
2357 2360 2499 2429 regia
2529 2360 2922 2427 prosequenda.
2962 2359 3129 2414 Porro
3171 2362 3465 2415 secundum
3502 2363 3753 2434 ἀνάγογην

2163 2452 2303 2521 quod
2326 2450 2414 2504 alii
2438 2451 2501 2503 ad
2536 2440 2812 2504 cmlestem
2848 2449 3143 2505 Jerusalem
3182 2450 3454 2515 referunt,
3489 2462 3547 2505 ut
3570 2454 3756 2517 dicant

2164 2559 2227 2597 ex
2266 2560 2327 2598 ea
2370 2544 2421 2597 in
2472 2545 2629 2596 istam
2679 2544 2870 2597 vallem
2919 2544 3280 2615 laciymarum
3321 2547 3583 2615 plurimos
3630 2562 3755 2600 cor—

2165 2635 2368 2700 ruisse,
2401 2646 2454 2689 et
2496 2652 2653 2705 reges
2700 2652 2818 2689 esse
2854 2636 3091 2699 desisse,
3135 2638 3435 2692 ctvineam
3481 2638 3753 2708 quondam

2166 2727 2583 2792 pulcherrimam
2630 2736 2790 2779 vento
2818 2736 3008 2781 urente
3038 2728 3296 2781 siccatam
3318 2768 3332 2791 ,
3367 2727 3439 2781 ita
3474 2736 3534 2781 ut
3574 2728 3755 2782 nullus

2167 2814 2219 2868 in
2248 2831 2307 2869 ea
2334 2816 2618 2869 virentium
2666 2816 2948 2884 palmitum
2990 2817 3342 2879 remanserit,
3370 2832 3533 2886 quam
3563 2825 3753 2887 postea

2167 2904 2266 2957 sub
2296 2904 2444 2957 urbis
2487 2906 2653 2979 figura
2696 2904 2914 2974 plangat
2954 2903 3230 2975 Jcrcmias.
3268 2921 3366 2960 nos
3401 2906 3756 2977 intelligimus

2167 3006 2325 3060 super
2356 2992 2673 3058 Ecclesiam,
2696 3008 2759 3047 eo
2784 2994 2924 3063 quod
2953 2995 3006 3048 in
3034 2996 3329 3050 novissimo
3362 3005 3599 3067 tempore
3619 2999 3757 3053 mul-

2168 3084 2401 3152 tiplicata
2431 3085 2711 3153 iniquitate
2741 3085 3056 3155 refrigescet
3084 3087 3323 3141 eharitas
3344 3088 3650 3151 multorum,
3678 3088 3752 3142 ita

2166 3186 2224 3229 ut
2248 3176 2560 3244 probentur,
2586 3177 2629 3231 si
2656 3177 2769 3231 fieri
2803 3185 2999 3245 potest,
3027 3178 3187 3232 etiam
3210 3178 3364 3233 electi
3394 3179 3579 3244 Dei,ct
3606 3180 3753 3249 prin-

2165 3266 2311 3335 cipes
2359 3264 2473 3333 ejus
2520 3267 2804 3335 capiantur
2855 3269 3060 3322 retibus
3109 3258 3340 3334 diaboli,
3392 3272 3482 3339 qui
3530 3287 3635 3324 non
3683 3249 3756 3325 sit

2166 3358 2326 3410 unius
2357 3358 2498 3428 regis
2520 3360 2771 3427 captione
2798 3364 3101 3425 contentus,
3134 3363 3225 3415 sed
3249 3363 3492 3431 quotidie
3524 3378 3679 3434 reges
3702 3374 3755 3417 et

2166 3449 2434 3519 principes
2462 3464 2656 3519 capere
2687 3449 2935 3512 festinet,
2965 3452 3258 3505 scentulum
3294 3452 3420 3506 illud
3445 3454 3591 3523 quod
3617 3455 3753 3509 scri-

2166 3547 2315 3609 ptum
2352 3547 2455 3603 est,
2492 3558 2509 3588 ι
2545 3539 2691 3594 Esca:
2716 3538 2831 3607 ejus
2861 3540 3063 3595 electae.
3096 3561 3111 3592 ι
3144 3540 3399 3596 Palmites
3424 3558 3639 3612 quoque
3666 3558 3758 3597 ec-

2167 3630 2363 3695 clesue,
2388 3648 2479 3700 qun
2511 3632 2707 3684 dudum
2730 3631 2963 3685 floribus
2985 3642 3037 3685 et
3066 3632 3244 3686 robori
3278 3615 3557 3703 sanguinis
3579 3648 3759 3701 :eqna-

2167 3720 2382 3781 haulor,
2414 3727 2599 3786 postea
2624 3729 2782 3771 vento
2810 3728 2999 3772 urente
3027 3721 3317 3773 siccentur.
3347 3722 3519 3786 Quam
3542 3722 3757 3790 exposi-

2171 3811 2369 3863 tionem
2412 3818 2467 3863 ct
2508 3810 2781 3879 Evangelii
2824 3811 3076 3879 parabola
3122 3821 3278 3865 sonat
3315 3811 3465 3882 (Luc.
3508 3816 3659 3879 vni),
3701 3814 3753 3865 in

2169 3913 2295 3965 qua,
2332 3897 2442 3951 sole
2473 3908 2615 3960 orto,
2647 3912 2707 3950 ea
2734 3915 2851 3966 qua:
2879 3900 3315 3967 gerntiuaverant
3356 3910 3756 3965 mstnaverunt,

2169 3999 2223 4042 et
2254 3996 2473 4057 repente
2505 3989 2704 4042 siccata
2736 4000 2862 4042 sunt
2891 4029 2904 4053 ,
2943 3990 3014 4042 ita
3048 3999 3104 4042 ut
3129 3990 3216 4042 vix
3252 3998 3531 4043 remaneat
3561 4006 3703 4044 unus
3729 4010 3760 4044 e

2171 4083 2501 4150 palmitibus,
2533 4082 2621 4151 qui
2651 4089 2943 4151 consurgat
2970 4082 3022 4134 in
3052 4081 3257 4151 virgam
3286 4090 3339 4135 et
3380 4082 3574 4153 dignus
3612 4083 3760 4151 prin—

2170 4188 2296 4242 ccps
2347 4172 2522 4242 p0puli
2566 4172 2677 4225 fiat.
2717 4170 2868 4237 Quod
2905 4172 3027 4225 aliis
3058 4172 3235 4226 verbis
3278 4171 3517 4239 loquitur
3551 4172 3759 4224 Anius:

2177 4282 2194 4311 ι
2226 4262 2475 4315 lnducam
2503 4260 2694 4313 famem
2720 4271 2771 4314 et
2802 4261 2944 4313 sitim
2978 4275 3137 4328 super
3172 4270 3393 4323 terram,
3420 4276 3527 4313 non
3561 4261 3759 4314 famem

2173 4353 2340 4421 panis,
2365 4367 2535 4420 neque
2562 4352 2706 4405 sitim
2732 4367 2900 4420 aquze,
2929 4351 3020 4405 sed
3050 4353 3246 4404 famem
3274 4352 3529 4404 audiendi
3553 4368 3762 4405 sermo-

496 4446 658 4516 citur,
688 4460 741 4505 et
778 4448 1045 4520 quomodo
1086 4448 1137 4500 in
1176 4446 1541 4515 superioribus
1585 4443 1810 4512 legimus
1844 4442 2064 4496 Jerusa-
2105 4485 2149 4542 ι)
2176 4459 2271 4497 nes
2316 4443 2407 4496 Dei
2442 4444 2620 4512 (Amos
2648 4445 2797 4508 vui);
2837 4464 2853 4493 υ
2883 4444 3020 4496 unde
3047 4444 3304 4496 debemus
3333 4444 3589 4513 plangere
3610 4456 3664 4499 et
3686 4444 3764 4497 la-

495 4543 596 4595 lem
624 4539 857 4610 plthltl'ﬂ:
885 4535 1094 4590 mulieri
1124 4541 1489 4602 comparatam
1522 4542 1575 4584 et
1602 4547 1813 4584 rursum
1850 4531 2032 4585 lea-na:
2053 4571 2066 4592 ,

497 4632 587 4700 qui
622 4631 672 4682 in
700 4626 860 4682 cubili
906 4641 1003 4678 suo
1039 4623 1220 4678 leones
1262 4621 1543 4684 nutrierit,
1583 4621 1661 4674 sic
1692 4636 1831 4673 nunc
1863 4620 1956 4672 viti
1990 4620 2068 4672 vel

494 4718 665 4768 vinea:
709 4714 1081 4784 pulcherrima:
1129 4714 1495 4779 comparatur,
1542 4724 1661 4777 qu;e
1708 4723 1868 4775 super
1905 4722 2068 4776 aquas

497 4808 734 4877 plantata
765 4806 834 4858 sit
863 4804 1080 4867 multas,
1108 4811 1164 4857 et
1220 4802 1420 4855 idcirco
1462 4801 1685 4854 lnuuore
1730 4800 1917 4852 nutriti
1954 4800 2068 4867 pal-

500 4896 656 4948 mites
706 4895 970 4947 intantum
1017 4894 1326 4950 creverint.
1380 4900 1438 4944 ut
1486 4906 1622 4944 unus
1661 4890 1882 4958 palmes,
1913 4907 2069 4959 quem

501 4986 779 5055 Scriptura
806 4986 1005 5055 virgam
1030 4983 1407 5037 solidissimam
1431 4982 1543 5036 sive
1564 4982 1913 5036 fortissimam
1938 4999 2073 5033 nun-

503 5085 683 5144 cupat,
718 5075 1009 5145 profecerit
1036 5074 1086 5126 in
1115 5084 1323 5139 Sceptra
1355 5071 1766 5126 dominantium.
1795 5072 1885 5124 llla
1914 5074 2075 5142 igitur

502 5166 655 5219 vinea
693 5174 853 5218 tanta:
883 5165 1144 5217 ubertatis
1174 5173 1225 5217 et
1249 5162 1518 5215 fructuum
1555 5172 1818 5231 tantteque
1842 5163 2075 5231 pulchri-

505 5259 730 5321 tudinis,
769 5258 1037 5326 quomodo
1068 5272 1208 5309 nunc
1246 5255 1635 5322 trausplantata
1676 5264 1759 5308 est
1804 5256 1854 5307 in
1896 5256 2075 5308 deser-

504 5360 653 5411 tum,
707 5349 757 5400 in
810 5357 951 5400 terra
1004 5348 1142 5399 invia
1196 5355 1249 5399 et
1304 5346 1539 5399 sitienti?
1588 5343 1864 5414 Signiﬁcat
1895 5354 2070 5398 autem

505 5450 706 5494 teriam
758 5440 1084 5509 Babylonis,
1136 5438 1199 5491 ad
1268 5455 1427 5509 quam
1483 5438 1722 5492 translati
1780 5448 1938 5503 sunt,
1991 5439 2072 5491 vel

506 5529 796 5601 Egypttnn
830 5545 935 5596 quo
978 5528 1361 5596 coofugeruut,
1409 5536 1502 5581 aut
1549 5528 1716 5596 ipsam
1756 5536 1953 5581 terram
1984 5528 2075 5581 Ju—

509 5623 699 5684 dteazn,
736 5622 786 5674 in
817 5638 919 5689 qua
948 5623 1099 5689 pauci
1133 5638 1393 5691 pauperes
1432 5634 1803 5677 remanserunt
1827 5665 1841 5687 ,
1882 5627 2075 5693 quibus

508 5712 786 5780 prmfccttls
814 5721 927 5766 erat
948 5712 1222 5767 Gotholias
1248 5711 1542 5787 LOU-Julius]
1568 5724 1624 5769 ut
1647 5728 1987 5784 congregaret
2024 5727 2076 5769 cl.

2180 4533 2404 4585 mcntari
2438 4548 2599 4600 super
2630 4533 2899 4601 principes
2926 4532 3087 4585 Israel
3110 4573 3123 4596 ,
3158 4548 3384 4601 quorum
3413 4534 3549 4588 vitio
3581 4545 3637 4589 et
3672 4551 3763 4589 suo

2180 4624 2363 4691 perhia
2386 4623 2563 4677 Judaea
2592 4623 2801 4676 deserta
2830 4630 3061 4692 etcapta
3085 4632 3167 4677 est
3190 4621 3514 4677 Jerusalem.

2772 4752 2995 4806 CAPUT
3034 4752 3127 4805 XX
3139 4791 3151 4803 .

2184 4863 2439 4916 Dominus
2476 4880 2576 4915 non
2618 4863 2886 4915 resuomlel
2921 4862 3357 4930 interrogantibus
3398 4873 3613 4931 propter
3638 4882 3760 4931 per-

2254 4945 2394 4993 cum,
2428 4942 2471 4984 et
2502 4934 2776 5000 exprobret
2808 4935 2879 4984 eis
2910 4933 3103 4983 .slﬁtft'et'a
3127 4941 3172 4984 et
3212 4932 3561 4999 Neap/centius
3582 4946 3600 4981 :
3623 4946 3671 4985 et
3698 4936 3762 4987 dc

2254 5002 2609 5069 reprobatione
2636 5002 2761 5070 legis
2791 5013 2833 5053 et
2864 5001 3275 5067 sacri/(ciorum;
3314 5001 3377 5053 de
3408 5004 3577 5053 reiilu
3602 5007 3762 5069 capti-

2253 5088 2428 5124 t'oimu
2463 5088 2513 5122 tn
2545 5083 2737 5123 terram
2767 5088 2935 5123 suum.

2258 5202 2274 5233 ‹
2322 5182 2385 5234 Et
2418 5182 2613 5236 factum
2641 5191 2725 5234 est
2748 5182 2798 5234 in
2822 5196 2962 5234 anno
2992 5184 3239 5250 septimo,
3274 5182 3324 5234 in
3356 5182 3642 5250 quinto,in
3672 5183 3763 5234 de-

2189 5292 2205 5322 ι
2255 5273 2391 5327 cima
2418 5274 2911 5335 mensis,venerunt
2944 5274 3039 5324 viri
3074 5274 3135 5325 de
3168 5274 3467 5326 senioribus
3492 5271 3679 5335 Israel,
3704 5284 3763 5325 ut

2187 5381 2203 5411 ι
2253 5363 2649 5430 interrogarent
2680 5362 2999 5421 Dominum,
3034 5373 3086 5413 ct
3128 5362 3385 5414 sezlehant
3422 5376 3605 5415 coram
3640 5378 3726 5415 me
3748 5404 3762 5423 ,

2181 5468 2198 5498 ι
2246 5458 2349 5500 etc.
2394 5468 2411 5497 ι
2453 5446 2719 5516 (Hier-ou.)
2753 5447 2878 5500 Post
2906 5449 3151 5500 on.!eeim
3199 5449 3403 5515 primos
3446 5464 3666 5502 menses
3708 5462 3761 5501 e‘.

2176 5538 2411 5604 quinque
2436 5536 2550 5588 dies
2581 5535 2871 5604 superioris
2900 5536 3140 5597 visionis,
3171 5551 3383 5587 rursum
3405 5550 3581 5587 sermo
3608 5536 3666 5587 fit
3694 5538 3760 5588 ad

2176 5628 2488 5696 prophetam
2523 5636 2803 5695 postquam
2834 5637 3093 5679 venerunt
3124 5627 3218 5678 viri
3244 5628 3308 5679 de
3330 5627 3634 5680 senioribus
3667 5629 3758 5677 ciu-

2180 5734 2295 5770 ntus
2320 5717 2497 5777 Israel,
2525 5726 2577 5768 ut
2606 5718 2991 5783 interrogarent
3016 5718 3201 5780 Deum,
3220 5724 3272 5767 ct
3294 5718 3542 5770 sederunt
3568 5734 3757 5769 C‘Jl‘J.”
