3936 6350
207 402 313 455 7ίῖ

1132 396 1479 455 (ΣΟΜΜΕΝΤ.
1524 395 1587 449 ΙΝ
1629 392 2078 450 EZECIIIELEM.
2116 423 2185 433 —
2222 392 2350 448 LIB.
2394 393 2519 447 VIII.

3338 392 3438 444 7'8

205 527 294 566 eo.
320 510 466 564 Hanc
487 520 665 564 autem
687 509 1124 564 consuetudinem
1154 508 1314 562 fuisse
1332 505 1507 575 populi
1524 504 1706 567 Israel,
1728 511 1784 557 ut
1814 509 1857 565 Α
1888 501 2225 555 haereditario
2257 494 2399 554 malo
2429 501 2794 570 longissimum
2843 500 3022 554 funem
3064 501 3281 555 trahere
3320 517 3442 569 pec-

206 602 467 670 quidquid
484 602 623 655 scire
646 600 932 670 cupiebant
951 615 978 651 a
997 599 1222 652 Domino
1237 604 1540 665 quaererent
1555 609 1649 663 per
1670 609 1785 662 pro-

206 694 422 761 phetns,
447 692 611 745 multa
633 689 872 760 exempla
891 698 1173 743 testantur.
1191 687 1319 742 Saul
1340 701 1585 756 qmerens
1607 685 1784 739 asinas

208 782 259 844 (I
277 782 404 851 Reg.
430 782 527 853 rx),
556 781 816 853 pergitad
842 779 1077 843 Samuel,
1107 778 1419 847 accepitque
1444 775 1722 830 consilium
1750 789 1782 827 a

206 889 412 942 puero,
456 881 514 925 ut
542 871 760 927 oﬂ‘erret
792 872 1065 941 propheta:
1109 879 1355 938 quartam
1396 877 1603 939 partem
1642 866 1777 921 sicli.

207 963 528 1032 Aigrotante
550 962 659 1016 ﬁlio
688 961 970 1015 Jeroboam
998 960 1229 1013 mittitur
1250 959 1309 1011 in
1329 957 1439 1012 Silo
1466 958 1531 1011 ad
1558 956 1778 1010 Achiam

210 1049 453 1122 [Abiam]
488 1051 803 1119 prophetam
836 1054 971 1101 uxor
1004 1047 1119 1116 ejus
1155 1045 1400 1101 deferens
1444 1044 1779 1108 munuscula,

211 1154 381 1209 panes
407 1146 461 1192 et
485 1136 789 1208 collyridas,
817 1150 949 1189 uvas
971 1143 1027 1188 et
1050 1133 1384 1204 lagunculam
1409 1132 1608 1196 mellis,
1638 1141 1694 1185 ut
1716 1132 1783 1186 de

210 1232 310 1287 ﬁlii
357 1231 668 1285 inﬁrmitate
714 1236 1065 1305 cognosceret
1105 1225 1222 1297 (111
1267 1226 1396 1296 Reg.
1435 1227 1569 1295 xw).
1617 1226 1802 1281 David‘

208 1337 428 1391 quoque
453 1322 712 1393 prepheta
736 1320 898 1372 alium
930 1318 1224 1385 interrogat
1244 1316 1557 1385 prophetam
1574 1313 1781 1376 Nathan

210 1411 301 1481 (II
335 1410 461 1480 Reg.
494 1410 592 1482 vn)
622 1420 799 1463 utrum
840 1406 1093 1475 templum
1129 1406 1355 1460 Domino
1384 1400 1650 1459 :ediﬁ‘care
1686 1405 1780 1458 de-

208 1503 356 1556 beat.
377 1501 439 1553 Et
459 1492 645 1554 Achab
669 1497 975 1553 sciscitatur
988 1496 1242 1551 ascendat
1262 1510 1329 1549 an
1348 1510 1451 1548 non
1475 1494 1527 1547 in
1551 1493 1780 1547 Ramoth

207 1589 415 1644 Galaad
454 1587 571 1659 (III
588 1573 721 1656 Reg.
745 1584 903 1657 χχιι).
941 1585 997 1639 In
1025 1584 1158 1638 Isaia
1186 1598 1396 1652 quoque
1422 1592 1476 1636 et
1502 1583 1553 1636 in
1576 1581 1780 1652 Regum

205 1680 505 1743 volumine,
522 1694 639 1746 quae
664 1676 1066 1732 Sennacherich
1092 1682 1318 1729 ventura
1346 1674 1783 1729 sintnnntiantur

208 1767 321 1839 (IV
352 1767 473 1837 Reg.
506 1783 600 1821 XIX
624 1782 638 1832 ;
664 1764 775 1820 Is'a.
808 1764 1035 1835 xxxvii).
1069 1764 1178 1819 Nec
1209 1765 1401 1818 mirum
1446 1765 1489 1819 si
1519 1764 1571 1817 in
1602 1762 1781 1817 Veteri

1882 596 2123 645 calorum
2143 629 2157 654 ,
2184 597 2239 643 ut
2265 598 2492 658 quorum
2538 589 2816 645 imitantur
2842 590 2998 654 vitia,
3031 604 3215 645 eorum
3247 591 3446 661 suppli-

1882 680 1964 736 cia
1992 676 2395 751 pertimescant.

1955 792 1974 824 ι
2009 772 2131 827 llaec
2152 774 2281 828 dicit
2306 772 2564 827 Dominus
2590 772 2728 829 Deus
2754 791 2766 828 :
2790 774 2848 828 In
2871 775 2957 829 die
2976 790 3079 844 qua
3102 774 3237 844 elegi
3259 774 3444 836 Israel,

1887 877 1906 910 ι
1950 868 2005 914 et
2022 859 2191 914 levavi
2223 876 2440 915 manum
2470 875 2643 915 meam
2670 878 2767 931 pro
2794 864 2961 933 stirpe
2980 864 3168 918 domus
3189 862 3448 926 Jacob,et

1887 969 1907 1003 ‹
1947 951 2170 1021 apparui
2221 953 2301 1006 eis
2341 953 2395 1006 in
2438 960 2581 1007 terra
2622 951 2874 1024 Aﬂgypti,
2921 963 2976 1009 et
3016 954 3186 1009 levavi
3225 970 3445 1009 manum

1888 1061 1906 1093 ι
1951 1059 2121 1099 meam
2152 1059 2249 1113 pro
2287 1045 2386 1110 eis,
2411 1046 2594 1101 dicens
2620 1064 2632 1099 :
2660 1048 2769 1117 Ego
2795 1048 3051 1103 Dominus
3081 1050 3219 1104 Deus
3241 1057 3441 1104 vester.

1887 1153 1904 1184 ι
1950 1134 2007 1188 In
2036 1133 2123 1188 die
2152 1135 2239 1189 illa
2264 1135 2435 1190 levavi
2464 1152 2681 1192 manum
2706 1155 2877 1193 meam
2906 1155 3004 1209 pro
3027 1142 3109 1195 eis
3127 1181 3142 1206 ,
3166 1151 3226 1196 ut
3254 1143 3447 1198 educe-

1888 1240 1905 1272 ι
1952 1238 2065 1279 rem
2092 1236 2186 1278 eos
2209 1224 2275 1278 de
2296 1233 2439 1277 terra
2470 1224 2688 1297 [Egypti
2728 1228 2781 1281 in
2812 1238 3043 1296 terram,
3075 1247 3234 1300 quam
3262 1232 3444 1302 provi-

1888 1328 1907 1360 ι
1949 1309 2133 1364 deram
2158 1312 2256 1377 eis,
2287 1311 2541 1368 ﬂuentem
2565 1315 2701 1369 lacte
2722 1325 2776 1370 et
2794 1318 2970 1383 melle,
2993 1334 3110 1387 quae
3132 1330 3214 1374 est
3234 1322 3446 1392 egregia

1887 1420 1906 1454 ι
1950 1402 2090 1457 inter
2114 1419 2302 1459 omnes
2322 1414 2514 1469 terras,
2536 1414 2641 1460 etc.
2675 1427 2692 1459 ι
2719 1407 2773 1461 In
2810 1408 3045 1479 IEgypto
3078 1411 3242 1479 igitur
3274 1411 3444 1469 factus

1881 1500 1964 1548 est
1992 1504 2151 1549 notus
2173 1497 2367 1565 pepulo
2394 1508 2449 1551 et
2486 1499 2676 1552 semini
2706 1500 2895 1556 domus
2920 1500 3104 1566 Jacob,
3139 1505 3351 1573 quando
3379 1506 3448 1559 le-

1879 1586 2024 1640 vavit
2069 1602 2283 1641 manum
2326 1604 2476 1643 suam
2524 1606 2621 1658 pro
2664 1591 2769 1653 eis,
2821 1602 3009 1647 contra
3039 1594 3343 1665 Egyptios,
3390 1608 3439 1652 et

1881 1673 2052 1730 dixit:
2081 1695 2099 1727 ι
2122 1672 2234 1747 Ego
2257 1677 2514 1732 Dominus
2544 1680 2683 1734 Deus
2716 1690 2913 1746 vester,
2945 1702 2963 1735 ι
2997 1692 3051 1737 et
3087 1685 3246 1755 elegit
3268 1701 3359 1740 eos
3388 1696 3449 1739 ut

1882 1768 2135 1823 educeret
2163 1769 2229 1824 de
2252 1778 2393 1822 terra
2423 1769 2643 1841 IEgypti
2681 1772 2747 1825 ad
2778 1781 2975 1826 terram
3019 1773 3266 1831 fluentem
3309 1777 3447 1832 laete

205 1859 558 1915 Testamento
588 1856 832 1926 singulis,
860 1870 979 1924 quae
1021 1853 1199 1907 futura
1220 1862 1368 1913 sunt,
1395 1853 1666 1922 prophetae
1691 1868 1779 1904 ειη-
1808 1847 1854 1905 Β
1881 1864 1937 1911 et
1986 1856 2182 1923 melle;
2231 1857 2461 1912 necdum
2508 1860 2651 1913 enim
2689 1876 2882 1931 capere
2928 1872 3174 1931 poterant
3221 1865 3449 1919 solidum

204 1952 503 2016 nuntient,
551 1965 674 2005 cum
721 1949 960 2018 Agabum
1006 1934 1293 2015 legerimus
1330 1945 1465 2015 (Act.
1494 1948 1628 2014 xm),
1667 1956 1787 2012 qua:

203 2043 377 2097 Paulo
401 2052 625 2097 ventura
666 2041 771 2095 sint
810 2039 1151 2108 prophetare.
1175 2036 1443 2105 Scriptum
1470 2034 1708 2089 estenim
1731 2033 1783 2085 in

202 2132 629 2187 Denteronomio
658 2148 670 2183 :
704 2149 722 2180 ι
758 2128 957 2183 Gentes
1003 2142 1138 2196 quas
1179 2126 1436 2180 Dominus
1481 2123 1785 2193 perditurus

200 2233 313 2287 est,
346 2225 398 2277 in
426 2230 716 2291 compectu
743 2230 835 2274 tuo
861 2220 977 2274 istae
1003 2217 1210 2297 somnia
1234 2224 1287 2270 et
1313 2213 1667 2270 divinationes
1692 2228 1786 2267 au-

202 2316 388 2380 dient,
440 2315 531 2369 tibi
578 2323 754 2368 autem
786 2328 887 2367 non
922 2312 1001 2368 sic
1037 2312 1184 2366 dedit
1211 2309 1483 2365 Dominus
1498 2307 1639 2361 Deus
1664 2318 1785 2361 tuus

202 2404 387 2475 (Deut.
429 2402 605 2474 xvtn).
645 2422 663 2453 ι
704 2401 952 2457 Gentium
997 2400 1140 2453 enim
1182 2405 1266 2452 est
1312 2395 1460 2450 adire
1486 2393 1782 2459 Chaldaeos,

202 2494 427 2560 ariolos,
459 2493 752 2562 aruspices,
777 2490 1005 2553 divinos,
1030 2488 1328 2557 sortilegos,
1353 2484 1567 2539 oracula
1591 2483 1788 2536 daemo-

204 2601 341 2640 num
373 2585 566 2651 quibus
595 2583 766 2637 errori
789 2597 971 2635 earum
1003 2578 1255 2633 illuditur.
1288 2575 1440 2630 Unde
1466 2582 1520 2628 et
1543 2588 1681 2627 nunc
1711 2587 1788 2628 se-

205 2676 393 2729 niores
420 2672 582 2726 Israel
606 2672 803 2726 adeunt
835 2671 1174 2739 prophetam,
1198 2674 1255 2719 ut
1282 2666 1788 2734 interrogarentper

203 2780 335 2818 eum
370 2763 683 2823 Dominum,
730 2768 785 2815 et
822 2769 998 2813 tamen
1036 2759 1101 2811 de
1142 2755 1561 2825 interrogatione
1604 2752 1784 2817 silent,

204 2857 330 2926 ipso
366 2856 456 2925 qui
502 2852 912 2922 interrogandus
941 2859 1060 2905 erat
1095 2849 1295 2904 sciente
1328 2846 1455 2915 quid
1492 2845 1789 2914 interroga-

112 2944 115 2946 ’
203 2955 363 3011 rent,
394 2956 453 3000 nt
472 2955 524 2999 et
547 2946 598 2998 in
623 2959 688 2998 eo
709 2943 1022 2997 miraculum
1049 2942 1118 2997 sit
1144 2941 1281 2996 scire
1309 2955 1405 2994 cur
1423 2940 1697 3002 venerint,
1735 2946 1791 2992 et

207 3037 277 3089 ad
317 3050 377 3088 ea
418 3034 741 3103 respondere
759 3072 774 3097 ,
813 3046 932 3102 qua:
961 3031 1154 3086 tacitus
1175 3044 1353 3084 sermo
1379 3030 1432 3083 in
1461 3030 1640 3083 animo
1661 3043 1787 3083 con-

212 3124 445 3177 linebut.

1884 1949 2096 2014 cibum,
2136 1948 2232 2005 sed
2270 1951 2421 2020 quasi
2457 1952 2658 2020 parvuli
2702 1964 2862 2022 atque
2901 1954 3179 2021 lactentes,
3216 1956 3369 2012 melle
3397 1967 3451 2011 et

1884 2035 2022 2091 laete
2050 2037 2358 2107 indigebant
2404 2038 2659 2095 infantiae.
2692 2040 2848 2096 Juxta
2888 2043 3126 2098 litteram
3160 2060 3321 2109 vero,
3373 2047 3450 2098 in-

1884 2125 2078 2196 clytam
2108 2140 2229 2182 esse
2259 2136 2457 2182 terram
2494 2129 2642 2184 Judre
2689 2126 2994 2187 ct'cunctis
3034 2134 3194 2189 terris
3237 2133 3452 2189 fertilio-

1886 2230 1997 2270 rem
2027 2217 2272 2271 dubitare
2300 2233 2405 2271 non
2430 2220 2642 2287 poterit,
2666 2220 2754 2290 qui
2780 2237 2808 2274 a
2838 2217 3169 2279 Rinocorura
3192 2240 3361 2294 usque
3384 2226 3450 2280 ad

1884 2306 2121 2361 Taurum
2171 2316 2407 2362 montem
2458 2317 2511 2363 et
2554 2326 2721 2379 usque
2767 2312 2833 2366 ad
2877 2312 3182 2383 Euphraten
3235 2313 3450 2369 ﬂuvium

1885 2404 2133 2449 cunctam
2158 2396 2579 2451 consideraverit
2603 2407 2823 2463 terram,
2839 2408 2893 2453 et
2918 2400 3128 2455 urbium
3157 2403 3450 2471 potentiam

1887 2482 2371 2553 ammnitatemque
2408 2485 2683 2555 regionum
2706 2527 2721 2551 ,
2750 2487 3089 2544 Palaestinam
3121 2491 3373 2547 videlicet
3400 2503 3455 2548 et

1886 2572 2176 2629 Phoenicen
2196 2614 2211 2638 ,
2240 2573 2491 2629 Arabiam
2510 2616 2524 2639 ,
2576 2574 2787 2645 Syriam
2806 2619 2820 2642 ,
2849 2576 3030 2633 Coelen
3056 2618 3071 2643 ,
3108 2578 3373 2644 Ciliciam,
3398 2591 3456 2635 et

1887 2675 2112 2723 eteteras
2136 2667 2405 2737 regiones,
2438 2683 2571 2736 quas
2604 2668 2809 2731 Israeli,
2850 2670 2892 2723 si
2916 2671 3007 2725 Dei
3033 2680 3301 2740 praecepta
3334 2686 3450 2726 ser-

1886 2764 2085 2820 vasset,
2110 2754 2374 2811 Dominus
2399 2758 2702 2825 repromisit
2732 2776 2744 2809 :
2772 2774 2907 2828 quas
2937 2762 3060 2830 quia
3085 2776 3187 2815 non
3217 2762 3453 2831 accepit,

1887 2847 2076 2901 vitium
2111 2844 2213 2900 fuit
2242 2847 2629 2903 incredulitatis
2649 2848 2782 2918 ejus.
2811 2848 2942 2903 Nam
2971 2859 3026 2904 et
3052 2850 3105 2904 in
3136 2851 3251 2919 ipsa
3283 2851 3451 2905 Palae-

1889 2937 2028 2992 stina
2055 2934 2342 3004 Judasaque
2387 2937 2663 3005 provincia
2694 2946 2880 3009 gentes
2914 2938 3155 3009 plurimae
3183 2955 3458 2997 remanse-

1890 3034 2035 3091 runt,
2063 3041 2183 3097 qua:
2222 3042 2326 3082 non
2365 3036 2490 3081 sunt
2516 3026 2715 3097 eiectat.
2744 3026 2924 3098 Neque
2953 3029 3094 3084 enim
3136 3045 3361 3099 sponsor
3398 3032 3453 3085 in

1890 3118 2116 3172 crimine
2141 3124 2246 3181 est,
2278 3117 2323 3171 si
2366 3116 2456 3170 ille
2504 3118 2591 3172 cui
2634 3119 3057 3186 repromittatur,
3084 3120 3357 3191 indignum
3394 3137 3453 3176 se

288 3232 309 3265 ι
355 3213 420 3266 Ει
461 3212 634 3267 factus
669 3219 753 3265 est
787 3225 964 3265 sermo
992 3208 1202 3263 Domini
1236 3206 1303 3262 ad
1332 3223 1417 3262 me
1437 3207 1652 3262 dicens:
1683 3205 1781 3260 Fili
1813 3188 1856 3249 (ἶ
1887 3208 2077 3265 fecerit
2103 3208 2421 3278 sponsione,
2451 3210 2750 3278 praesertim
2788 3226 2912 3264 cum
2944 3188 3272 3280 proponatur
3302 3214 3449 3281 optio

214 3323 233 3354 ι
286 3304 541 3365 hominis,
568 3302 786 3371 loquere
808 3300 1109 3354 senioribus
1133 3297 1315 3362 Israel,
1332 3307 1387 3352 et
1403 3298 1549 3351 dices
1571 3298 1637 3351 ad
1658 3311 1781 3350 cos:

222 3413 241 3445 ι
294 3392 419 3447 Haec
445 3392 575 3447 dicit
600 3393 857 3445 Dominus
888 3391 1052 3444 Deus:
1083 3386 1329 3456 Nunquid
1352 3388 1418 3441 ad
1445 3387 1784 3455 interrogan-

215 3505 233 3537 ι
279 3484 409 3539 dum
437 3498 521 3536 me
545 3498 639 3536 vos
668 3481 889 3535 venistis
908 3480 931 3531 ἶ)
950 3479 1084 3533 Vivo
1109 3494 1207 3549 ego
1225 3518 1239 3543 ,
1266 3479 1391 3547 quia
1435 3492 1539 3531 non
1569 3491 1788 3546 respon-

213 3593 234 3623 ι
290 3573 429 3627 debo
458 3570 641 3633 vobis,
672 3571 747 3624 ait
790 3569 1047 3623 Dominus
1084 3567 1243 3623 Deus.
1278 3587 1295 3618 ι
1330 3565 1541 3621 Sanctis
1570 3574 1624 3620 et
1654 3581 1786 3619 con-

208 3677 349 3732 grua
397 3660 854 3730 interrogantibus
901 3659 1058 3711 datur
1109 3656 1395 3725 promissio
1424 3695 1438 3720 ,
1491 3656 1664 3708 adhuc
1711 3653 1789 3707 lo-

208 3758 416 3820 quente
434 3760 484 3803 te
502 3750 675 3803 dicam
700 3766 714 3802 :
738 3768 755 3797 ι
781 3748 916 3801 Ecce
937 3746 1142 3800 adsum.
1157 3764 1174 3795 ι
1192 3744 1567 3800 Peccatoribus
1586 3752 1785 3808 autem,

209 3839 402 3908 quales
432 3838 647 3893 fuerunt
677 3838 917 3891 seniores
942 3835 1126 3898 Israel,
1151 3845 1204 3889 et
1235 3850 1462 3903 quorum
1501 3836 1701 3889 scelera
1732 3836 1783 3889 in

209 3930 665 3998 consequentibus
687 3929 942 3998 propheta
969 3926 1241 3988 describit,
1264 3942 1367 3979 non
1393 3926 1551 3979 datur
1571 3940 1788 3993 respon—

210 4022 331 4086 sio,
365 4022 457 4075 scd
483 4021 777 4088 increpatio
800 4034 897 4087 pro
932 4019 1187 4087 peccatis.
1222 4017 1289 4070 Et
1332 4015 1483 4069 addit
1517 4013 1787 4083 jusjuran-

209 4113 343 4165 dum
368 4130 379 4163 :
402 4110 564 4165 «Vivo
588 4125 705 4178 ego,
727 4128 745 4159 ›
774 4116 831 4162 ιιι
854 4108 1057 4161 ﬁrmior
1073 4107 1141 4161 sit
1169 4106 1431 4160 sententia
1454 4104 1781 4173 denegantis.

218 4221 237 4253 ‹
284 4201 342 4255 Si
366 4199 579 4268 iudicas
603 4214 711 4263 eos,
740 4196 1121 4265 sijudicas,ﬁli
1145 4194 1393 4249 hominis.
1420 4213 1437 4245 ›
1475 4192 1549 4245 Illi
1573 4192 1786 4260 quidem

211 4295 283 4347 ad
312 4289 749 4361 interrogandum
778 4294 1056 4351 venerant,
1079 4287 1354 4355 cupientvs
1379 4284 1444 4338 de
1469 4283 1572 4347 his,
1597 4283 1788 4351 quibus

211 4384 518 4452 ambigunt,
550 4390 602 4436 et
633 4380 807 4434 futura
836 4394 1177 4450 cognoscere.
1209 4397 1226 4428 ι
1261 4377 1338 4431 Tu
1366 4385 1567 4440 autem,
1594 4374 1664 4428 ﬁli
1692 4376 1789 4429 ho-

213 4476 402 4537 minis,
420 4475 597 4543 judica
625 4488 736 4531 eos.
766 4480 823 4524 ut
853 4486 957 4525 non
985 4472 1257 4539 prephctre
1280 4470 1349 4522 sit
1373 4466 1669 4535 responsio,
1697 4466 1788 4519 sed

213 4565 483 4622 sententia
512 4563 801 4632 judicantis
836 4576 931 4631 pro
964 4560 1332 4629 iniquitatibus
1365 4574 1497 4627 quas
1525 4555 1785 4619 fecerunt,

212 4665 269 4709 et
295 4663 506 4723 patrum
530 4653 697 4706 secuti
724 4660 850 4704 sunt
874 4651 1091 4705 scelera.
1122 4650 1212 4705 Vel
1235 4659 1378 4705 certe
1404 4668 1423 4700 ι
1461 4650 1503 4703 si
1532 4648 1672 4702 ultus
1696 4663 1787 4701 eos

213 4747 373 4801 fuero
397 4743 615 4800 ultione;
630 4762 646 4789 ι
670 4752 726 4794 ut
746 4742 815 4795 sit
829 4757 1018 4795 sensus
1037 4783 1048 4794 .
1067 4742 1235 4794 Tanta
1258 4740 1537 4808 iniquitate
1553 4736 1787 4806 cooperti

215 4841 347 4890 sunt
373 4873 387 4896 ,
424 4841 482 4885 ut
531 4846 631 4884 nec
671 4830 1045 4883 einendationc
1095 4831 1310 4899 quidem
1358 4838 1414 4881 et
1452 4830 1788 4896 correptione

213 4925 330 4978 sint
372 4922 546 4990 (ligni,
585 4921 875 4975 secundum
910 4919 1036 4973 illud
1064 4960 1076 4982 ,
1109 4920 1248 4987 quod
1282 4918 1333 4971 in
1362 4919 1620 4985 propheta
1652 4915 1788 4970 dici—

216 5020 311 5065 tur
352 5030 364 5065 :
412 5030 429 5061 ι
478 5010 592 5063 Non
638 5010 862 5063 visitabo
905 5008 1041 5060 ultra
1096 5008 1229 5060 tilias
1274 5018 1478 5061 vestras
1523 5016 1577 5059 et
1626 5021 1792 5059 nurus

213 5117 430 5157 vestras
450 5117 571 5156 cum
598 5102 877 5155 moechatm
902 5099 1097 5151 fuerint
1118 5097 1258 5167 (Osc.
1281 5098 1373 5167 tv).
1396 5117 1413 5147 ι
1433 5097 1583 5153 Unde
1603 5106 1649 5149 et
1673 5112 1793 5165 pec-

215 5204 452 5254 catores,
483 5192 573 5259 qui
599 5192 648 5243 in
677 5189 997 5259 profundum
1033 5202 1225 5242 vcncrc
1256 5188 1496 5255 peccati,
1519 5187 1791 5241 dimittun-

216 5292 306 5336 tur
333 5292 391 5335 ut
415 5281 613 5334 faciant
635 5280 895 5333 desideria
922 5279 1100 5332 cordis
1130 5278 1231 5330 sui.

292 5390 310 5420 ι
356 5369 796 5423 Abominatioues
836 5378 1046 5436 patrum
1091 5381 1309 5419 suorum
1344 5368 1565 5421 ostende
1589 5367 1696 5429 eis,
1731 5376 1784 5420 ct

223 5479 243 5508 ‹
286 5459 434 5513 dices
477 5458 544 5510 ad
588 5472 699 5511 eos.
752 5478 769 5508 ι
819 5457 872 5511 Si
928 5464 1144 5525 peccata
1190 5464 1403 5523 patrum
1448 5471 1548 5509 noo
1595 5458 1785 5509 redun-

217 5552 350 5605 dant
377 5551 442 5604 ad
475 5549 630 5611 ﬁlios,
657 5550 923 5618 quomodo
954 5548 1377 5604 abominationes
1397 5557 1451 5602 et
1480 5548 1787 5616 iniquitates

218 5650 429 5710 patrum
482 5655 625 5693 nunc
674 5639 975 5693 senioribus
1021 5637 1333 5707 ponuntur?
1389 5637 1498 5691 Ilac
1542 5637 1789 5691 videlicet

222 5748 418 5799 causa,
452 5740 511 5786 ut
534 5730 891 5786 ostendantur
926 5731 1118 5785 similia
1158 5731 1465 5800 parentibus
1516 5746 1703 5800 agere,
1737 5739 1790 5783 et

1818 4518 1866 4575 D

1886 3298 2287 3369 promittentis:
2320 3315 2339 3347 ι
2369 3297 2425 3352 Si
2468 3298 2744 3354 volueritis
2783 3308 2838 3353 et
2884 3301 3161 3357 audieritis
3189 3318 3302 3369 me,
3333 3319 3453 3373 qua

1887 3389 2026 3443 bona
2045 3397 2169 3443 sunt
2195 3397 2351 3442 terra:
2377 3388 2687 3452 comedetis,
2712 3389 2791 3443 sin
2816 3399 2992 3444 autem
3024 3391 3321 3456 nolueritis,
3347 3394 3454 3464 gla-

1888 3479 2005 3534 dius
2018 3477 2295 3535 devorabit
2315 3494 2410 3533 vos
2426 3477 2559 3548 (Isa.
2586 3478 2644 3549 ι).
2670 3498 2687 3530 ι
2710 3479 2986 3547 Eliguntur
3006 3496 3134 3551 ergo
3146 3472 3451 3551 praesentia,

1887 3582 1985 3622 nec
2010 3567 2215 3632 statim,
2240 3568 2330 3636 qui
2358 3567 2572 3638 eligitur
2602 3570 2795 3622 tentari
2837 3584 2942 3622 non
2969 3577 3145 3637 potest
3196 3587 3294 3627 nec
3334 3589 3456 3643 per-

1886 3657 1985 3722 ire,
2018 3658 2140 3727 quia
2162 3666 2217 3712 et
2247 3657 2372 3711 Saul
2396 3659 2596 3712 electus
2620 3658 2671 3711 in
2700 3673 2877 3728 regem
2907 3668 2959 3713 et
2984 3658 3148 3715 Judas
3173 3661 3225 3715 in
3250 3673 3458 3732 aposto-

1886 3746 1993 3800 lum
2025 3763 2122 3801 suo
2150 3757 2333 3817 postea
2361 3749 2492 3802 vitio
2514 3757 2851 3803 corruerunt.
2877 3749 3114 3805 Elevatio
3135 3761 3312 3807 autem
3344 3770 3456 3807 ma-

1886 3852 1986 3889 nus
2017 3837 2128 3890 sive
2158 3837 2400 3891 extensio
2429 3837 2671 3890 habitum
2710 3838 3062 3907 percutientis
3097 3842 3365 3905 ostendit,
3395 3858 3455 3902 ut

1886 3932 2195 3992 percuteret
2220 3941 2317 3994 pro
2347 3926 2425 3981 eis
2448 3925 2760 3996 Egyptios,
2801 3937 2855 3982 et
2894 3930 3147 3998 populum
3186 3930 3348 3987 Israel
3388 3934 3454 3987 de

1887 4014 2119 4085 AEgypto
2142 4016 2409 4071 liberaret.

1962 4125 1980 4155 ‹
2028 4106 2095 4157 lit
2120 4105 2229 4160 dixi
2256 4106 2319 4159 ad
2348 4122 2481 4161 eos:
2518 4106 2894 4177 Unusquisque
2919 4109 3240 4166 offensiones
3277 4112 3456 4167 oculo-

1893 4213 1910 4245 ι
1954 4210 2069 4249 rum
2110 4212 2327 4250 suorum
2373 4198 2621 4267 abjiciat,
2649 4207 2703 4252 et
2739 4198 2792 4251 in
2838 4200 2991 4256 idolis
3031 4199 3247 4272 Egypti
3290 4204 3455 4257 nolite

1894 4307 1910 4337 ι
1956 4288 2254 4358 pollui,ego
2278 4291 2533 4346 Dominus
2550 4293 2689 4347 Deus
2708 4304 2905 4349 vester.
2938 4314 2956 4347 ι
2994 4294 3243 4365 Praecipit
3272 4305 3450 4352 autem

1888 4378 2205 4433 exeuntibus
2232 4381 2461 4447 primum
2486 4382 2550 4435 de
2580 4381 2833 4453 .Egypto,
2861 4395 2917 4437 ut
2943 4385 3326 4440 obliviscantur
3347 4388 3456 4441 ido-

1892 4466 2091 4530 lorum,
2124 4469 2316 4536 quibus
2348 4469 2517 4523 multo
2546 4479 2785 4539 tempore
2823 4474 3147 4537 servierant,
3174 4474 3281 4529 imo
3315 4474 3454 4541 abji-

1892 4559 2039 4613 ciant
2066 4574 2129 4613 ea
2154 4559 2222 4613 ab
2248 4559 2416 4614 oculis
2440 4561 2551 4614 suis
2572 4601 2587 4624 ,
2619 4572 2679 4614 ιιι
2704 4577 2769 4615 ne
2802 4571 3019 4631 aspectu
3050 4564 3264 4632 quidem
3295 4564 3450 4633 digna

1894 4647 2147 4712 habeant,
2174 4658 2230 4701 et
2248 4649 2443 4717 quibus
2472 4650 2637 4705 multo
2680 4660 2915 4721 tempore
2945 4653 3127 4722 polluti
3162 4663 3284 4708 sunt
3314 4656 3453 4710 ultra

1892 4753 1997 4791 non
2025 4739 2386 4806 acquiescant.
2420 4757 2437 4785 σ
2478 4740 2608 4810 Ego,
2652 4741 2868 4809 inquit,
2894 4742 3155 4797 Dominus
3188 4743 3328 4813 Deus
3357 4760 3453 4799 ve-

1892 4834 2020 4880 ster.
2045 4846 2063 4877 »
2084 4827 2196 4880 Non
2223 4836 2467 4896 portenta
2484 4827 2753 4898 ASgyptia,
2772 4845 2875 4883 non
2901 4832 3171 4885 variorum
3199 4831 3452 4901 ﬁgmenta

1894 4926 2295 4972 monstrorum:
2338 4918 2431 4971 sed
2474 4927 2529 4972 et
2577 4920 2730 4973 nobis
2779 4921 2991 4989 quando
3039 4922 3330 4976 exierimus
3389 4924 3456 4977 de

1893 5006 2145 5077 Aigypto,
2175 5004 2393 5072 jubctur
2421 5016 2479 5059 ut
2509 5006 2830 5062 olfensiones
2855 5008 3128 5063 oculorum
3147 5019 3453 5064 nostrorum

1893 5096 2229 5164 abjiciamus,
2261 5110 2327 5148 ne
2353 5095 2556 5149 scilicet
2598 5097 2682 5149 his
2720 5096 3065 5162 delectemur,
3092 5100 3288 5166 quibus
3328 5109 3455 5153 ante

1890 5187 2287 5240 delcctabamnr
2312 5186 2364 5238 in
2396 5187 2616 5249 saeculo,
2643 5202 2710 5240 ne
2747 5188 3046 5243 simulacris
3087 5189 3302 5260 Aigypti
3334 5189 3452 5260 poi-

1892 5276 2121 5339 luamur,
2145 5275 2610 5329 adinvcntinnibus
2638 5277 2879 5330 videlicet
2906 5278 3343 5347 philosophorum
3373 5288 3453 5333 at-

1890 5380 1993 5433 que
2029 5366 2433 5427 haereticorum,
2482 5381 2601 5433 quae
2648 5374 2792 5419 recte
2843 5366 2980 5420 idola
3018 5368 3381 5421 nominantur.
3407 5369 3448 5423 Α

1886 5454 2204 5523 Spectaculis
2227 5470 2460 5523 quoque,
2488 5456 2592 5508 imo
2610 5454 2991 5511 offensionibus
3013 5457 3249 5527 Egypti,
3277 5474 3443 5512 remo-

1888 5562 2102 5601 veamus
2128 5545 2332 5608 oculos,
2354 5560 2552 5608 arente,
2582 5545 2731 5608 circi,
2752 5546 3104 5612 theatrorum,
3127 5557 3177 5602 et
3205 5548 3453 5604 euntibus

1889 5656 2006 5708 qua:
2028 5639 2215 5691 anima:
2243 5638 2610 5691 contaminant
2656 5638 2974 5704 puritatem,
3027 5648 3081 5693 ct
3122 5656 3219 5708 per
3260 5655 3449 5693 sensus

1891 5731 2260 5791 ingrediuntur
2284 5728 2348 5781 ad
2373 5737 2625 5782 mentem.
2654 5728 3003 5783 impleturuue
3026 5730 3166 5793 quod
3194 5730 3452 5797 scriptum
