3936 6344
490 387 591 438 7l9

1144 382 1201 434 Β.
1246 380 1498 434 ῐιᾹΒΛΜ
1540 378 1755 433 Μειυιιι
1794 372 2066 430 ARCHIEI

2171 370 2463 429 uocum.
2501 370 2779 441 orsnuu
2823 368 3000 425 mus
3040 370 3102 424 ιι.

3643 372 3743 423 720

483 508 564 553 cst
590 496 805 550 :cMors
829 496 1044 549 intravit
1067 506 1162 563 per
1183 489 1727 546 fenestras'vestrasJ
1754 505 1770 537 ι
1802 485 1868 539 Et
1888 484 2063 538 irrita-
2089 482 2137 542 Α
2170 499 2187 531 ι
2235 494 2411 533 meum
2455 493 2521 533 ne
2566 478 2862 533 violaretur
2908 493 3092 533 coram
3146 479 3393 548 gentibus
3438 481 3505 534 de
3548 481 3746 549 quibus

482 597 680 647 verunt
700 603 805 642 me.
836 606 855 639 ι
882 584 1232 655 Septuaginta
1261 597 1275 635 :
1310 600 1330 633 ι
1365 581 1432 635 Ει
1455 586 1799 635 recesserunt
1822 592 1853 630 a
1881 590 1997 639 me;
2032 592 2049 623 ι

486 681 621 746 sive,
645 687 705 734 ut
721 676 1078 748 Symmachus
1106 674 1490 743 interpretatus
1520 678 1621 732 est,
1658 686 1674 717 ι
1709 682 1815 720 non
1842 664 2059 732 acquie-

485 777 679 827 vcrunt
710 766 861 822 mihi.
892 785 910 818 ι
948 764 1250 833 Statimque
1277 759 1451 816 vocati
1476 756 1732 813 recedunt
1768 770 1796 808 a
1826 752 1964 814 Deo,
2000 759 2059 804 ut

490 860 690 915 nullum
739 858 809 912 sit
863 855 1093 926 spatium
1139 854 1281 906 inter
1326 848 1663 903 vocationem
1703 852 1758 897 et
1797 841 2058 896 recessio-

489 964 630 1005 nem.
663 946 731 1003 Et
763 947 865 999 hoc
902 943 1228 1004 notandum,
1268 937 1410 1008 quod
1444 948 1601 989 nemo
1640 931 1893 985 recedita
1922 928 2055 992 Deo,

487 1041 591 1097 nisi
646 1038 737 1109 qui
794 1044 918 1091 ante
976 1048 1099 1089 cum
1153 1045 1218 1084 eo
1256 1027 1439 1084 fuerit.
1497 1023 1649 1081 Unde
1693 1029 1747 1078 et
1799 1019 1964 1109 draco
2002 1018 2055 1070 in

482 1126 590 1185 Job
626 1105 905 1181 volumine
956 1128 1221 1188 apostata.
1272 1114 1681 1185 praevaricator,
1716 1114 1769 1159 et
1801 1105 2063 1160 recedens

488 1218 791 1290 appellatur
826 1212 947 1285 (Job
971 1210 1181 1266 ιιιινὶ-

561 1284 585 1360 ὲ
629 1284 1036 1372 Νοιιιει-ιιιιιιιιιθ
1087 1296 1278 1353 audire
1329 1310 1436 1351 me.
1493 1288 1878 1357 Unusquisque
1932 1284 2067 1339 abo-

497 1417 518 1452 ι
565 1396 901 1450 minationes
931 1392 1219 1448 oculorum
1256 1401 1480 1445 suorum
1514 1400 1621 1439 non
1656 1378 1926 1451 proiecit,
1966 1390 2067 1429 nec

499 1511 515 1542 ι
553 1484 927 1557 idolaEgypti
964 1485 1321 1553 reliquerunt.
1364 1502 1379 1531 ι
1413 1481 1724 1546 Propterea,
1760 1469 1961 1539 inquit,
1996 1472 2071 1521 ir-

486 1574 788 1628 ritaverunt
816 1584 903 1625 me
938 1578 993 1623 et
1019 1557 1355 1622 recesserunt
1390 1579 1419 1619 a
1460 1578 1578 1633 me,
1612 1561 1737 1631 quia
1774 1559 2060 1613 noluerunt

482 1664 670 1719 audire
698 1678 803 1726 me,
832 1662 957 1717 dum
986 1660 1213 1714 liberum
1237 1656 1442 1712 homini
1472 1664 1719 1711 servatur
1748 1651 2051 1706 arbitrium.

484 1757 552 1812 Et
579 1754 841 1811 fecerunt.
862 1752 1042 1807 omnia
1064 1791 1078 1815 ,
1108 1766 1228 1820 qua:
1257 1764 1324 1804 ne
1363 1747 1601 1802 facerent
1640 1746 1757 1815 lege
1792 1742 2054 1813 praecepi,

2166 590 2183 620 ι
2235 569 2365 637 cjeci
2396 582 2490 622 eos
2515 568 2567 620 in
2598 578 2891 637 conspectu
2936 582 3144 621 earum.
3182 587 3199 618 ι
3253 565 3377 621 Ητεε
3422 569 3490 622 ad
3520 582 3616 621 eos
3664 568 3743 622 di-

2158 670 2373 724 cuntur,
2406 659 2499 729 qui
2528 658 2705 713 educti
2737 666 2860 711 sunt
2889 659 2955 711 de
2983 657 3219 729 Egypto
3246 660 3299 713 in
3332 658 3607 713 drsertum
3627 700 3642 721 ,
3683 667 3744 712 ut

2157 751 2533 821 Egyptiorum
2562 748 2706 803 vitiis
2733 748 2947 802 liberati
2979 748 3191 803 facilius
3238 750 3295 803 in
3325 748 3617 804 solitudine
3646 751 3744 804 Dei

2158 847 2424 908 praecepta
2454 836 2807 906 complerent,
2830 847 2885 890 et
2906 836 3107 906 judicia
3136 836 3251 906 ejus
3274 837 3517 891 facerent
3545 850 3600 891 et
3620 841 3743 892 sab-

2157 928 2280 980 bata
2308 924 2660 987 custodirent,
2686 939 2804 993 quas
2834 924 2887 977 in
2914 925 3125 993 signum
3147 925 3271 977 data
3301 934 3428 979 sunt
3458 926 3601 979 inter
3619 942 3744 979 eum

2159 1017 2250 1085 qui
2281 1016 2426 1071 dedit
2455 1022 2509 1069 et
2536 1028 2628 1068 eos
2649 1015 2845 1082 quibus
2870 1014 2990 1067 data
3023 1022 3169 1077 sunt,
3197 1012 3478 1083 Scriptura
3502 1016 3742 1076 dicente,

2159 1108 2225 1162 Et
2250 1106 2461 1161 locutus
2485 1114 2570 1159 est
2608 1104 2866 1158 Dominus
2898 1104 2965 1155 ad
2992 1103 3230 1172 Moysen,
3268 1104 3453 1159 dicens
3485 1122 3498 1158 :
3534 1123 3553 1154 ι
3591 1105 3660 1157 Et
3689 1115 3745 1157 tu

2159 1196 2387 1266 praecipe
2432 1182 2557 1248 filiis
2590 1191 2755 1247 Israel
2797 1192 3004 1256 dicens,
3052 1192 3239 1246 Videte
3273 1202 3328 1246 et
3355 1193 3579 1248 sabbata
3625 1210 3745 1247 mea

2159 1283 2445 1347 custodite,
2478 1282 2622 1352 quod
2659 1289 2743 1335 est
2771 1280 2986 1351 signum
3018 1280 3160 1335 inter
3185 1297 3269 1335 me
3294 1290 3349 1336 et
3376 1298 3473 1336 vos
3502 1283 3554 1335 in
3586 1297 3748 1352 gene-

2161 1374 2457 1431 rationibus
2480 1373 2697 1437 vestris,
2729 1380 2787 1425 ut
2814 1372 3002 1426 sciatis
3024 1373 3165 1441 quod
3185 1388 3285 1443 ego
3306 1388 3423 1427 sum
3457 1374 3743 1439 Dominus,

2161 1466 2253 1538 qui
2301 1463 2580 1520 sanctifico
2608 1477 2725 1528 vos,
2775 1470 2830 1517 et
2872 1462 3143 1516 custodite
3175 1462 3454 1517 sabbatum
3483 1464 3745 1532 quoniam

2160 1568 2405 1615 sanctum
2427 1566 2513 1612 est
2538 1557 2716 1622 vobis;
2747 1556 2839 1624 qui
2864 1553 3146 1608 violaverit
3176 1553 3323 1620 illud,
3350 1564 3526 1609 morte
3549 1556 3747 1610 morie-

2163 1661 2268 1706 tur.
2291 1650 2477 1705 Omnis
2498 1650 2589 1720 qui
2618 1648 2809 1702 fecerit
2830 1649 2885 1700 in
2908 1662 2973 1701 eo
2996 1660 3152 1715 opus,
3182 1646 3538 1701 interflcietnr
3561 1647 3741 1699 anima

2162 1744 2250 1799 illa
2286 1744 2351 1798 de
2374 1740 2551 1797 medio
2579 1740 2760 1811 populi
2794 1739 2878 1793 sui
2926 1737 3122 1808 (Exod.
3177 1738 3348 1809 XXXI).
3384 1757 3401 1789 ι
3447 1738 3590 1804 Ergo
3621 1739 3745 1792 sab-

483 1848 663 1902 statim
686 1846 1038 1915 desperantes
1062 1838 1677 1905 salutem,mussitantes
1697 1842 1883 1889 contra
1914 1833 2059 1902 Moy-
2088 1831 2135 1891 B
2163 1836 2346 1889 batum
2394 1840 2449 1887 et
2500 1830 2843 1885 circumcisio
2887 1830 2941 1883 in
3006 1829 3214 1899 signum
3273 1829 3397 1881 data
3448 1839 3575 1881 sunt
3634 1829 3742 1881 veri

484 1953 620 2003 seu,
660 1936 867 2005 Deique
914 1930 1343 2002 repressionibus
1397 1927 1715 1983 difﬁdentes.
1769 1924 1919 1979 Unde
1974 1937 2061 1977 se-

487 2030 698 2100 quitur:

558 2135 577 2167 ι
620 2115 686 2169 Et
714 2114 841 2173 dixi,
876 2124 936 2167 ut
960 2109 1291 2166 effunderem
1325 2106 1745 2178 indignationem
1770 2116 1945 2158 meam
1973 2116 2065 2155 su-

490 2227 508 2258 ι
551 2221 650 2277 per
672 2221 785 2270 eos,
816 2213 871 2259 et
900 2202 1178 2273 implerem
1209 2201 1345 2254 iram
1372 2213 1544 2254 meam
1569 2198 1622 2251 in
1651 2197 1761 2261 eis,
1797 2196 1852 2250 in
1886 2194 2063 2250 medio

488 2317 506 2349 ι
558 2306 714 2351 teme
748 2293 987 2366 Egypti.
1027 2311 1045 2343 ι
1078 2290 1275 2345 Statim
1316 2299 1375 2343 ut
1401 2286 1628 2358 praecepi
1656 2286 1736 2341 eis
1758 2284 2065 2353 relinquere

480 2389 599 2447 sive
626 2387 860 2457 abjicere
880 2383 1202 2439 oﬂensiones
1229 2380 1505 2436 oculorum
1526 2392 1767 2441 suorum,
1792 2384 1848 2430 et
1872 2376 1925 2429 in
1950 2374 2064 2430 ido-

484 2481 551 2536 lis
580 2479 799 2553 Αἴθῃ)ιὶ
831 2491 1169 2547 nequaquam
1189 2472 1377 2544 pollui,
1404 2470 1753 2525 irritaverunt
1772 2482 1876 2531 me,
1895 2475 1949 2523 et
1966 2480 2063 2520 no-

483 2569 699 2626 luerunt
728 2566 915 2621 audire
950 2579 1069 2634 qua:
1104 2562 1235 2627 dixi,
1286 2560 1381 2615 sed
1425 2574 1456 2614 e
1496 2557 1769 2615 contrario
1819 2556 2063 2611 fecerunt

484 2674 605 2730 qua:
627 2676 733 2714 non
763 2657 1012 2711 facienda
1045 2654 1309 2725 prrecepi;
1338 2652 1458 2706 ideo
1487 2651 1859 2717 decreveram,
1892 2656 1954 2701 ut
1991 2646 2064 2701 ef-

486 2754 767 2809 funderem
812 2751 866 2805 in
913 2763 1006 2803 eos
1034 2746 1269 2801 furorem
1316 2753 1373 2797 et
1400 2742 1822 2815 indignationem
1854 2754 2057 2804 meam,

485 2854 539 2900 et
581 2842 855 2913 implerem
897 2840 1032 2893 iram
1064 2852 1268 2901 meam,
1297 2850 1457 2904 quam
1489 2840 1668 2888 mente
1706 2845 2063 2901 conceperam

488 2940 540 2993 in
558 2936 736 2991 medio
764 2943 922 2988 terra:
946 2930 1185 3000 Egypti.
1210 2926 1343 2994 Quia
1366 2925 1594 2981 necdum
1619 2922 1821 2992 egressi
1850 2920 2065 2977 fuerant

488 3029 553 3081 de
580 3024 833 3096 Egypto.
862 3021 1118 3090 Sequitur
1141 3018 1302 3081 enim,
1338 3033 1357 3067 ι
1386 3013 1532 3082 Ejeci
1559 3028 1688 3084 ergo
1708 3027 1802 3067 eos
1829 3011 1897 3066 de
1921 3018 2065 3065 terra

485 3118 733 3189 )Egypti,
776 3123 829 3169 et
878 3111 1037 3167 eduxi
1080 3110 1133 3163 in
1169 3110 1462 3163 desertum.
1495 3105 1570 3159 Ex
1605 3118 1713 3173 quo
1743 3101 2059 3162 ostenditur,

2163 1922 2371 1979 sabbati
2405 1929 2459 1975 et
2484 1934 2624 1975 vera:
2652 1918 3107 1984 circumcisionis,
3141 1927 3199 1971 ut
3233 1918 3465 1972 sciamus
3498 1918 3655 1972 nobis
3692 1920 3741 1971 in

2161 2017 2401 2085 perfecto
2428 2022 2483 2068 et
2506 2021 2708 2067 aeterno
2755 2013 2980 2069 sabbato
3012 2010 3456 2080 requiescendum
3486 2025 3518 2063 a
3562 2012 3743 2065 steculi

2162 2108 2439 2177 o‘peribus,
2453 2113 2507 2160 et
2531 2119 2638 2159 non
2662 2104 3007 2175 praeputium,
3023 2104 3119 2158 sed
3139 2118 3235 2159 cor
3254 2103 3712 2159 circumcidamus
3726 2143 3739 2163 .

2164 2200 2304 2254 unde
2334 2198 2387 2253 in
2423 2214 2518 2253 sex
2546 2196 2734 2252 diebus
2757 2203 3066 2267 operantes,
3096 2197 3148 2250 in
3192 2196 3420 2265 septimo
3448 2194 3743 2264 requiesci-

2162 2306 2306 2356 mus,
2334 2299 2392 2345 ut
2416 2288 2547 2344 nihil
2580 2287 2723 2342 aliud
2748 2286 2836 2342 die
2866 2301 2931 2342 ac
2960 2294 3120 2341 nocte
3151 2286 3410 2341 faciamus
3439 2285 3544 2339 nisi
3588 2299 3746 2339 omne

2163 2382 2305 2451 quod
2331 2380 2582 2444 vivimus,
2606 2378 2792 2433 deberi
2814 2378 3043 2432 Domino
3062 2378 3389 2441 noverimus,
3412 2388 3468 2432 et
3490 2377 3747 2431 redeunte

2164 2470 2514 2535 hebdomade,
2545 2477 2689 2524 totos
2712 2483 2809 2523 nos
2840 2467 2957 2537 ejus
2993 2468 3196 2522 nomini
3237 2482 3643 2532 eonsecramus,
3692 2476 3748 2521 ut

2162 2577 2258 2633 per
2303 2561 2789 2618 sanctificationem
2832 2560 2941 2615 diei
2991 2560 3340 2615 recordemur
3394 2560 3609 2614 Domini
3657 2561 3747 2630 qui

2162 2652 2466 2708 sanctificat
2514 2666 2631 2705 nos.
2682 2649 2808 2706 litae
2846 2661 3115 2721 praecepta
3146 2660 3200 2705 et
3238 2650 3657 2720 justtlicationes
3696 2660 3747 2704 et

2163 2745 2559 2801 observantiam
2597 2743 2810 2798 sabbati
2840 2743 2985 2798 dedit
3025 2742 3281 2797 Dominus
3328 2744 3381 2797 in
3412 2744 3661 2808 deserto,
3693 2752 3749 2796 ut

2163 2837 2425 2891 facientes
2452 2835 2539 2889 illa
2571 2835 2817 2889 viverent
2844 2833 2898 2887 in
2928 2834 3028 2897 eis,
3081 2848 3185 2887 non
3221 2837 3285 2889 de
3312 2834 3420 2889 illis
3450 2836 3515 2887 ad
3546 2835 3747 2903 majora

2167 2927 2478 2989 transirent,
2525 2925 2668 2981 sicut
2711 2925 2764 2979 in
2795 2924 3087 2993 Evangelio
3122 2924 3446 2995 promissum
3479 2936 3584 2991 est,
3630 2942 3747 2996 quae

2166 3018 2241 3073 illi
2266 3018 2600 3073 violaverunt
2619 3033 2724 3071 non
2752 3017 2941 3081 semel,
2960 3031 3061 3071 nec
3080 3031 3325 3087 parvum,
3348 3017 3442 3072 sed
3466 3018 3749 3072 vehemen-

2169 3123 2269 3175 ter,
2304 3121 2361 3166 ut
2388 3110 2694 3166 violationis
2729 3114 2961 3191 ἐπίτασις
2996 3120 3408 3165 monstraretur.
3444 3111 3589 3165 Dixit
3622 3126 3751 3182 ergo

487 3209 715 3264 necdum
762 3219 854 3260 eos
910 3202 1076 3255 fuisse
1130 3212 1377 3271 egressos
1419 3196 1487 3251 de
1531 3193 1795 3266 Emito,
1851 3191 2065 3261 (ιυωιάο
2093 3178 2136 3235 C
2175 3212 2229 3257 et
2260 3202 2314 3256 in
2337 3218 2432 3257 sua
2465 3210 2646 3256 mente
2668 3184 2907 3256 decrevit
2928 3211 2986 3255 ut
3013 3200 3308 3256 effunderet
3334 3200 3573 3257 furorem
3596 3178 3747 3257 suum

487 3302 761 3358 effundere
807 3297 971 3351 voluit
1029 3292 1451 3363 indignationem
1506 3304 1692 3352 suam,
1743 3296 1799 3341 et
1845 3285 2069 3355 implere

488 3395 620 3447 iram
649 3405 799 3444 suam
827 3401 987 3456 super
1012 3385 1093 3439 eis
1116 3392 1170 3437 et
1192 3389 1475 3451 percutere
1502 3394 1595 3433 eos
1625 3380 1679 3432 in
1702 3378 1879 3431 medio
1910 3385 2069 3430 terrae

488 3481 730 3553 Egypti.

563 3593 579 3622 ι
630 3572 695 3624 Et
723 3571 824 3623 feci
852 3576 1070 3637 propter
1117 3578 1310 3618 nomen
1347 3576 1546 3624 meum,
1597 3567 1657 3613 ut
1688 3574 1793 3613 non
1841 3558 2069 3611 violare-

494 3683 512 3715 ι
557 3674 642 3717 tur
667 3675 845 3715 coram
877 3657 1146 3729 gentibus,
1177 3655 1227 3708 in
1250 3668 1476 3721 quarum
1512 3650 1688 3705 medio
1712 3657 1889 3713 erant,
1915 3658 1968 3702 et
1991 3648 2070 3701 in-

495 3776 511 3804 ι
559 3764 641 3808 tcr
686 3766 818 3820 quas
863 3749 1088 3818 apparni
1135 3745 1233 3809 eis,
1278 3752 1334 3796 ut
1376 3744 1664 3796 educerem
1702 3755 1795 3793 eos
1836 3740 1902 3792 de
1925 3748 2066 3792 terra

498 3868 513 3898 ι
560 3844 800 3917 ngypti.
840 3862 856 3892 ι
891 3838 1043 3908 Quod
1081 3837 1260 3892 facere
1301 3834 1601 3905 cogitabam
1651 3842 1870 3902 propter
1910 3831 2069 3902 justi-

499 3939 640 4000 tiam,
670 3950 775 3989 non
807 3932 905 3986 feci
930 3945 1027 4000 pro
1048 3927 1346 3983 clementiae
1370 3925 1755 3995 magnitudine,
1779 3938 1844 3976 ne
1868 3922 2069 3991 pollue-

503 4040 641 4085 ~etur
664 4044 855 4083 nomen
883 4040 1061 4079 meum
1093 4030 1148 4077 et
1171 4022 1379 4075 viderer
1406 4034 1510 4073 non
1534 4018 1773 4089 potuisse
1798 4016 2065 4086 complere

508 4124 634 4194 ιιιοά
684 4120 865 4177 lsraeli
909 4116 1342 4188 repromiseram.
1392 4111 1613 4180 Peperci
1663 4109 1825 4179 igitur
1864 4107 2063 4161 nomini

516 4232 636 4281 nco,
672 4230 737 4269 ne
766 4213 1028 4268 baberent
1060 4206 1400 4261 occasionem
1446 4200 1849 4271 blasphemandi
1893 4200 2067 4252 natio-

516 4324 613 4374 ies,
636 4308 775 4361 inter
798 4318 931 4373 quas
950 4310 1107 4354 notus
1132 4299 1303 4353 factus
1327 4311 1443 4350 sum
1472 4294 1551 4348 eis
1578 4294 1630 4347 in
1663 4302 1802 4347 terra
1827 4290 2061 4361 Egypti.

524 4372 782 4467 lucusque
811 4372 950 4463 quod
1000 4392 1079 4446 eis
1108 4387 1413 4459 promiserit
1442 4386 1495 4438 in
1526 4393 1669 4438 terra
1694 4372 1912 4452 Egypti
1939 4396 2068 4436 con—

518 4490 733 4553 .titutis,
780 4494 835 4540 et
880 4481 1149 4553 quomodo
1204 4477 1385 4531 statim
1435 4474 1787 4537 offenderint,
1837 4481 1888 4527 et
1936 4471 2064 4541 quid

520 4590 685 4633 :ontra
716 4592 808 4630 eos
831 4572 1090 4627 Dominus
1111 4566 1425 4636 cogitaverit
1444 4573 1497 4618 et
1527 4574 1704 4617 tamen
1730 4578 1837 4616 non
1863 4562 2069 4625 fecerit,

522 4670 758 4737 propheta
786 4662 1060 4719 describit.
1094 4657 1222 4725 Quae
1244 4664 1539 4726 sequuntur
1568 4655 1799 4723 egressis
1825 4654 1889 4709 de
1913 4652 2075 4724 Egy-

524 4770 591 4813 do
619 4760 825 4811 locutus
855 4763 938 4808 est
966 4770 979 4805 :

578 4870 593 4900 ι
642 4848 783 4914 leeri
813 4861 939 4917 ergo
970 4859 1063 4898 eos
1088 4844 1154 4897 de
1186 4851 1324 4895 terra
1374 4838 1594 4910 Egypti
1622 4846 1676 4892 ct
1697 4837 1854 4891 eduxi
1887 4838 1941 4890 in
1983 4838 2075 4891 dc-

570 4949 792 4999 sertum,
824 4945 876 4989 et
902 4934 1023 4987 dedi
1070 4933 1148 4987 eis
1173 4938 1437 5001 prmcepta
1486 4942 1602 4982 mea
1648 4935 1701 4981 et
1722 4926 1925 4993 judicia
1959 4943 2075 4981 mea

573 5028 778 5082 ostendi
797 5028 873 5079 eis
887 5040 1004 5094 quae
1021 5022 1177 5077 faciat
1198 5023 1357 5075 homo
1370 5029 1424 5073 et
1442 5019 1585 5071 vivat
1602 5019 1653 5071 in
1666 5018 1763 5071 eis.
1788 5018 2008 5085 Insuper
2029 5028 2084 5072 et

588 5120 809 5175 sabbata
842 5130 957 5170 mea
993 5114 1111 5168 dedi
1145 5113 1223 5166 eis
1254 5122 1311 5165 nt
1347 5119 1493 5164 esset
1520 5111 1727 5178 signum
1757 5109 1900 5160 inter
1922 5121 2005 5160 me
2026 5114 2082 5160 et

582 5224 695 5273 eos,
748 5217 801 5261 et
846 5206 1049 5260 scirent
1093 5203 1234 5270 quod
1284 5215 1384 5269 ego
1434 5199 1689 5253 Dominus
1741 5196 2081 5249 sanctificans

580 5313 693 5353 eos.
726 5296 793 5349 Et
834 5295 1181 5348 irrimverunt
1211 5304 1295 5342 me
1320 5288 1509 5341 domus
1542 5285 1704 5339 Israel
1748 5285 1801 5337 in
1845 5286 2079 5348 deserto,

584 5391 636 5444 in
673 5386 954 5459 przeceptis
980 5383 1113 5437 meis
1160 5396 1264 5435 non
1312 5378 1737 5439 ambulaverunt,
1784 5385 1839 5429 et
1874 5376 2075 5443 judicia

585 5495 703 5535 mea
733 5478 1091 5546 projecerunt,
1120 5488 1238 5542 qua:
1270 5470 1429 5525 faciet
1459 5470 1619 5522 homo
1644 5467 1785 5521 vivet
1811 5466 1862 5519 in
1892 5468 1988 5521 eis.
2016 5466 2081 5519 Et

585 5571 802 5626 sabbata
856 5582 968 5619 mea
1012 5563 1348 5617 violaverunt
1391 5559 1753 5611 vehementer.
1800 5556 1914 5609 Dixi
1952 5572 2080 5625 ergo

585 5670 646 5715 ut
684 5658 1009 5715 effunderem
1063 5652 1295 5706 furorem
1348 5662 1526 5701 meum
1572 5662 1732 5714 super
1763 5660 1855 5698 eos
1902 5646 1950 5697 in
1996 5646 2086 5699 de-

587 5760 728 5808 serto
756 5760 809 5803 et
838 5758 1207 5804 consumerem
1251 5756 1373 5803 eos,
1407 5750 1452 5789 ιιι
1500 5738 1596 5792 feri
1630 5747 1843 5806 propter
1887 5751 2077 5788 nomen

2104 4524 2151 4581 D

2172 3310 2332 3364 super
2360 3300 2452 3349 eos
2480 3295 2534 3348 in
2565 3293 2799 3357 deserto,
2829 3304 2884 3348 et
2926 3303 3269 3350 consumeret
3297 3310 3393 3350 eos
3432 3297 3647 3365 quando
3669 3296 3747 3351 lo-

2172 3395 2326 3440 cutus
2351 3394 2435 3440 est
2464 3386 2529 3439 ad
2561 3385 2777 3456 Moysen
2811 3403 2823 3438 :
2861 3404 2878 3435 ι
2910 3385 3134 3440 Dimitte
3160 3401 3246 3440 me
3273 3395 3328 3440 et
3357 3387 3526 3440 iratus
3568 3385 3752 3441 furore

2171 3488 2354 3533 contra
2383 3493 2475 3532 eos
2506 3477 2693 3533 delebo
2734 3478 2853 3531 illos
2885 3476 3079 3549 (Exod.
3130 3478 3321 3551 χχχιι).
3356 3499 3375 3531 ι
3430 3478 3538 3534 Sed
3581 3479 3753 3534 noluit

2172 3571 2367 3636 facere,
2386 3586 2614 3641 parcens
2633 3568 2903 3641 ASgyptiis
2924 3579 2978 3623 et
2992 3571 3204 3625 caeteris
3225 3572 3493 3641 gentibus,
3512 3587 3581 3626 ne
3595 3586 3752 3626 scan-

2172 3662 2553 3725 dalizareutur,
2590 3669 2644 3715 et
2677 3662 2807 3730 ipsis
2835 3676 3066 3731 quorum
3114 3663 3366 3717 misertus
3413 3672 3514 3726 est,
3563 3677 3752 3731 exspe-

2169 3764 2322 3809 ctans
2380 3753 2755 3823 paenitentiam
2814 3766 3240 3829 conversorum;
3308 3753 3750 3820 notandumque,

2168 3846 2307 3914 quod
2339 3844 2551 3913 quando
2586 3842 2891 3897 constitutis
2920 3843 2972 3896 in
3010 3841 3243 3912 Λεωπριο
3283 3842 3599 3912 loquebatur
3631 3854 3753 3911 post

2167 3939 2423 3992 offensam
2444 3978 2457 4001 ,
2489 3956 2506 3987 ι
2547 3936 2701 4000 Feci,
2734 3936 2832 3999 ait,
2870 3944 3088 4006 propter
3124 3950 3315 3988 nomen
3356 3950 3529 3989 meum
3561 3943 3618 3987 ut
3648 3953 3751 3989 non

2168 4029 2456 4082 violaretur
2478 4041 2659 4080 coram
2684 4024 2948 4093 gentibus,
2975 4025 3039 4079 de
3060 4024 3252 4093 quibus
3278 4023 3409 4092 ejeci
3435 4038 3528 4077 eos
3550 4024 3600 4076 in
3624 4038 3750 4077 cou-

2168 4130 2353 4189 spectn
2382 4131 2566 4171 earmn
2588 4134 2597 4169 :
2617 4115 2767 4169 Tunc
2795 4116 2939 4170 enim
2963 4116 3135 4170 adhuc
3157 4115 3209 4169 in
3236 4116 3411 4169 medio
3437 4116 3752 4184 erant,quia

2169 4210 2395 4264 necdum
2453 4207 2717 4261 exierant.
2774 4205 2926 4259 Nune
2975 4213 3152 4260 autem
3211 4214 3493 4275 postquam
3548 4206 3755 4277 egressi

2168 4310 2310 4365 sunt,
2341 4300 2537 4355 dicitur
2564 4314 2577 4352 :
2617 4317 2632 4345 ι
2674 4298 2746 4351 Dc
2772 4297 2967 4367 quibus
2994 4294 3123 4364 ejeci
3147 4311 3241 4350 eos
3269 4296 3322 4350 in
3354 4305 3637 4366 conspectu
3664 4311 3756 4350 ea-

2168 4408 2307 4446 rum.
2344 4410 2361 4441 ι

2250 4501 2267 4531 ι
2306 4482 2417 4552 Ego
2461 4479 2627 4550 igitur
2676 4480 2843 4533 levavi
2900 4493 3117 4532 manum
3151 4492 3326 4532 meam
3359 4491 3519 4546 super
3562 4490 3655 4529 eos
3702 4476 3756 4529 in

2184 4590 2200 4623 ι
2248 4572 2480 4633 deserto,
2512 4584 2579 4623 ne
2599 4569 2880 4623 educerem
2906 4582 2999 4621 eos
3022 4567 3075 4620 in
3104 4574 3484 4635 terramquam
3507 4563 3628 4619 dedi
3654 4566 3753 4627 eis,

2184 4685 2200 4713 ι
2248 4663 2501 4718 fluentem
2524 4662 2663 4715 lacte
2689 4669 2743 4713 et
2768 4659 2943 4723 melle,
2974 4659 3302 4729 praecipuam
3334 4667 3601 4712 terrarum
3630 4672 3755 4711 om-

2188 4778 2201 4806 ι
2245 4756 2414 4817 nium,
2443 4754 2567 4823 quia
2594 4752 2793 4822 judicia
2836 4767 2950 4805 mea
2998 4749 3336 4820 proiecerant
3374 4757 3429 4803 et
3473 4750 3525 4803 in
3554 4762 3761 4819 prece-

2183 4865 2200 4897 ι
2242 4848 2349 4915 ptis
2395 4845 2527 4899 meis
2553 4858 2655 4897 non
2688 4841 3117 4907 ambulaverant,
3149 4848 3203 4896 et
3230 4839 3452 4894 sabbata
3488 4853 3605 4893 mea
3630 4840 3756 4893 vio-

2186 4956 2203 4986 ι
2248 4936 2488 4990 laverunt
2540 4953 2551 4986 :
2597 4943 2716 5002 post
2763 4934 2901 4986 idola
2930 4931 3073 4985 enim
3116 4945 3210 4985 cor
3253 4944 3440 4985 eorum
3474 4928 3762 5001 gradieba-

2191 5045 2209 5077 ι
2261 5037 2363 5079 tur.
2395 5026 2459 5077 Et
2488 5024 2727 5092 pepercit
2754 5022 2942 5077 oculus
2972 5035 3124 5075 meus
3145 5035 3306 5088 super
3326 5034 3440 5083 eos,
3467 5028 3526 5073 ut
3554 5033 3661 5072 non
3689 5019 3764 5073 ἰιι

2191 5135 2208 5167 ι
2258 5116 2552 5169 terficerem
2588 5129 2701 5178 eos,
2753 5128 2852 5167 nec
2892 5112 3197 5181 consumpsi
3233 5125 3326 5163 eos
3378 5109 3430 5163 in
3464 5110 3680 5164 deserto
3742 5130 3760 5163 ι

2186 5208 2537 5259 Decreveram
2564 5204 2780 5274 quidem
2811 5212 2870 5256 ut
2902 5211 3068 5255 totum
3111 5201 3348 5255 furorem
3380 5214 3557 5253 meum
3582 5195 3764 5253 elfrn»

2186 5297 2365 5351 dcrem
2398 5312 2557 5365 super
2586 5311 2680 5350 eos
2711 5305 2764 5349 et
2785 5294 3022 5350 delcrem
3049 5308 3142 5348 eos
3171 5303 3332 5361 atque
3362 5305 3764 5353 consumerem,

2186 5389 2278 5441 sed
2303 5386 2402 5440 feci
2433 5394 2650 5455 propter
2680 5400 2871 5439 nomen
2904 5400 3079 5437 meum
3110 5398 3173 5436 ne
3204 5384 3497 5435 violaretur
3527 5382 3577 5433 in
3624 5393 3749 5447 ge-r

2189 5480 2346 5539 tibus,
2400 5476 2709 5531 Amalecitis
2759 5475 3007 5530 videlicet
3045 5483 3098 5529 et
3146 5473 3387 5541 reliquis,
3432 5473 3521 5540 qui
3568 5484 3763 5523 contra

2186 5581 2279 5621 eos
2310 5568 2360 5619 ill
2394 5566 2675 5619 solitudine
2710 5565 3117 5625 dimicaverunt,
3151 5570 3209 5614 ul
3234 5576 3571 5629 nequaquam
3602 5557 3763 5609 indit-

2188 5671 2364 5710 cercm
2406 5670 2498 5709 eos
2527 5656 2578 5707 in
2610 5663 2832 5716 terram,
2861 5668 3020 5722 quant
3049 5653 3127 5705 eis
3156 5650 3425 5720 pollicitus
3463 5663 3580 5700 sum
3623 5646 3761 5702 lat-tu

2189 5757 2241 5799 et
2271 5746 2423 5800 melle
2461 5745 2732 5812 liuentem,
2764 5762 2881 5814 qum
2906 5745 3172 5813 prmcipua
3207 5752 3474 5796 terrarum
3521 5758 3607 5790 om
3662 5747 3772 5794 ‘mu
