3936 6332
183 418 281 471 γει

184 622 369 677 tentias
400 639 412 674 :
444 640 461 671 ι
496 619 629 688 Quia
652 618 855 686 judicia
878 632 998 671 mea
1029 614 1386 685 proiecerant,
1408 623 1463 670 et
1489 616 1540 669 in
1566 630 1768 685 praece-

183 712 294 779 ptis
321 712 457 765 meis
484 724 587 763 non
616 706 1049 771 ambulaverant,
1081 713 1135 759 et
1181 704 1407 759 sabbata
1437 719 1557 758 mea
1602 703 1771 759 viola-

182 813 394 857 verant.
435 821 451 851 ι
490 801 766 871 ipsiusque
813 813 990 853 causa:
1041 799 1155 853 hmo
1210 814 1373 853 causa
1411 806 1514 862 est,
1559 804 1620 851 ut
1668 796 1769 851 ista

183 907 293 946 non
325 889 583 955 facerent,
613 889 735 959 quia
767 905 863 943 cor
890 904 1077 944 eorum
1100 884 1321 959 Egypti
1345 887 1485 942 idola
1510 885 1771 956 sequeba—

183 982 554 1051 tur,pepercit
578 989 779 1045 autem,
797 982 891 1046 ait,
916 979 1106 1034 oculus
1135 994 1287 1045 meus
1314 994 1380 1034 ne
1406 976 1768 1033 interlicerem

179 1089 278 1127 eos
323 1084 483 1141 atque
534 1072 787 1133 dolerem,
851 1086 952 1124 nec
994 1069 1217 1125 omnino
1262 1083 1659 1124 consumerem.
1709 1067 1766 1122 In

180 1183 293 1236 quo
327 1166 585 1235 qureritur
614 1164 883 1234 quomodo
935 1163 1014 1218 eis
1041 1162 1363 1233 pepercerit,
1412 1176 1640 1231 quorum
1675 1176 1767 1215 ca-

179 1257 381 1309 davera
436 1257 487 1309 in
544 1254 831 1309 solitudine
881 1263 1223 1317 corruerant,
1274 1262 1327 1307 et
1376 1261 1602 1322 excepto
1641 1251 1768 1307 Jesu

180 1344 329 1401 Nave
354 1355 408 1399 et
438 1344 637 1415 Calcpb
668 1344 778 1400 ﬁlio
808 1343 1069 1415 Jephone,
1102 1352 1303 1398 terram
1333 1343 1767 1413 repromissionis

179 1435 363 1491 nullus
394 1436 666 1505 ingressus
694 1445 792 1490 est.
818 1435 899 1489 Ex
923 1451 1029 1505 quo
1054 1434 1401 1506 intelligimus
1430 1434 1609 1489 vivere
1648 1451 1764 1499 eos,

176 1540 286 1579 nec
319 1525 535 1579 teternis
563 1524 837 1593 suppliciis
882 1532 1207 1586 reservatos,
1260 1538 1357 1577 nec
1398 1521 1602 1577 deletos
1645 1538 1766 1577 esse

177 1615 248 1669 de
281 1614 419 1669 libro
450 1613 766 1679 viventium,
794 1628 893 1668 nec
912 1621 1262 1683 consumptos
1294 1621 1417 1666 ante
1445 1612 1637 1667 faciem
1661 1613 1765 1667 Do-

176 1704 332 1757 mini.
358 1702 415 1758 Si
432 1704 574 1759 enim
598 1719 663 1759 ex
678 1718 745 1758 eo
764 1703 904 1773 quod
924 1718 1027 1757 non
1043 1710 1169 1757 sunt
1183 1702 1473 1757 introducti
1489 1702 1541 1757 in
1560 1712 1763 1757 terram

174 1794 616 1864 repromissionis
639 1794 843 1863 perisse
867 1792 1121 1848 credendi
1145 1802 1291 1857 sunt,
1325 1807 1453 1863 ergo
1472 1801 1527 1847 et
1554 1782 1763 1863 Meyses

1100 411 1452 468 COMMENT.
1492 412 1559 467 IN
1600 412 2050 469 EZECIIIELEM.
2091 444 2155 455 --
2196 416 2318 470 ΜΒ.
2365 404 2493 469 Vill.

181 537 291 594 est,
319 527 432 584 sive
455 528 604 581 l‘avus
628 544 640 579 :
676 541 836 580 causa
864 525 1007 579 enim
1030 538 1202 593 pmna:
1233 532 1315 578 est
1344 523 1603 593 istiusqne
1646 537 1769 577 scn-
1796 526 1847 584 Α

3350 412 3453 471 723

1950 546 1966 577 ι
2016 528 2079 580 Et
2108 528 2569 581 exacerbaverunt
2601 541 2682 579 me
2716 526 2805 580 lilii
2843 544 2854 578 :
2898 526 2948 579 in
2985 527 3269 596 praeceptis
3320 528 3454 583 meis

1879 636 1896 668 ι
1941 633 2047 671 ιιοη
2103 616 2550 680 ambulaverunt,
2603 626 2657 671 et
2717 617 2920 684 judicia
2987 632 3106 671 mea
3171 632 3275 671 non
3353 634 3471 679 ειι-⁴

1878 728 1896 761 ι
1941 710 2243 765 stodierunt
2274 718 2331 763 ut
2358 709 2601 763 facerent
2632 724 2715 776 ea,
2736 724 2852 778 qum
2878 725 2998 763 cum
3033 708 3245 775 fecerit,
3290 710 3452 764 homo

1878 815 1897 847 ι
1940 797 2087 853 vivet
2116 798 2169 851 in
2204 798 2303 851 eis.
2331 797 2399 851 Et
2445 798 2671 851 sabbata
2703 811 2818 851 mea
2850 797 3188 853 violaverunt
3212 808 3263 853 et
3304 813 3452 853 com-

1878 906 1896 939 ι
1939 888 2175 942 minatus
2222 902 2339 942 sum
2363 895 2423 940 ut
2457 886 2783 941 cll‘underem
2810 887 3046 942 furorem
3077 904 3255 943 meum
3288 903 3453 958 super

1876 996 1895 1029 ι
1936 980 2049 1043 εοε,
2096 987 2151 1032 et
2193 977 2470 1047 implerem
2523 977 2659 1031 iram
2703 972 2878 1031 meam
2923 978 2975 1032 in
3010 979 3173 1033 eisin
3208 978 3446 1033 deserto.

1877 1086 1895 1120 ι
1940 1066 2125 1122 Averti
2187 1077 2366 1121 autem
2415 1082 2633 1121 manum
2690 1083 2907 1131 meam,
2955 1076 3007 1121 et
3072 1066 3173 1122 fcci
3228 1077 3450 1137 propter

1876 1180 1893 1212 ι
1939 1176 2133 1215 nomen
2183 1175 2381 1224 meum,
2409 1168 2469 1214 ut
2496 1176 2601 1215 non
2630 1159 2926 1213 violaretur
2954 1175 3134 1213 coram
3173 1160 3445 1231 gentibus,

1876 1271 1894 1304 ι
1940 1253 2005 1306 de
2033 1245 2227 1321 quibus
2252 1250 2384 1320 ejeci
2410 1266 2503 1305 eos
2529 1252 2581 1305 in
2602 1252 2774 1306 oculis
2795 1266 3003 1305 earum.
3039 1271 3055 1302 ι
3095 1251 3200 1305 Sed
3236 1260 3291 1305 et
3326 1251 3443 1316 lilii,

1869 1342 2067 1411 inquit.
2118 1351 2400 1411 parentum
2444 1351 2569 1395 sunt
2614 1342 2818 1397 scelera
2861 1344 3056 1408 secuti,
3097 1342 3447 1413 feceruntque

1866 1434 2047 1487 omnia
2072 1448 2189 1503 quae
2217 1432 2290 1486 illi
2315 1432 2576 1496 fecerant,
2603 1434 2743 1487 unde
2769 1442 2824 1488 et
2852 1434 3080 1488 similem
3122 1436 3443 1489 sententiam

1866 1540 2135 1589 meruere,
2168 1525 2261 1580 sed
2286 1525 2475 1580 eadem
2500 1541 2603 1594 qua
2632 1536 2686 1579 et
2711 1535 2891 1596 patres
2917 1542 3107 1580 eorum
3146 1526 3447 1581 misericor-

1866 1616 1967 1670 diae
1994 1632 2125 1671 mea:
2153 1616 2521 1687 magnitudine
2552 1618 2812 1671 reservati
2865 1627 3008 1683 sunt,
3050 1626 3103 1671 et
3133 1617 3201 1689 ob
3228 1618 3443 1673 easdem

1865 1722 2059 1763 causas
2083 1708 2277 1777 quibus
2303 1716 2358 1763 et
2381 1717 2595 1778 patrum
2627 1709 2879 1763 misertus
2908 1725 3023 1763 sum
3045 1751 3059 1775 ,
3109 1719 3167 1763 ut
3196 1726 3333 1765 unus
3363 1721 3446 1764 at-

1864 1812 1970 1866 que
2000 1799 2137 1852 idem
2166 1808 2379 1853 creator
2406 1800 2689 1852 amborum
2739 1800 2899 1853 simili
2948 1801 3083 1853 iratn
3121 1815 3293 1854 nteant
3347 1815 3443 1870 pa—

168 1886 339 1954 periit
358 1885 447 1953 qui
472 1884 605 1938 vidit
634 1893 840 1939 tantum
865 1892 1067 1939 terram
1097 1885 1554 1955 repromissionis,
1578 1892 1761 1939 etnon
1798 1875 1840 1932 Β
1872 1889 2057 1944 tientia
2085 1890 2407 1960 mitigarent.
2442 1889 2719 1945 Manifesta
2752 1891 3137 1958 percurrimus,
3176 1899 3231 1946 et
3256 1890 3320 1943 ad
3348 1890 3447 1947 ob-

168 1985 260 2028 est
292 1976 571 2045 ingressus
616 1977 668 2030 in
695 1991 836 2029 eam.
872 1974 944 2031 De
972 1991 1080 2045 quo
1112 1976 1164 2028 in
1193 1966 1467 2030 libroJrsn
1501 1975 1761 2029 Dominus

167 2065 415 2135 loquitur
442 2084 454 2119 :
495 2086 512 2116 ι
548 2066 757 2136 Moyses
786 2066 1018 2120 fanmlus
1047 2082 1201 2121 meus
1239 2074 1483 2121 mortuus
1513 2074 1594 2120 est
1614 2064 1756 2137 (los.

168 2175 207 2218 ι.
247 2157 328 2228 2).
372 2178 391 2211 ι
430 2159 495 2212 Ει
530 2159 583 2213 in
624 2158 883 2213 Malacltia
934 2177 945 2210 :
990 2177 1006 2208 ι
1058 2157 1378 2212 Mementote
1418 2156 1553 2227 legis
1592 2155 1756 2226 Moysi

165 2252 315 2305 servi
363 2252 465 2306 mei
500 2250 754 2322 (Μαιιιι-Ιι.
808 2250 901 2321 tv).
943 2270 960 2300 ι
1012 2250 1079 2303 Ει
1128 2249 1182 2302 in
1229 2248 1463 2304 Jeremia
1497 2248 1647 2317 quasi
1691 2248 1756 2301 de

164 2344 350 2398 amico
388 2352 443 2398 et
488 2344 552 2398 de
580 2342 999 2398 familiarissime
1046 2356 1145 2397 suo
1189 2341 1428 2411 loquitur
1457 2340 1753 2395 Dominus:

170 2452 190 2483 ι
230 2433 293 2487 Si
340 2441 589 2488 steterint
618 2432 825 2503 Moyses
855 2442 908 2486 ct
952 2430 1169 2486 Samuel
1198 2432 1250 2485 in
1296 2439 1588 2500 conspectu
1636 2446 1756 2484 meo

163 2522 307 2593 (lor.
324 2522 433 2593 xv).
451 2542 467 2573 ι
488 2521 737 2592 Alioquin
751 2530 805 2577 et
823 2521 989 2592 Moysi
1004 2536 1192 2590 preces
1212 2521 1492 2576 exauditus
1508 2536 1627 2575 esse
1639 2535 1759 2575 cre-

163 2613 408 2673 dendum
460 2623 561 2677 est,
609 2614 825 2685 quando
864 2628 961 2683 pro
1000 2613 1197 2683 populo
1224 2610 1587 2682 interpellans,
1628 2612 1704 2665 ait
1741 2630 1752 2663 :

169 2723 187 2754 ι
215 2704 275 2759 Si
292 2704 519 2760 dimittis
532 2710 932 2776 eispeccatum,
954 2706 1164 2761 dimitte
1184 2723 1197 2772 ;
1221 2705 1302 2761 sin
1321 2716 1501 2760 autem
1524 2721 1629 2759 non
1654 2706 1753 2771 vis,

160 2796 288 2849 dele
315 2811 404 2852 me
450 2797 586 2851 libro
611 2808 704 2854 tuo
734 2796 931 2871 (Exod.
962 2796 1159 2868 xxx"),
1194 2817 1211 2848 ι
1246 2813 1408 2868 quem
1444 2798 1708 2866 scripsisti
1737 2815 1751 2863 ;

159 2895 225 2941 ut
248 2894 433 2942 autem
455 2888 689 2943 sciamus
709 2886 1033 2943 sententiam
1061 2886 1154 2941 Dei
1182 2888 1233 2941 in
1269 2888 1406 2943 filios
1433 2895 1487 2942 et
1512 2888 1562 2941 in
1581 2886 1757 2941 famu-

158 2977 245 3033 los
275 2992 382 3032 non
417 2978 484 3032 ad
520 2978 876 3048 perditionem
910 2992 1033 3033 esse
1060 2980 1152 3033 sed
1181 2978 1635 3043 emendationem,
1664 2994 1756 3032 an-

160 3068 380 3122 diamus
410 3067 721 3122 testimonia
743 3063 1146 3137 Scripturarum
1176 3087 1187 3121 :
1219 3067 1339 3129 Fili,
1376 3084 1441 3122 ne
1465 3069 1754 3123 contriste-

1866 1982 2106 2036 scuriora
2147 1982 2458 2037 transimus.

1938 2092 1955 2123 ι
2002 2071 2201 2127 lterum
2250 2072 2418 2128 levavi
2454 2089 2669 2127 manum
2720 2088 2896 2127 meam
2930 2074 2981 2128 in
3030 2089 3124 2129 eos
3155 2074 3209 2128 in
3250 2073 3447 2129 solitu-

1867 2180 1884 2212 ι
1930 2162 2055 2218 dine
2082 2172 2142 2217 ut
2162 2164 2525 2233 dispergerem
2556 2164 2674 2221 illos
2701 2165 2752 2218 iu
2785 2166 3110 2231 nationibus,
3138 2175 3192 2221 et
3221 2168 3448 2221 ventila-

1839 2272 1884 2303 .‹
1932 2269 2044 2308 rem
2071 2255 2123 2308 in
2158 2263 2349 2320 terras,
2374 2271 2438 2310 eo
2470 2254 2612 2324 quod
2631 2255 2832 2324 judicia
2877 2273 2995 2311 mea
3022 2274 3125 2315 nou
3156 2256 3443 2323 fecissent,

1866 2361 1884 2394 ι
1930 2354 1984 2397 ει
2031 2354 2299 2414 ptmcepta
2351 2361 2467 2399 mea
2511 2346 2914 2415 reprobassent,
2947 2356 3002 2401 et
3055 2348 3277 2402 sabbata
3322 2364 3435 2407 nte:

1866 2453 1883 2483 ι
1930 2434 2237 2497 violassent,
2269 2444 2323 2489 et
2368 2444 2488 2506 post
2530 2435 2673 2492 idola
2709 2446 2922 2506 patrum
2965 2454 3185 2493 suorum
3217 2438 3442 2495 fuissent

1865 2542 1883 2575 ι
1930 2526 2073 2579 oculi
2140 2541 2348 2581 eorum.
2409 2526 2551 2598 Ergo
2597 2536 2653 2582 et
2699 2544 2800 2599 ego
2855 2528 2975 2583 dedi
3039 2531 3119 2584 cis
3172 2538 3441 2600 praecepta

1866 2634 1883 2665 ι
1930 2629 2037 2670 non
2065 2616 2226 2680 bona,
2260 2625 2315 2671 et
2338 2614 2538 2685 judicia
2571 2618 2625 2672 in
2649 2619 2844 2689 quibus
2881 2635 2985 2674 non
3014 2620 3215 2686 vivent,
3238 2630 3292 2675 et
3324 2621 3441 2691 pol-

1863 2731 1879 2761 ι
1927 2710 2000 2764 lui
2030 2726 2124 2765 eos
2152 2711 2204 2765 in
2228 2711 2543 2768 muneribus
2566 2714 2680 2769 suis
2704 2730 2825 2769 cum
2849 2713 3101 2769 offerrent
3122 2728 3281 2771 omne
3301 2716 3445 2788 quod

1865 2818 1883 2850 ι
1931 2800 2105 2870 aperit
2134 2800 2344 2856 vulvam
2374 2812 2595 2873 propter
2619 2803 2814 2858 delicta
2845 2820 2962 2859 sua.
3010 2805 3074 2859 Et
3118 2806 3291 2861 scient
3317 2807 3443 2877 quia

1862 2911 1881 2943 ι
1928 2906 2027 2965 ego
2060 2893 2337 2947 Dominus.
2378 2914 2396 2945 ι
2434 2891 2538 2949 Ubi
2581 2894 2635 2949 in
2665 2893 2846 2950 veteri
2874 2896 3223 2967 Testamento
3250 2904 3440 2951 contra

1857 2984 1995 3039 filios
2023 2999 2233 3048 eorum,
2270 2984 2361 3055 qui
2397 2984 2450 3039 in
2484 2985 2777 3041 solitudine
2815 2997 3154 3051 corruerant,
3184 2988 3445 3043 Dominus

1855 3075 2116 3130 levaverit
2145 3092 2364 3131 manum
2395 3092 2566 3141 suam,
2605 3078 2790 3133 volens
2817 3094 2910 3133 eos
2941 3079 3249 3149 dispergere
3275 3080 3325 3133 in
3346 3096 3441 3133 na-

161 3159 243 3213 ris
276 3158 344 3213 ad
378 3158 717 3228 disciplinam
766 3158 1001 3222 Domini,
1056 3173 1229 3227 neque
1270 3159 1490 3215 deficias
1540 3160 1754 3230 quando
1785 3226 1824 3244 n
1862 3168 2053 3234 tiones,
2086 3167 2363 3240 Scriptura
2394 3186 2499 3223 non
2532 3169 2679 3223 dicit.
2709 3169 2813 3224 Sed
2845 3184 2910 3223 ex
2942 3184 3006 3224 eo
3050 3170 3191 3239 quod
3222 3170 3310 3224 hic
3353 3186 3439 3224 rc-

154 3250 232 3304 at»
260 3264 328 3301 eo
369 3249 612 3318 argueris
659 3266 675 3323 ε
712 3266 731 3297 ι
769 3247 940 3314 Quem
986 3248 1159 3319 diligit
1208 3251 1466 3305 Dominus
1496 3229 1752 3321 corripit,

1866 3261 1986 3327 fert,
2014 3262 2212 3317 factum
2243 3278 2361 3319 esse
2392 3264 2717 3319 credendum
2747 3273 2849 3327 est,
2880 3266 2995 3320 sive
3036 3266 3138 3320 boc
3170 3265 3442 3335 significat

159 3340 400 3412 ﬂagellat
452 3351 630 3394 autem
681 3356 897 3395 omnem
937 3339 1105 3395 filium
1141 3357 1299 3410 quem
1352 3343 1542 3414 recipit
1594 3343 1750 3413 (lch.

164 3434 293 3499 xu).
330 3449 349 3480 ι
385 3429 451 3483 Ει
474 3430 525 3482 in
555 3429 660 3483 alio
692 3428 811 3485 loco
840 3448 851 3481 :
895 3448 912 3479 ι
945 3430 1077 3484 Cum
1109 3431 1435 3487 interficeret
1473 3433 1592 3488 illos
1632 3446 1757 3489 tunc

158 3521 483 3590 qumrebant
511 3534 635 3573 eum
666 3517 840 3590 (Psal.
887 3521 1114 3593 Lxxvn).
1160 3542 1174 3570 ι
1221 3522 1287 3576 Ει
1334 3525 1386 3577 in
1425 3524 1755 3578 Dcutcronoo

159 3610 259 3665 tuii
314 3610 532 3664 cantico
579 3627 592 3662 :
652 3631 668 3661 ι
709 3610 819 3679 Ego
863 3611 1185 3665 interficiant
1237 3620 1293 3667 ει
1341 3628 1441 3683 ego
1474 3613 1756 3670 viviﬁcabo

161 3701 350 3767 (Deut.
394 3702 587 3772 χχιιι).
626 3721 643 3753 ι
690 3702 984 3757 Possumus
1013 3712 1067 3756 et
1101 3705 1201 3759 hoc
1224 3706 1377 3775 juxta
1420 3706 1651 3760 litteram
1676 3707 1757 3761 di-

160 3806 315 3855 cere,
342 3792 484 3859 quod
533 3806 637 3845 non
688 3791 947 3847 deleverit
992 3808 1086 3848 cos
1128 3808 1302 3863 neque
1360 3796 1756 3865 consumpserit

158 3896 289 3936 cum
306 3881 476 3951 stirpe
502 3897 596 3936 sua
618 3891 779 3951 atque
790 3884 1069 3953 progenie,
1088 3885 1181 3940 sed
1198 3884 1493 3942 interfectis
1508 3889 1755 3958 patribus

158 3970 608 4041 pcperceritliliis
624 3988 759 4041 quos
775 3973 825 4025 in
845 3980 1045 4027 terram
1065 3977 1498 4043 repromissionis
1520 3978 1751 4033 induxit.

240 4080 259 4110 ι
298 4059 419 4115 Dixi
441 4070 621 4115 autem
652 4062 716 4115 ad
740 4061 876 4117 filios
900 4079 1086 4118 eorum
1120 4065 1170 4119 in
1196 4068 1483 4124 solitudine
1507 4087 1518 4122 :
1546 4070 1602 4125 ln
1624 4085 1757 4139 pra:-

167 4171 186 4203 ι
233 4152 408 4222 ceptis
440 4160 655 4221 patrum
688 4163 987 4207 vestrorum
1018 4154 1183 4209 nolite
1222 4156 1458 4214 incidere
1489 4174 1589 4213 nec
1610 4160 1754 4228 judi-

166 4264 185 4295 ι
234 4243 319 4298 cia
351 4257 539 4297 eorum
577 4245 915 4308 custodiatis,
970 4262 1067 4300 nec
1116 4248 1167 4299 in
1212 4247 1367 4303 idolis
1408 4264 1592 4304 eorum
1641 4252 1755 4321 pol-

166 4356 185 4388 ι
233 4334 482 4388 luamiui.
520 4334 633 4404 Ego
672 4336 931 4389 Dominus
960 4338 1101 4391 Deus
1130 4349 1330 4403 vester,
1378 4342 1429 4393 in
1468 4344 1755 4412 praeceptis

166 4444 185 4477 ‹
235 4424 375 4478 meis
403 4425 694 4489 ambulate,
720 4436 774 4480 ct
805 4427 1009 4496 judicia
1046 4444 1162 4489 mea
1191 4431 1481 4497 custodite,
1513 4442 1567 4487 et
1596 4433 1755 4490 facile

168 4534 186 4567 ι
231 4528 331 4580 ea,
366 4523 424 4569 ct
449 4515 671 4570 sabbata
702 4532 818 4569 mea
850 4519 1208 4585 sanctificate,
1240 4531 1296 4576 ut
1329 4524 1399 4576 sit
1429 4525 1641 4593 signum
1673 4527 1755 4581 iu-

166 4624 187 4659 ‹
232 4613 320 4660 ιει·
344 4620 433 4659 me
459 4614 513 4659 ct
543 4621 657 4661 vos.
700 4606 765 4660 Et
808 4608 1009 4662 sciatur
1038 4610 1164 4678 quia
1198 4627 1298 4682 ego
1329 4628 1446 4669 sum
1491 4615 1749 4672 Dominus

170 4716 187 4747 ι
236 4695 383 4750 Deus
411 4703 610 4748 vester.
652 4716 669 4746 ι
714 4695 840 4751 Post
868 4698 1296 4756 interfectionem
1339 4714 1551 4774 patrum
1581 4710 1671 4777 qui
1699 4709 1752 4764 in

162 4798 354 4841 eremo
402 4793 742 4850 corruerunt,
797 4797 1063 4857 praecepta
1116 4790 1207 4844 dat
1256 4793 1380 4848 filiis
1426 4796 1479 4849 in
1521 4812 1753 4866 quorum

162 4877 344 4933 salute
376 4874 627 4930 misertus
654 4884 737 4930 est
766 4886 1002 4946 patrum,
1034 4888 1087 4933 et
1116 4884 1376 4951 pepercit,
1406 4885 1598 4955 inquit,
1625 4903 1753 4943 ocu-

164 4969 250 5023 lus
281 4968 494 5023 Domini
522 4982 681 5037 super
702 4983 819 5033 eos,
850 4985 918 5024 ne
945 4973 1165 5028 omnino
1202 4974 1534 5031 interficeret
1559 4994 1652 5033 eos
1674 4989 1752 5033 at-

164 5075 275 5131 que
307 5058 533 5121 deleret,
564 5060 656 5112 sed
690 5068 871 5128 patres
916 5062 967 5115 in
1014 5062 1141 5118 ﬁliis
1172 5077 1500 5131 reservaret,
1542 5070 1755 5123 eadem-

165 5167 274 5222 que
304 5159 560 5215 testatur,
594 5166 712 5219 qua:
747 5160 799 5205 et
826 5153 1069 5221 patribus
1110 5164 1191 5209 est
1219 5155 1458 5223 locutus,
1504 5168 1559 5213 ut
1601 5173 1752 5229 post-

164 5259 332 5314 quam
360 5243 414 5297 in
445 5243 723 5312 praeceptis
748 5242 891 5298 illius
920 5245 1333 5314 ambulaverint,
1364 5251 1754 5319 etjudicia'cu-

165 5334 479 5397 stodierint,
511 5342 564 5387 et
593 5334 1072 5390 sanctiﬁcationcm
1104 5339 1333 5405 sabbati,
1364 5344 1507 5411 quod
1542 5346 1752 5414 signum

165 5426 356 5478 datum
372 5431 475 5487 est,
501 5426 908 5489 TCSCI‘VaVCt'ittl,
930 5436 1053 5480 tunc
1076 5431 1263 5492 sciant,
1284 5432 1409 5499 quia
1428 5433 1541 5501 ipse
1567 5434 1635 5487 sit
1658 5436 1754 5489 Do-

166 5515 348 5569 minus
377 5512 521 5567 Deus
550 5529 756 5579 eorum,
786 5527 1047 5585 praecepta
1076 5530 1259 5575 autem
1292 5531 1345 5575 ct
1388 5523 1630 5594 legitima
1660 5542 1753 5596 pa—

170 5612 313 5656 trum
340 5613 394 5658 et
417 5604 622 5672 judicia
655 5620 837 5660 eorum
866 5622 1107 5663 errorem
1156 5612 1401 5666 inolitum
1450 5615 1751 5683 signiﬁcat,

169 5709 236 5749 ne
266 5704 487 5763 peccata
529 5710 714 5752 eorum
761 5698 1037 5754 imitentur
1078 5718 1306 5771 quorum
1356 5712 1619 5761 tormenta
1668 5724 1753 5761 rc-

168 5785 421 5853 spiciunt.

1858 3351 1999 3421 quod
2035 3360 2318 3423 postquam
2372 3364 2572 3408 terram
2618 3355 3055 3423 repromissionis
3099 3356 3435 3417 intraverint,

1856 3442 2023 3496 variis
2056 3443 2388 3512 temporibus
2416 3442 2485 3499 ob
2537 3443 2704 3500 multa
2735 3454 2954 3514 peccata
2998 3445 3229 3501 diversis
3260 3444 3442 3501 traditi

1858 3542 1984 3588 sunt
2026 3536 2274 3606 gentibus
2304 3535 2643 3607 regibusque,
2691 3551 2756 3591 eo
2804 3546 3061 3607 tempore,
3092 3554 3212 3607 qua:
3246 3546 3441 3593 natura

1858 3641 1952 3681 sua
1983 3626 2123 3681 bona
2152 3636 2313 3681 erant
2338 3640 2604 3697 prrecepm
2649 3626 2881 3691 Domini,
2912 3637 2965 3682 et
2990 3626 3192 3697 judicia
3242 3629 3293 3681 in
3324 3628 3445 3698 qui-

1856 3714 1958 3769 bus
1979 3722 2197 3784 possent
2218 3716 2498 3770 credentes
2519 3716 2719 3779 vivere,
2751 3715 2895 3771 facta
2922 3716 3031 3770 sint
3050 3717 3130 3772 eis
3161 3732 3267 3771 non
3294 3717 3430 3774 bona

1857 3804 1983 3860 dum
2014 3819 2355 3876 nequaquam
2386 3806 2565 3860 valent
2597 3807 2650 3860 in
2676 3807 2985 3877 captivitate
3010 3807 3144 3878 legis
3170 3822 3436 3877 praecepta

1857 3910 2099 3962 servare,
2157 3906 2213 3952 et
2263 3896 2443 3951 facere
2488 3912 2609 3967 quae
2647 3897 2859 3954 divinus
2910 3913 3090 3953 sermo
3140 3899 3433 3953 mandavit.

1858 3988 2043 4059 Neque
2065 3989 2221 4054 dixit,
2256 3988 2385 4043 Dedi
2415 3988 2494 4044 eis
2517 3998 2784 4058 praecepta
2809 3988 2969 4054 maia,
3001 3990 3094 4044 sed
3124 4003 3229 4045 nan
3253 3989 3392 4043 bona
3422 4008 3434 4041 :

1858 4096 1964 4136 non
1993 4082 2137 4136 enim
2165 4080 2346 4135 statim
2365 4080 2628 4149 sequitur,
2649 4080 2859 4148 utquod
2887 4080 3085 4136 bonum
3116 4095 3220 4136 non
3245 4088 3345 4144 est,
3368 4080 3437 4134 sit

1862 4171 2082 4235 malum,
2120 4170 2258 4224 sicut
2284 4179 2338 4224 et
2362 4169 2651 4239 Apostolus
2673 4171 2830 4225 docet
2860 4170 2912 4241 (Ι
2950 4168 3072 4225 Cor.
3109 4170 3206 4243 vn)
3237 4172 3433 4227 bonum

1858 4277 1980 4318 esse
2010 4262 2215 4316 homini
2248 4276 2471 4316 uxorem
2502 4262 2583 4315 vel
2614 4263 2892 4339 mulierem
2934 4279 3038 4319 non
3069 4274 3309 4334 tangere,
3344 4266 3439 4319 sed

1856 4363 2076 4427 prepter
2106 4346 2548 4408 incontinentiam
2580 4367 3014 4423 unumquemque
3038 4370 3190 4409 suam
3213 4372 3435 4411 uxorem

1858 4447 2059 4502 habere
2110 4446 2308 4501 bonum
2354 4454 2453 4509 est,
2507 4461 2944 4516 unumquemque
3001 4449 3277 4518 possidere
3342 4466 3439 4506 vas

1782 4558 1833 4631 Β
1859 4552 2016 4591 ευιιιιι
2070 4536 2124 4589 in
2160 4534 2592 4589 sanctificatione
2632 4545 2687 4588 et
2722 4537 2999 4593 castitate.
3042 4538 3184 4606 quod
3230 4539 3275 4594 si
3326 4556 3433 4595 non

1865 4626 2073 4691 fecerit,
2128 4642 2228 4681 nec
2257 4627 2456 4682 bonum
2501 4642 2602 4682 nec
2648 4628 2843 4682 malum
2871 4639 2975 4684 est.
3026 4630 3182 4685 Dedit
3210 4648 3337 4703 ergo
3359 4636 3438 4688 eis

1866 4720 2006 4774 Deus
2031 4719 2287 4797 dispersis
2326 4719 2378 4772 in
2409 4719 2655 4789 gentibus
2678 4730 2940 4790 praecepta
2971 4737 3076 4777 non
3115 4724 3250 4778 bona
3277 4765 3291 4788 ,
3338 4727 3440 4781 hoc

1864 4817 1967 4873 est,
2000 4808 2203 4863 dimisit
2236 4823 2330 4863 eos
2359 4809 2773 4877 cogitatiouitus
2818 4820 2873 4864 et
2897 4812 3176 4877 desideriis
3223 4815 3355 4879 suis,
3384 4826 3439 4869 ut

1862 4900 2105 4954 facerent
2134 4915 2251 4969 qua:
2278 4915 2384 4954 non
2414 4902 2757 4966 conveniunt,
2792 4910 2847 4957 et
2888 4902 3201 4972 polluiteos
3229 4906 3279 4960 in
3322 4922 3431 4960 mu-

1863 4991 2082 5047 neribus
2118 4992 2251 5054 suis,
2299 4991 2440 5045 sicut
2476 4992 2727 5046 sacerdos
2755 4992 2820 5046 de
2862 4993 3057 5063 populo
3086 4994 3326 5063 leprosos
3352 5012 3436 5051 se~

1862 5097 2060 5151 parans
2097 5092 2151 5134 et
2171 5096 2263 5136 eos
2298 5080 2527 5151 pollutos
2549 5097 2669 5136 esse
2692 5082 3070 5139 demonstrans
3088 5124 3101 5149 ,
3130 5086 3256 5139 dum
3283 5086 3435 5143 idolis

1861 5174 2095 5228 offerunt
2147 5189 2266 5242 qua:
2315 5174 2425 5227 Deo
2468 5171 2662 5227 oﬂerre
2692 5174 2965 5239 deberent,
3003 5184 3057 5228 et
3086 5176 3437 5231 transducunt

1862 5280 2021 5320 omne
2046 5264 2186 5335 quod
2213 5264 2385 5332 aperit
2416 5263 2626 5317 vulvam
2656 5281 2752 5335 per
2782 5265 2960 5334 ignem
2991 5265 3219 5331 bachali,
3250 5266 3304 5320 id
3328 5276 3431 5331 est,

1860 5356 2225 5426 primogenita,
2255 5366 2314 5409 ut
2352 5364 2636 5425 postquam
2668 5358 2866 5411 deserti
2918 5356 3115 5414 fuerint
3154 5375 3183 5411 a
3230 5357 3339 5412 Deo
3383 5369 3435 5413 ct

1862 5445 2124 5500 idolorum
2177 5445 2341 5501 cultui
2385 5448 2588 5511 traditi,
2629 5456 2755 5503 tunc
2798 5448 3098 5518 intelligant
3136 5450 3279 5519 quod
3322 5449 3436 5518 ipse

1856 5536 1928 5589 sit
1957 5534 2227 5597 Dominus,
2258 5551 2415 5605 quem
2446 5551 2545 5591 suo
2577 5538 2705 5591 vitio
2745 5536 2811 5591 ad
2840 5539 3168 5593 iracundiam
3196 5539 3435 5593 concita-

1857 5634 2069 5678 verunt.
2119 5624 2271 5679 lluuc
2316 5625 2494 5681 locum
2544 5627 2883 5680 manifestius
2924 5628 3311 5697 interpretatus
3350 5642 3434 5683 εει

1858 5714 2233 5783 Symmachus,
2262 5731 2359 5784 pro
2388 5717 2661 5785 praeterito
2690 5732 2897 5785 ponens
2941 5716 3180 5772 futurum
3223 5734 3237 5773 :
3276 5736 3294 5768 ι
3330 5717 3432 5790 lgi-

1858 5810 1943 5856 tur
1988 5810 2039 5856 ct
2081 5818 2177 5873 ego
2228 5803 2364 5859 dabo
2410 5805 2487 5861 eis
2518 5816 2785 5876 prmcrpta
2819 5823 2922 5863 non
2954 5808 3090 5864 bona
3123 5817 3176 5864 ct
3222 5806 3424 5880 judicia
