3936 6352
504 418 627 489 723

1140 432 1202 488 Β.
1242 434 1496 493 ninam
1532 420 1749 495 metu
1786 440 2099 496 ARClllEP.
2138 442 2442 499 uocum.
2483 440 2765 498 eranum
2805 440 2982 495 rans
3024 443 3083 494 ιι.

3647 442 3746 495 7Ξῶ

504 551 728 612 propter
752 558 872 613 qua:
898 557 1005 599 non
1033 543 1233 611 vivent,
1263 555 1318 602 et
1345 548 1575 618 polluam
1601 565 1693 605 eos
1721 559 1939 621 propter
1960 568 2077 606 mu—
2102 557 2153 615 Α
2178 568 2271 606 eos
2294 562 2457 622 atque
2478 553 2733 607 dolerem.
2758 536 2983 618 Quando
3006 561 3184 605 autem
3219 553 3346 607 dicit
3373 553 3542 617 volui,
3566 562 3748 607 osten-

504 647 636 686 nera
691 648 825 695 sua,
866 633 990 704 quia
1045 646 1364 692 consecrant
1423 648 1479 694 et
1524 626 1875 695 transducunt
1918 656 2079 697 omne

504 721 646 789 quod
673 722 847 790 aperit
888 722 1126 788 vulvam,
1170 732 1229 778 ut
1267 725 1473 781 deleam
1516 744 1628 791 eos,
1655 738 1709 783 et
1734 730 1907 783 scient
1952 730 2078 798 quia

503 826 604 881 ego
632 811 906 865 Dominus.
939 831 957 863 ι
994 811 1060 866 Et
1086 823 1168 867 est
1198 829 1390 870 sensus
1416 834 1428 869 :
1460 816 1593 883 Quia
1626 818 1732 871 vidi
1754 817 1892 871 ﬁlios
1920 818 2082 879 scele-

502 900 651 953 ribus
686 908 899 969 patrum
924 900 1196 970 adaequari
1225 912 1279 957 et
1304 906 1488 959 eadem
1521 905 1696 961 facere
1722 918 2078 976 propterquze

501 988 575 1043 illi
601 987 936 1043 ofl'enderant
955 991 1145 1056 Deum,
1174 992 1315 1046 volui
1347 993 1464 1047 illos
1490 994 1726 1048 dividere
1749 995 1798 1047 in
1832 994 2077 1049 nationes

499 1088 554 1133 et
578 1078 628 1132 in
658 1087 770 1133 toto
797 1080 927 1134 orbe
952 1080 1282 1150 dispergere,
1310 1091 1367 1138 et
1394 1083 1521 1137 dare
1543 1082 1647 1137 illis
1674 1092 1943 1153 pratcepta
1969 1098 2076 1138 non

498 1163 638 1218 bona
668 1174 721 1219 ct
743 1163 947 1233 judicia
977 1167 1027 1220 in
1058 1170 1253 1237 quibus
1277 1185 1384 1225 non
1408 1169 1675 1234 viverent,
1699 1180 1757 1224 ut
1779 1171 2074 1241 polluerem

501 1254 618 1311 illos
648 1256 701 1309 in
740 1258 1050 1313 muneribus
1076 1260 1210 1322 suis,
1234 1259 1324 1328 qui
1364 1254 1542 1321 omnia
1566 1260 1919 1329 primogenita
1961 1261 2077 1314 ido-

502 1344 571 1399 lis
600 1346 1012 1408 consecrabant,
1042 1356 1095 1400 et
1141 1348 1374 1401 delerent
1417 1362 1511 1402 eos
1555 1349 1607 1401 in
1637 1358 1973 1419 perpetumn,
2023 1359 2077 1403 ct

498 1436 696 1489 scirent
724 1437 866 1505 quod
912 1450 1010 1507 ego
1041 1452 1213 1491 essem
1243 1437 1414 1503 Deus;
1445 1453 1539 1507 per
1561 1453 1680 1506 quae
1710 1438 1944 1492 ostendit
1966 1440 2071 1499 nan
2106 1436 2109 1437 ⁷

498 1540 558 1579 se
586 1524 796 1579 dedisse
824 1525 903 1580 eis
929 1534 1195 1595 praecepta
1227 1540 1333 1580 non
1366 1526 1525 1589 bona,
1552 1527 1643 1594 qui
1673 1526 1723 1579 in
1755 1542 1937 1581 eremo
1962 1544 2075 1582 mo-

499 1617 726 1682 rabitur,
755 1606 849 1672 Sed
876 1616 959 1670 his
988 1632 1122 1686 quos
1151 1617 1461 1687 dispergere
1488 1618 1652 1671 voluit
1676 1619 1727 1671 in
1757 1619 1999 1673 nationes
2020 1628 2076 1674 et

499 1709 677 1762 facere
708 1707 759 1761 in
809 1715 922 1761 toto
965 1708 1097 1761 orbe
1130 1708 1461 1776 peregrinos,
1498 1707 1629 1762 dare
1655 1709 1921 1778 cogitasse
1955 1724 2074 1778 quin

500 1815 604 1853 non
638 1799 805 1863 dedit,
850 1808 908 1851 ut
944 1797 1017 1853 iui
1050 1798 1142 1852 Dei
1193 1806 1456 1868 praecepta
1485 1798 1640 1853 bona
1672 1814 1769 1853 suo
1808 1800 1937 1853 vitio
1966 1815 2071 1853 non

2178 643 2256 696 dit
2280 658 2338 696 sc
2366 658 2473 697 non
2501 640 2715 707 fecisse,
2746 642 2887 711 quod
2929 644 3115 705 voluit,
3152 644 3384 712 illudque
3404 644 3551 713 quod
3578 646 3754 711 sequi-

2178 741 2301 787 tur:
2347 752 2366 784 ι
2410 733 2475 788 Et
2508 734 2680 789 scient
2723 733 2849 803 quia
2885 750 2984 804 ego
3027 750 3142 788 sum
3180 732 3473 799 Dominus,
3506 755 3524 786 ι
3561 736 3614 787 in
3664 734 3757 789 Sc-

2175 823 2454 893 ptnaginta
2508 838 2616 877 non
2667 822 2914 877 habetur.
2961 823 3076 876 Non
3138 823 3282 877 enim
3341 824 3422 877 eis
3470 823 3753 876 videbatur

2175 928 2511 981 consequens
2536 922 2656 985 post
2701 896 3130 967 interfectionem
3161 928 3318 967 nosse
3360 914 3501 982 quo:l
3532 915 3645 980 ipse
3683 914 3754 967 sit

2174 1002 2449 1056 Dominus.
2493 1001 2598 1057 Sed
2628 1011 2743 1066 ιιι,«
2778 1004 2848 1056 fili
2878 1003 3129 1068 hominis,
3175 1020 3385 1057 rursum
3424 1004 3645 1072 loquere
3685 1004 3749 1056 ad

2173 1106 2289 1155 eos,
2328 1109 2345 1142 ι
2386 1092 2488 1145 hoc
2512 1098 2596 1146 est
2628 1092 2695 1145 ad
2723 1093 2964 1147 seniores
2990 1093 3182 1145 domus
3220 1092 3406 1154 lsrael,
3440 1092 3531 1160 qui
3568 1105 3619 1143 te
3670 1092 3751 1144 in—

2174 1187 2448 1251 terrogare
2488 1193 2770 1255 venerunt,
2801 1191 2983 1251 patres
3025 1183 3183 1235 vestri
3215 1181 3281 1235 de
3320 1197 3548 1250 quorum
3581 1182 3753 1248 stirpe

2174 1268 2526 1324 descendistis
2570 1271 2734 1323 etiam
2779 1272 2830 1324 in
2861 1273 2963 1325 hoc
2992 1270 3498 1340 hlasphcmavcrunt
3546 1285 3653 1332 me,
3699 1280 3753 1320 et

2173 1358 2372 1413 duxere
2392 1374 2487 1428 pro
2508 1359 2691 1424 nihili;
2718 1370 3000 1429 postquam
3016 1360 3293 1438 introduxi
3325 1375 3419 1415 eos
3442 1352 3492 1413 i‘n
3527 1370 3749 1418 terram,

2174 1466 2335 1520 quam
2392 1466 2507 1505 mea
2562 1450 2873 1506 fortitudine
2921 1452 3298 1519 possederunt,
3333 1466 3497 1519 quam
3545 1466 3647 1519 ego
3690 1450 3757 1501 ad

2175 1540 2557 1612 possidendum
2598 1525 2875 1606 dederam,
2918 1542 2991 1594 illi
3014 1548 3301 1594 verterunt
3339 1542 3403 1593 ad
3429 1554 3757 1607 exasperan-

2173 1632 2299 1685 dum
2332 1644 2436 1684 ωε.
2467 1628 2601 1684 Cum
2630 1631 2773 1683 enim
2824 1629 3087 1684 Vidissent
3110 1644 3325 1683 omnem
3352 1628 3546 1682 collem
3574 1624 3756 1680 execl-

2174 1736 2311 1785 sum,
2342 1720 2651 1790 lignumque
2683 1735 3046 1782 nemorosum,
3091 1719 3472 1774 sacriﬁcabant
3514 1719 3567 1770 in
3604 1714 3757 1769 mon-

2176 1810 2334 1871 tibus,
2378 1817 2435 1864 et
2476 1810 2527 1862 in
2581 1808 2751 1871 lucis,
2792 1818 2849 1863 et
2887 1808 3135 1882 saltibus,
3196 1818 3251 1861 ct
3307 1806 3464 1861 idolis
3506 1805 3757 1859 victimas

497 1889 637 1943 bona
680 1887 945 1952 facerent.
991 1887 1115 1941 dum
1163 1887 1318 1943 idolis
1358 1889 1613 1944 exhibent
1657 1905 1776 1977 quae
1805 1888 1947 1944 Deus
1972 1890 2073 1945 sibi
2104 1883 2547 1963 Bimmclabant,
2586 1908 2641 1953 et
2682 1900 2787 1952 liba
2820 1898 3133 1953 fundebant.
3178 1918 3195 1949 (
3228 1898 3379 1963 Quod
3428 1912 3552 1950 eum
3595 1896 3758 1950 vidis-

497 1985 828 2048 przeceperat
853 1977 1155 2032 exhibenda
1181 1994 1195 2043 ;
1228 1986 1409 2048 potest
1440 1986 1494 2033 et
1524 1979 1627 2033 hoc
1650 1980 1754 2033 dici
1780 1981 1922 2048 quod
1948 1988 2074 2058 ante

494 2068 753 2125 offensam
783 2068 1093 2139 decalogum
1125 2078 1333 2123 tantum
1362 2078 1689 2139 acceperunt
1722 2090 1733 2123 :
1767 2080 1885 2140 post
1908 2072 2073 2126 idolo-

497 2164 711 2218 latriam
739 2176 868 2218 vero
898 2170 952 2215 et
997 2160 1406 2230 blasphemiam,
1444 2162 1767 2232 multiplices
1796 2163 1930 2235 legis
1972 2179 2073 2217 cac-

497 2256 786 2322 remonias,
809 2263 870 2309 ut
894 2255 1004 2313 Deo
1031 2256 1209 2324 potius
1230 2249 1489 2310 offerrent
1508 2254 1758 2331 victimas
1784 2272 1920 2325 quas
1962 2256 2073 2310 (ιω-
2106 2266 2109 2269 ·

498 2346 750 2401 monibus
770 2343 1070 2401 offerebant
1098 2351 1152 2398 et
1175 2344 1581 2413 comparatione
1608 2343 1876 2415 sacrilegii
1904 2345 2086 2400 levius.

497 2436 674 2502 ﬁeret,
701 2435 844 2506 quod
891 2450 996 2490 non
1047 2444 1166 2489 crat
1191 2450 1286 2506 per
1312 2450 1369 2490 se
1402 2436 1601 2491 bonum
1630 2444 1688 2491 et
1734 2433 2075 2506 nequaquam

497 2528 714 2591 malum,
773 2528 896 2598 quia
953 2528 1063 2581 Deo
1119 2526 1463 2590 offerebatur,
1517 2538 1571 2582 et
1606 2537 1784 2582 tamen
1826 2544 1929 2583 non
1979 2530 2073 2584 bo-

496 2632 622 2671 num
647 2617 770 2687 quia
804 2617 927 2671 boni
978 2626 1255 2671 auctorem
1299 2616 1634 2672 offenderant
1675 2615 1875 2688 (στερη
1931 2617 2069 2672 Mor.

495 2707 587 2762 lib.
618 2723 809 2773 xxvm,
864 2725 911 2762 c.
971 2708 1084 2777 l7).
1132 2707 1381 2761 Inﬁrmus
1422 2723 1655 2775 namque
1684 2708 1911 2778 populus
1951 2724 2072 2764 cum

499 2806 886 2870 praeceptorum
930 2813 1136 2868 pannos
1180 2798 1366 2853 nolens
1391 2798 1633 2867 pertulit,
1666 2801 1730 2854 ad
1780 2800 2071 2865 ﬁrmiorem

499 2897 697 2944 statum
727 2905 793 2943 ex
822 2889 935 2959 ipsa
967 2905 1063 2944 sua
1095 2888 1352 2960 ligatione
1377 2891 1643 2959 pervenit.
1675 2890 1809 2957 Quia
1838 2893 1981 2946 enim
2007 2893 2074 2945 ti-

499 2992 618 3031 mor
643 2992 765 3031 eum
794 2977 1002 3047 priusva
1041 2978 1197 3049 culpa
1229 2979 1487 3043 coercuit,
1531 2990 1902 3050 competenter
1927 2991 2073 3051 post-

497 3065 712 3121 modum
760 3067 815 3119 in
860 3065 1163 3121 libertatem
1207 3068 1429 3136 spiritus
1471 3068 1658 3123 exivit.
1709 3068 1818 3124 llos
1864 3081 2092 3140 pannos

499 3178 634 3231 quos
682 3163 1061 3217 inchoantibus
1087 3162 1232 3218 dedit
1273 3164 1386 3234 ipse
1413 3179 1509 3234 per
1538 3165 1851 3234 prophetam
1892 3167 2072 3220 Domi—

2174 2005 2309 2053 sem,
2355 1989 2465 2043 dixi
2504 1991 2571 2043 ad
2606 2004 2717 2043 eos.
2760 2009 2776 2040 ι
2819 1988 2954 2054 Quid
2991 1998 3073 2042 est
3110 1988 3279 2041 Bnma
3309 1990 3333 2039 ?
3376 1989 3477 2041 hoc
3506 1987 3653 2040 enim
3688 1987 3760 2039 in-

2130 2108 2135 2111 ν
2176 2086 2499 2149 terpretatur
2524 2078 2804 2142 excelsum,
2837 2089 2930 2132 aut
2951 2094 3048 2132 cur
3077 2078 3415 2147 ingredimini
3452 2075 3755 2131 istiusmodi

2174 2168 2375 2232 locum,
2405 2183 2565 2249 quem
2600 2168 2757 2245 vobis
2806 2168 2858 2221 in
2889 2169 3099 2221 cunctis
3129 2166 3353 2221 collibus
3394 2166 3659 2236 elegistis,
3688 2168 3758 2219 ita

2174 2264 2233 2309 ut
2258 2248 2426 2325 usque
2456 2242 2613 2311 hodie
2644 2242 2945 2312 istiusmodi
2976 2257 3092 2311 loca
3128 2257 3464 2326 appellentur
3499 2257 3752 2321 Bamoth,

2173 2356 2226 2402 et
2252 2350 2504 2417 antiquus
2533 2364 2688 2403 error
2713 2364 2905 2403 nomen
2931 2349 3223 2418 pristinum
3250 2349 3468 2415 teneat?

2252 2456 2269 2488 ι
2314 2437 2604 2508 Propterea
2644 2438 2736 2493 die
2778 2438 2853 2508 ad
2890 2440 3126 2493 .domum
3183 2438 3346 2493 Israel
3392 2454 3406 2492 :
3450 2438 3580 2492 Hazc
3628 2438 3760 2493 dicit

2244 2526 2542 2581 Dominus:
2571 2527 2627 2581 ln
2662 2528 2747 2581 via
2781 2516 2992 2596 patrum
3042 2537 3346 2582 vestrorum
3408 2543 3504 2582 vos
3556 2528 3755 2597 pollui-

2244 2616 2412 2687 minil,
2468 2626 2526 2672 et
2576 2626 2698 2686 post
2756 2617 3081 2673 offendicula
3137 2633 3323 2673 eorum
3376 2633 3472 2673 vos
3515 2617 3755 2673 fornica-

2245 2707 2406 2773 mini,
2439 2716 2493 2761 et
2540 2707 2595 2761 in
2642 2708 2913 2762 oblatione
2957 2710 3218 2764 donorum
3271 2716 3574 2763 vestrorum
3631 2723 3756 2762 cum

2244 2797 2523 2851 t'raducitis
2579 2796 2718 2852 filios
2776 2806 2980 2852 vestros
3029 2809 3140 2868 per
3176 2800 3368 2868 ignem,
3403 2815 3499 2851 vos
3554 2800 3752 2868 pollui-

2244 2884 2371 2942 mini
2396 2887 2450 2942 in
2474 2889 2723 2943 omnibus
2745 2888 2898 2943 idolis
2926 2891 3126 2945 vestris
3153 2905 3321 2959 usque
3350 2891 3528 2944 hodie.
3564 2891 3632 2943 Et
3654 2906 3751 2961 ego

2179 2997 2197 3027 ι
2243 2978 2575 3048 respondebo
2619 2974 2789 3044 vobis,
2817 2979 3234 3034 domoslsrael;
3273 2981 3403 3036 Vivo
3430 2996 3576 3055 ‘cgo,
3624 2983 3757 3035 dicit

2180 3088 2198 3119 ‹
2247 3069 2503 3124 Dominus
2532 3070 2689 3132 Deus,
2716 3062 2839 3140 quia
2866 3086 2972 3124 non
3004 3072 3339 3141 respondebo
3368 3074 3541 3126 vo‘..is.
3594 3094 3611 3124 ι
3653 3074 3756 3127 Pa-

2177 3168 2318 3213 trum
2340 3170 2643 3215 vestrorum
2673 3162 2955 3215 imitamini
2984 3165 3130 3224 vitia,
3161 3172 3215 3217 et
3240 3180 3337 3233 per
3356 3163 3574 3227 easdem
3605 3166 3754 3219 ince-

2180 2546 2197 2577 I

2178 2636 2196 2668 ί

2178 2726 2197 2758 Ι

2179 2818 2196 2848 1

2178 2908 2196 2939 ι

499 3230 598 3310 nus
636 3254 1002 3327 reprehendit,
1034 3255 1225 3310 dicens
1257 3230 1561 3325 :VEgo‘ded—i
1589 3230 1663 3310 eis
1689 3252 1942 3325 praecepta
1970 3274 2073 3310 non
2100 3230 2144 3291 Ο
2176 3248 2303 3302 ditis
2328 3248 2461 3313 vias,
2494 3258 2551 3303 ut
2592 3250 2790 3305 delicta
2829 3251 3026 3304 similia
3060 3230 3290 3330 similem
3342 3264 3658 3307 mereantur
3696 3262 3751 3309 et

498 3346 653 3409 bona,
682 3345 821 3398 mala
845 3344 987 3397 enim
1019 3343 1173 3413 quasi
1220 3344 1361 3398 mala
1401 3359 1522 3399 esse
1561 3344 1812 3399 desinunt
1851 3361 2072 3414 compa-

498 3436 709 3490 ratione
741 3432 981 3504 pejorum
999 3476 1013 3500 ,
1039 3445 1094 3489 et
1122 3436 1261 3489 bona
1289 3436 1440 3504 quasi
1468 3436 1605 3489 bona
1632 3452 1737 3490 non
1769 3446 1897 3489 sunt
1922 3452 2069 3490 com-

498 3524 777 3595 paratione
823 3523 1106 3579 meliorum
1154 3543 1166 3578 :
1200 3539 1324 3578 nam
1360 3525 1513 3579 sicut
1550 3523 1704 3593 pejus
1741 3524 2070 3593 delinquenti

497 3614 692 3671 .ludzea:
714 3616 780 3670 de
810 3614 1043 3670 Sodoma
1074 3624 1235 3685 atque
1263 3614 1507 3670 Samaria
1534 3608 1728 3670 dicitur
1766 3632 1779 3669 :
1824 3634 1841 3666 ι
1871 3600 2072 3670 Justiti-

501 3705 637 3758 casti
675 3719 891 3759 sorores
919 3713 1035 3758 tuas
1072 3704 1122 3757 in
1162 3702 1412 3757 omnibus
1442 3704 1931 3759 abominationibus
1967 3706 2073 3761 tuis

499 3810 634 3865 quas
674 3803 893 3864 operata
925 3810 984 3849 es
1030 3793 1245 3867 (Ezrclt.
1282 3795 1417 3865 xvi),
1452 3815 1470 3846 ι
1504 3795 1577 3849 ita
1604 3795 1840 3850 melioris
1885 3794 2071 3850 Testa-

500 3888 663 3943 menti
693 3885 823 3941 Novi
848 3886 1129 3957 prteccptis
1151 3885 1602 3956 subsequentibus
1625 3897 1887 3957 praecepta
1910 3890 2067 3953 bona,

496 3993 615 4046 quae
644 3976 865 4031 rudlbus
916 3977 1039 4032 data
1067 3984 1209 4031 sunt
1251 3991 1356 4030 non
1400 3978 1539 4030 bona
1595 3992 1714 4030 esse
1761 3992 2070 4031 memoran-

499 4076 606 4129 tur,
632 4079 808 4135 neque
833 4065 976 4121 enim
1008 4074 1216 4120 mentes
1243 4066 1362 4119 usui
1391 4067 1513 4120 vitae
1535 4066 1769 4120 carnalis
1800 4067 2068 4121 inhrercn-

499 4164 579 4209 tes
621 4154 776 4210 evelli
806 4154 876 4209 ab
919 4154 1118 4210 inﬁmis
1161 4164 1404 4225 possent,
1432 4154 1557 4211 nisi
1600 4158 1865 4228 gradatim
1909 4145 2067 4213 ducta

498 4247 876 4314 praedicatione
901 4247 1244 4317 proﬁcerent.
1563 4240 1567 4245 ’

574 4356 591 4386 ι
636 4337 996 4405 Quamobrem
1031 4340 1247 4408 loquere
1280 4342 1595 4395 addomum
1634 4342 1816 4407 lsracl,
1853 4343 1924 4406 ﬁli
1976 4345 2071 4398 ho—

502 4446 516 4483 ι
564 4426 746 4490 minis,
780 4436 835 4481 et
854 4427 1000 4482 dices
1021 4427 1088 4481 ad
1126 4444 1258 4482 eos:
1299 4428 1423 4483 llaec
1451 4430 1581 4484 dicit
1603 4430 1858 4486 Dominus
1885 4430 2025 4486 Deus
2053 4450 2063 4484 :

503 4538 517 4563 ι
560 4515 753 4587 Adhuc
788 4525 842 4570 et
874 4517 925 4569 in
965 4517 1066 4570 hoc
1109 4517 1611 4586 lizlasphcmaverunt
1636 4534 1719 4573 me
1759 4529 1941 4589 patres
1978 4538 2068 4577 ve-

501 4624 517 4652 ι
563 4605 659 4658 stri
687 4620 811 4659 cum
836 4606 1164 4674 sprevissent
1187 4622 1273 4661 me
1303 4616 1709 4663 contemnentes
1743 4619 1797 4664 et
1825 4612 2063 4667 induxis~

504 4713 522 4743 ι
564 4710 677 4749 sem
731 4710 825 4750 eos
873 4697 925 4749 in
980 4704 1177 4751 terram
1217 4712 1379 4767 super
1416 4713 1577 4767 quam
1630 4699 1800 4755 levavi
1847 4718 2064 4757 manum

503 4802 518 4831 ι
569 4798 743 4838 meam
770 4791 826 4839 ut
851 4784 1035 4838 darem
1077 4786 1175 4839 eis.
1218 4786 1714 4843 Videruntomnem
1758 4790 1947 4845 collem
1974 4806 2065 4845 ex-

500 4891 516 4921 c
562 4872 763 4927 celsum
793 4881 847 4928 et
866 4887 1025 4927 omne
1050 4874 1250 4944 lignum
1279 4890 1643 4944 nemorosum,
1673 4888 1724 4933 et
1747 4880 2065 4937 immolave-

500 4983 515 5008 ι
563 4972 687 5015 runt
715 4962 789 5017 ibi
828 4960 1242 5028 victiinas'suas,
1286 4974 1341 5019 ct
1384 4967 1647 5023 dederunt
1694 4970 1769 5027 ibi
1797 4973 2068 5047 irritatio-

501 5069 516 5099 ι
565 5066 686 5104 nem
722 5052 1006 5107 oblationis
1040 5070 1168 5117 sure,
1196 5063 1578 5125 etposuerunt
1604 5058 1671 5111 ibi
1702 5061 1920 5115 odorem
1944 5054 2085 5121 sua;

500 5160 515 5188 ι
558 5139 740 5195 vitatis
760 5156 892 5207 suae,
917 5150 970 5195 et
995 5142 1297 5197 libaverant
1322 5144 1611 5201 libationes
1624 5163 1767 5202 suas.
1788 5149 1977 5205 Etdixi
2000 5152 2065 5205 ad

500 5250 515 5280 ι
556 5229 833 5298 eoszQuid
857 5242 936 5287 est
963 5234 1233 5288 excelsum
1260 5237 1480 5304 adquod
1510 5252 1601 5292 vos
1625 5238 2067 5308 ingredimini?ct

500 5340 517 5371 ι
565 5330 810 5376 vocatum
843 5331 925 5377 est
946 5338 1138 5377 nomen
1165 5324 1281 5393 ejus
1310 5327 1578 5381 excelsum
1626 5344 1795 5398 usque
1826 5330 1878 5383 in
1923 5332 2064 5386 hunc
2098 5338 2101 5341 ’

503 5433 517 5461 ι
565 5414 728 5467 diem.
772 5433 790 5464 ι
841 5414 1104 5485 (Πὶενοη.)
1139 5417 1312 5480 Volui,
1341 5418 1535 5487 inquit,
1575 5433 1667 5473 eos
1696 5421 1748 5473 in
1779 5422 2063 5477 solitudine

494 5504 865 5573 delinquentes
893 5507 943 5560 in
970 5519 1189 5562 cunctas
1214 5509 1522 5580 dispergere
1551 5512 1815 5577 nationes,
1856 5523 1911 5567 ct
1935 5514 2064 5569 dare

500 5595 597 5648 illis
641 5604 905 5664 praecepta
954 5611 1056 5651 non
1100 5599 1258 5661 bona,
1294 5608 1351 5652 ut
1401 5602 1541 5667 quod
1579 5602 1709 5656 mihi
1739 5602 1933 5657 oﬁ'erre
1969 5605 2061 5658 de-

497 5687 741 5750 buerant,
772 5686 926 5740 idolis
971 5688 1326 5751 immolarcnt,
1361 5698 1415 5741 et
1464 5706 1620 5743 omne
1653 5692 2061 5761 primogenitum

499 5791 651 5829 suum
679 5788 1053 5833 consecrarunt
1101 5782 1177 5835 cis
1225 5797 1317 5849 per
1370 5784 1565 5853 ignem,
1598 5794 1651 5837 ut
1704 5779 2060 5842 interﬁcerent

2173 3350 2406 3405 ptenam,
2444 3347 2498 3391 et
2532 3338 2587 3392 in
2614 3348 2819 3392 tantum
2856 3339 3007 3394 nefas
3046 3341 3373 3410 profecistis,
3396 3334 3455 3394 ut
3492 3341 3631 3396 ﬁlius
3661 3360 3752 3397 vc-

2173 3436 2314 3481 stros
2342 3443 2438 3497 per
2468 3429 2643 3499 ignem
2674 3430 3009 3484 daemonibus
3038 3432 3390 3485 consecrctis.
3442 3430 3550 3485 Nec
3584 3433 3754 3487 semel

2174 3517 2276 3571 hoc
2307 3517 2555 3583 sufﬁciat,
2580 3522 2673 3573 sed
2728 3534 2895 3587 usque
2938 3521 3403 3591 inpraesentiarum
3451 3526 3620 3593 agatis
3657 3540 3752 3578 ea-

2172 3607 2312 3673 dem,
2346 3624 2449 3662 non
2476 3610 2620 3677 quod
2647 3611 2748 3664 hoc
2775 3610 3015 3666 seniores
3064 3613 3118 3665 in
3158 3614 3471 3683 captivitate
3504 3614 3752 3681 faciant,

2173 3698 2437 3768 sedquod
2479 3699 2551 3752 illi
2583 3700 2672 3768 qui
2716 3700 2769 3753 in
2820 3699 3210 3771 lLerosolymis
3265 3705 3649 3771 morabantur,
3698 3714 3778 3761 et.

2171 3788 2365 3858 quibus
2400 3790 2686 3859 captivitas
2712 3775 3049 3854 imminebat,
3079 3793 3193 3847 haec
3231 3793 3412 3847 omnia
3443 3793 3617 3848 facere
3644 3811 3753 3850 non

2171 3888 2401 3933 cessent.
2449 3880 2668 3934 Etcum
2718 3883 2885 3935 tantis
2933 3881 3148 3953 ﬂagitiis
3184 3884 3406 3954 obligati
3449 3885 3609 3948 sitis,
3663 3902 3753 3939 rc—

2170 3970 2511 4037 sponsionem
2537 3970 2712 4041 inquit
2738 3985 2914 4025 meam
2946 3972 3207 4043 quaeritis.
3244 3992 3261 4022 ι
3296 3974 3430 4027 Vivo
3456 3982 3574 4044 ego,
3619 3976 3756 4029 dicit

2172 4058 2429 4113 Dominus
2484 4059 2645 4125 Deus,
2690 4080 2708 4113 ι
2745 4069 2799 4115 ct
2831 4060 2955 4128 juro
3007 4077 3104 4130 per
3160 4063 3540 4132 memetipsum
3566 4104 3579 4127 ,
3620 4064 3755 4133 quia

2170 4162 2276 4202 non
2312 4151 2643 4217 respondebo
2670 4151 2851 4217 vobis;
2880 4140 3393 4221 quodquescquitnr
3425 4172 3436 4204 :

2248 4257 2266 4289 ι
2313 4239 2495 4309 Neque
2530 4243 2784 4312 cogitatio
2829 4244 3025 4297 mentis
3052 4254 3245 4298 ςρδιιηι)
3270 4246 3383 4315 ⁴Ιῑιξι
3410 4247 3751 4304 dicentium:

2176 4349 2192 4379 ι
2242 4329 2455 4385 Erimus
2502 4332 2640 4386 sicut
2673 4342 2859 4401 gentes
2909 4342 2965 4385 et
3016 4334 3156 4387 sicut
3186 4335 3533 4403 cognationes
3565 4344 3751 4404 terno,

2177 4439 2193 4469 ι
2236 4430 2295 4473 ut
2315 4420 2554 4475 colamus
2581 4421 2727 4489 ligna
2752 4431 2805 4475 et
2829 4422 3052 4491 lapides.
3095 4422 3241 4477 Vivo.
3256 4438 3378 4493 ego,
3407 4424 3535 4477 dicit
3565 4425 3755 4481 Domi-

2181 4530 2197 4560 ι
2243 4527 2346 4566 nus
2390 4513 2553 4578 Deus,
2594 4514 2685 4582 qui
2730 4513 2783 4567 in
2833 4530 2995 4567 manu
3032 4514 3177 4579 forti,
3211 4524 3266 4569 ct
3299 4517 3351 4568 in
3386 4517 3624 4581 brachio
3655 4534 3754 4573 ex-

2176 4626 2192 4655 ‹
2241 4615 2389 4661 tento
2423 4616 2480 4662 et
2533 4607 2587 4660 in
2627 4605 2818 4663 'l‘urorc
2868 4605 3319 4676 chuso_regnab0
3367 4622 3526 4677 super
3567 4623 3691 4663 vos.
3731 4632 3747 4659 ι

2170 4694 2324 4749 Hunc
2364 4696 2526 4750 habet
2566 4710 2783 4749 sensum
2830 4711 2842 4749 :
2884 4694 2990 4769 Nec
3035 4695 3231 4764 putetis
3276 4696 3631 4765 cogitationes
3659 4713 3755 4751 vc-

2168 4794 2328 4852 stras,
2370 4786 2563 4855 quibus
2602 4794 2790 4839 contra
2832 4799 2918 4838 me
2972 4784 3356 4853 blasphematis
3402 4799 3557 4853 posse
3593 4800 3750 4839 com-

2168 4876 2322 4945 pleri.
2361 4876 2550 4930 Dicitis
2577 4876 2740 4937 enim,
2774 4873 3031 4950 Nolumus
3067 4889 3185 4928 esse
3231 4876 3329 4927 sub
3358 4873 3603 4937 Domino,
3649 4892 3755 4930 nec

2168 4966 2395 5036 populus
2420 4967 2560 5039 illius
2588 4960 2877 5035 appellari,
2914 4965 3011 5019 sed
3040 4974 3097 5018 ut
3138 4973 3346 5019 cuncta:
3377 4966 3430 5017 in
3472 4974 3581 5018 toto
3610 4968 3756 5021 orbe

2170 5068 2294 5113 sunt
2319 5059 2584 5121 nationes,
2613 5067 2667 5111 et
2692 5071 3023 5125 unaqumque
3048 5071 3178 5127 gens
3206 5071 3301 5109 suo
3329 5056 3459 5109 vivit
3492 5057 3752 5123 arbitrio,

2171 5159 2227 5203 ut
2270 5149 2410 5204 colat
2460 5150 2621 5219 ligna,
2653 5157 2708 5203 et
2758 5136 3077 5217 lapides...et
3115 5147 3273 5203 idolis
3319 5147 3541 5210 serviat,
3574 5140 3752 5204 etiam

2169 5254 2271 5291 una
2300 5254 2431 5307 gens
2477 5254 2575 5293 nos
2621 5239 2825 5291 erimus
2854 5254 2884 5291 e
2908 5238 3170 5307 pluribus.
3201 5237 3278 5291 Ad
3306 5254 3428 5304 qua:
3454 5243 3757 5308 respondet

2144 5330 2328 5409 Deus,
2373 5329 2624 5397 juratquc
2670 5341 2765 5398 per
2805 5329 3251 5396 semetipsum,et
3289 5330 3420 5383 dicit
3447 5345 3460 5381 :
3488 5330 3605 5384 Non
3654 5348 3756 5386 vos

2170 5419 2465 5488 relinquam
2494 5435 2665 5486 neque
2691 5427 3054 5483 contemnam,
3085 5427 3141 5471 ut
3176 5417 3393 5487 fugaces
3420 5435 3603 5474 servos
3648 5421 3755 5476 Do-

2169 5510 2296 5564 mini
2326 5510 2653 5581 negligentcs
2695 5510 3283 5573 seleut,contemnerc,
3312 5511 3411 5563 sed
3456 5514 3523 5566 ad
3563 5530 3753 5572 meum

2172 5602 2438 5654 retraham
2482 5582 2785 5669 imperium.
2828 5600 2896 5653 Et
2936 5598 3158 5653 brachio
3199 5609 3418 5652 extento
3453 5611 3507 5654 et
3547 5618 3755 5671 perru-

2172 5697 2337 5750 tientc
2364 5712 2425 5750 ac
2450 5696 2629 5749 furore
2653 5694 2909 5759 ell‘uso,in
2932 5679 3213 5761 pristinam
3243 5707 3337 5747 vos
3363 5693 3603 5764 redigam
3637 5714 3755 5755 ser-

2173 5786 2416 5851 ‘vitutcm,
2458 5797 2510 5841 ct
2534 5785 2765 5857 regnabo
2802 5799 2963 5855 super
2987 5797 3103 5847 vos,
3132 5790 3188 5835 ut
3218 5782 3394 5837 velitis
3427 5785 3756 5855 :zolitis,~me
