3936 6346
209 407 317 459 723

1189 406 1536 463 cumnam.
1577 405 1642 460 IN
1681 375 2126 463 EZECIIIELEM.
2161 438 2231 449 —
2264 408 2391 463 LIB.
2435 407 2561 463 vnt.

3340 407 3439 460 7'36

204 520 456 575 habeatis
499 536 701 593 regem,
744 530 799 575 et
840 520 1087 575 sentiatis
1125 534 1301 590 regem
1346 522 1571 585 iratum,
1609 518 1763 588 cujus
1791 522 1837 579 Α
1865 508 2308 575 critmanifestus
2332 535 2486 575 mons
2516 521 2704 575 domus
2730 520 2942 592 Domini
2969 520 3025 575 in
3054 522 3255 576 vertice
3281 538 3436 576 mon—

199 609 545 665 clemcntiam
580 611 905 682 neglexistis.

264 718 300 755 η(
347 699 413 753 Ει
451 701 673 755 educam
712 716 808 754 vos
844 702 909 754 de
957 701 1183 771 pupulis,
1225 710 1280 756 et
1310 690 1653 773 rcongregaho
1680 719 1774 759 vos

210 808 229 839 ‹
279 790 345 843 de
383 791 632 845 terrisin
673 791 865 858 quibus
900 788 1127 860 dispersi
1172 793 1343 846 estis:
1388 793 1440 846 in
1482 809 1643 846 manu
1680 802 1784 847 v'a-'

209 898 233 929 ο
278 881 385 934 lida
415 889 469 934 et
494 880 714 934 brachio
734 889 1034 943 extento,et
1062 883 1114 935 in
1144 880 1323 938 l‘urore
1344 882 1512 953 effuso
1540 886 1770 951 regnabo

210 991 229 1023 ι
273 986 437 1043 super
455 987 596 1026 vos.»
616 970 726 1026 Nec
739 986 859 1035 vos,
877 973 977 1036 ait,
988 966 1161 1040 patiar
1179 961 1298 1027 esse
1313 972 1366 1027 in
1390 973 1654 1042 gentibus,
1672 988 1782 1028 nec

202 1072 409 1116 mterna
436 1063 747 1133 captivitate
770 1062 1012 1125 retineri,
1066 1064 1159 1117 sed
1191 1065 1413 1118 educam
1454 1064 1520 1119 de
1558 1066 1770 1134 populis
1815 1098 1819 1102 ›

199 1158 258 1203 et
280 1152 620 1220 congregabo
642 1150 708 1205 de
738 1151 918 1214 terris,
950 1151 1003 1204 in
1038 1167 1173 1221 quas
1201 1167 1293 1205 vos
1324 1151 1389 1206 ad
1428 1153 1769 1208 serviendum

200 1240 415 1295 hostilis
437 1224 726 1295 necessitas
755 1241 861 1294 huc
880 1240 1108 1309 illucque
1137 1242 1407 1310 dispersit.
1440 1241 1565 1297 Haec
1588 1252 1767 1298 autem

200 1329 402 1383 faciam
426 1338 485 1383 ut
507 1344 610 1384 non
631 1330 849 1398 perdam
878 1346 972 1384 vos
996 1339 1050 1385 et
1071 1330 1299 1394 deleam,
1329 1331 1420 1384 sed
1447 1338 1506 1385 ut
1538 1330 1654 1385 Rex
1676 1348 1770 1386 ve-

198 1427 318 1479 ster
341 1419 463 1473 sim.
493 1419 571 1491 Ex
612 1434 718 1487 quo
748 1419 1090 1491 intelligimus
1130 1421 1293 1475 etiam
1323 1436 1442 1475 eam
1470 1409 1631 1490 quam
1676 1437 1770 1490 ap—

194 1511 404 1580 pellant
449 1511 684 1565 hzeretici
729 1511 989 1590 creatoris
1030 1512 1400 1590 crudelitatem
1431 1527 1623 1567 sonare
1661 1512 1767 1567 cle-

195 1590 635 1665 mentiam,‘dum
662 1602 729 1657 ad
754 1588 856 1657 hoc
881 1588 1135 1657 irascitur
1157 1612 1211 1657 et
1233 1603 1472 1667 desaevit,
1517 1610 1569 1657 et
1598 1611 1785 1658 totum'

194 1687 429 1747 eii‘undit
456 1682 715 1756 furorem,
745 1700 805 1746 ut
828 1693 1069 1746 retrahat
1092 1707 1185 1746 eos
1209 1694 1275 1747 ad
1322 1708 1543 1764 regnum
1584 1708 1763 1763 suum,

189 1783 290 1851 qui
332 1776 632 1837 daemonum
690 1783 1028 1853 tyrannidem
1075 1769 1531 1843 aii-serviendum
1588 1783 1764 1854 elege-

184 1881 351 1947 runt.
892 1926 895 1928 .
1006 1879 1013 1886 ‘

277 1982 297 2015 ι
343 1964 411 2018 Ει
446 1965 709 2020 adducam
736 1980 831 2021 vos
873 1967 926 2020 in
952 1955 1218 2022 desertum
1255 1967 1659 2037 populorumet
1680 1982 1767 2035 Ju-

194 2071 214 2102 σ
266 2052 492 2107 dicabor
526 2055 802 2110 vobiscum
856 2056 930 2115 ibi
968 2054 1105 2110 facie
1139 2057 1207 2111 ad
1246 2056 1457 2116 faciem.
1503 2049 1653 2111 Sicut
1682 2057 1767 2124 ju-
1803 2058 1808 2064 ’

195 2160 215 2192 α
264 2141 410 2197 dicio
428 2145 687 2220 contendi
733 2145 1019 2201 adversum
1052 2155 1233 2219 patres
1270 2136 1579 2219 ing‘deserto
1610 2155 1764 2201 terra:

191 2251 209 2282 ι
260 2231 481 2303 Egypti
500 2274 515 2299 ,
542 2234 621 2289 sic
641 2236 892 2306 judicabo
915 2251 1029 2301 vos,
1059 2237 1191 2292 dicit
1217 2232 1493 2305 Dominus,
1537 2248 1594 2293 et
1630 2241 1763 2309 sub-

143 2362 146 2365 τ
190 2343 210 2373 ι
253 2314 444 2392 jieiam
481 2340 575 2380 vos
618 2334 832 2396 sceptro
862 2341 1026 2381 meo:
1070 2336 1126 2383 et
1165 2328 1411 2382 inducam
1443 2343 1537 2382 vos
1564 2328 1618 2382 iu
1644 2330 1763 2382 vin-

188 2432 207 2491 ᾳ
258 2414 401 2469 culis
425 2414 644 2469 foederis
676 2433 689 2469 :
728 2424 782 2471 et
818 2414 1013 2488 eligam
1042 2418 1110 2472 de
1148 2418 1300 2473 vobis
1336 2428 1763 2488 transgressores

194 2522 214 2553 ι
263 2505 557 2576 etimpios,
585 2505 651 2559 de
681 2514 826 2560 terra
859 2507 1124 2564 incolatus
1150 2523 1339 2563 eorum
1366 2510 1591 2564 educam
1616 2509 1778 2576 illos,.

188 2613 207 2643 ι
257 2603 316 2648 et
342 2596 393 2648 in
420 2605 620 2650 terram
664 2597 831 2653 Israel
880 2614 987 2654 non
1037 2599 1426 2675 ingredientur,
1477 2610 1532 2657 et
1578 2602 1759 2659 scietis

186 2702 205 2734 ι
256 2686 386 2752 quia
424 2700 523 2756 ego
563 2686 841 2743 Dominus.
886 2688 1189 2756 rFaciam,
1223 2691 1299 2745 ait
1336 2687 1614 2757 Dominus,
1659 2709 1757 2749 vo-

178 2777 268 2831 bis
296 2777 388 2845 qui
406 2778 541 2832 estis
582 2778 634 2833 in
670 2778 959 2850 Babylone,
1017 2792 1072 2856 et
1116 2798 1260 2837 nunc
1305 2784 1520 2839 servitis
1568 2786 1756 2852 idalis,

1877 606 2029 672 tium,
2064 615 2121 675 et
2175 607 2471 663 elevabitur
2529 624 2690 677 super
2730 609 2913 673 colles,
2972 620 3028 665 et
3059 612 3328 665 continent
3365 612 3435 666 ad

1873 712 1994 752 eum
2018 712 2204 773 omnes
2233 707 2442 769 gentes,
2474 707 2528 767 et
2550 700 2700 753 ibunt
2725 701 2900 769 populi
2926 700 3101 766 multi,
3135 710 3190 755 et
3208 701 3387 763 dicent
3419 719 3435 757 :

1874 788 2065 843 Venite
2096 828 2111 853 ,
2153 790 2507 843 ascendamus
2559 789 2626 842 ad
2684 799 2917 861 montem
2974 791 3226 855 Domini,
3279 799 3334 845 et
3382 793 3435 845 in

1874 886 2106 932 montem
2141 878 2234 933 Dei
2286 875 2492 946 Iacob,
2540 888 2595 933 et
2628 881 2840 935 docebit
2886 892 2981 936 nos
3028 882 3145 936 vias
3192 898 3340 946 suas,
3384 878 3455 937 et’

1873 966 2264 1022 ambulabimus
2305 969 2356 1021 in
2392 968 2598 1023 semitis
2644 968 2780 1036 eius.
2819 970 2894 1024 De
2939 968 3067 1026 Sion
3108 972 3250 1025 enim
3328 972 3477 1029 exi»

1873 1050 1955 1105 bit
2084 1055 2169 1109 lex
2214 1064 2269 1111 et
2309 1060 2530 1112 verbum
2579 1058 2789 1113 Domini
2838 1061 2900 1113 dc
2927 1055 3261 1133 Hierusalem
3293 1049 3464 1132 (Isa.

1874 1161 1910 1199 ιι
1937 1160 1952 1208 ;
1980 1143 2139 1198 ΜῐεΙι.
2178 1144 2273 1216 ιν).
2304 1165 2323 1197 ι
2358 1147 2426 1200 Ει
2451 1163 2661 1201 rursum
2689 1148 2854 1203 Isaias
2884 1168 2895 1202 :
2928 1167 2947 1198 ι
2967 1149 3041 1203 -In
3072 1160 3325 1216 montem,
3359 1154 3432 1206 in-

1870 1241 2002 1309 quit,
2032 1240 2317 1296 excelsum.
2345 1245 2596 1312 ascende,
2622 1246 2712 1315 qui
2750 1246 3037 1302 annuntias
3063 1247 3191 1302 Sion
3232 1264 3243 1298 :
3284 1240 3439 1301 eleva‘

1870 1339 1923 1384 et
1969 1330 2146 1384 exalta
2202 1347 2389 1408 vocem
2439 1342 2625 1400 tuam,
2677 1336 2766 1405 qui
2824 1338 3157 1407 evangelizas
3218 1336 3437 1400 Jerusa—

1868 1413 1971 1472 lem
2022 1418 2156 1489 (Isa.
2202 1421 2367 1494 x1.).r
2411 1422 2580 1489 Quem
2628 1436 2862 1480 montem
2911 1425 3039 1482 Sion
3106 1435 3198 1481 aut
3244 1424 3451 1481 Eccle-

1868 1508 2001 1562 siam
2040 1509 2413 1582 intelligimus,
2456 1507 2577 1582 qum
2611 1514 2990 1583 interpretatur
3019 1515 3251 1584 specula,
3299 1515 3433 1568 etin

1868 1602 2147 1659 altitudine
2178 1614 2485 1659 sanctorum
2529 1606 2837 1676 dogmatum
2877 1607 3166 1661 constituta
3196 1614 3300 1670 est,
3340 1614 3432 1658 aut

1871 1692 2044 1762 ipsum
2092 1694 2373 1750 Dominum
2428 1695 2783 1760 Salvatorem,
2843 1698 2896 1750 in
2937 1711 3043 1764 quo
3083 1706 3137 1750 et
3177 1695 3427 1765 primitiae

1856 1790 1924 1844 et
1951 1784 2173 1839 decimae
2198 1793 2251 1839 et
2274 1785 2461 1840 omnis
2480 1785 2688 1841 cultura
2717 1786 2770 1865 in
2796 1788 3015 1840 odorem
3040 1787 3271 1840 vertitur
3309 1801 3435 1865 sua-1

1800 1875 1846 1932 B
1873 1875 2055 1929 vitatis
2080 1893 2092 1929 :
2120 1883 2179 1929 ut
2199 1890 2387 1929 omnes
2415 1876 2465 1929 in
2496 1876 2720 1930 circuitu
2748 1877 3014 1951 nationes,
3052 1875 3295 1930 videntes
3332 1889 3430 1944 p0-

1865 1963 2048 2032 pulum
2102 1955 2315 2026 Domini
2368 1956 2631 2019 salvatum
2662 1972 2800 2029 esse,
2841 1960 3137 2035 gloriﬁcent
3163 1963 3328 2018 Deum
3373 1972 3428 2018 et

1865 2063 2211 2123 cognoscant,
2252 2055 2343 2124 qui
2380 2055 2568 2110 salvati
2603 2040 2825 2121 fuerint,
2875 2055 3016 2124 quod
3058 2052 3183 2124 ipse
3213 2054 3279 2110 sit
3326 2056 3428 2108 Do-
3488 2078 3491 2081 π

1864 2144 2042 2199 minus

1938 2253 1955 2284 ι
1993 2234 2124 2287 Cum
2163 2229 2423 2290 induxere
2447 2250 2542 2290 vos
2566 2221 2633 2297 ad
2662 2244 2861 2289 terram
2899 2234 3085 2300 Israel,
3116 2233 3170 2289 in
3199 2242 3420 2299 terram,

1867 2342 1887 2390 ς
1922 2338 2019 2393 pro
2054 2340 2159 2393 qua
2191 2324 2362 2380 levavi
2388 2340 2618 2383 manum
2650 2343 2857 2394 .meam,
2883 2336 2942 2383 ut
2968 2329 3148 2384 darem
3186 2326 3301 2383 eam
3331 2345 3427 2399 pa-

1867 2431 1886 2464 (
1926 2413 2095 2469 tribus
2127 2406 2339 2479 vestris,
2358 2400 2485 2472 tunc
2505 2417 2684 2472 scietis
2706 2418 2829 2488 quia
2850 2433 2950 2489 ego
2971 2433 3088 2473 sum
3106 2418 3383 2472 Dominus.
3401 2438 3418 2471 ι

1856 2496 2084 2573 Quando
2120 2507 2407 2575 induxero,
2429 2510 2525 2574 ait,
2550 2524 2644 2565 vos
2676 2506 2729 2564 in
2760 2518 2956 2565 terram
2982 2509 3293 2579 lsrael,pro
3318 2524 3424 2578 qua

1858 2595 2029 2651 levavi
2065 2612 2280 2673 manum
2320 2614 2518 2665 meam,
2559 2607 2619 2653 ut
2663 2588 2972 2655 inducercm
3012 2600 3065 2653 in
3094 2615 3211 2654 eam
3242 2606 3422 2669 patres

1857 2698 2086 2757 vestros,
2114 2706 2271 2761 quam
2311 2693 2386 2747 illi
2425 2708 2521 2749 suo
2550 2694 2679 2749 vitio
2705 2695 3069 2765 perdiderunt,
3105 2704 3158 2751 et
3182 2712 3277 2750 vos
3318 2712 3422 2750 non

1858 2790 1968 2837 tam
2019 2791 2195 2838 vestro
2238 2785 2429 2840 merito
2455 2801 2615 2855 quam
2651 2802 2769 2840 mea
2796 2786 3078 2841 clementia
3121 2787 3418 2857 recepistis.

1866 2865 1871 2870 ’
1933 2891 1951 2923 ‹
1985 2872 2053 2927 Et
2091 2874 2498 2931 recordabimini
2530 2876 2734 2930 viarum
2764 2881 3148 2931 ve’stramm'et
3183 2877 3421 2931 omnium

177 2864 335 2934 quod
382 2865 483 2920 feci
529 2864 773 2936 patribus
810 2870 1003 2924 vestris
1048 2871 1103 2925 in
1132 2870 1389 2942 Egypto,
1445 2881 1504 2927 ut
1531 2874 1756 2928 educam

128 2962 131 2965 '
175 2968 280 3008 vos
318 2954 371 3007 in
414 2955 692 3010 desertum
726 2958 1063 3028 populorum,
1115 2970 1170 3015 et
1206 2962 1278 3017 ibi
1327 2962 1539 3033 judicer
1576 2953 1758 3039 vobis-

174 3058 306 3099 cum
352 3044 493 3100 facie
542 3044 609 3099 ad
642 3044 852 3103 'faeiem
881 3050 1023 3106 sicut
1058 3052 1348 3109 adversum
1389 3054 1514 3109 illos
1545 3040 1753 3123 judicio

174 3134 671 3203 contendi,quaudo
686 3138 886 3208 egressi
903 3148 1026 3193 sunt
1044 3141 1109 3195 de
1123 3140 1373 3212 Egypto.
1390 3144 1457 3197 Et
1470 3154 1752 3215 postquam
1792 3191 1803 3215 _.

1862 2982 1881 3015 ί
1915 2964 2177 3037 scelerum
2208 2973 2505 3021 vestrorum
2547 2967 2741 3036 quibus
2768 2967 2955 3036 polluti
2985 2966 3114 3021 estis
3147 2966 3198 3019 in
3236 2966 3336 3029 eis,
3367 2975 3422 3029 et.

1860 3071 1879 3105 ‹
1916 3053 2269 3123 displicebitis
2292 3054 2441 3109 vobis
2468 3055 2519 3108 in
2549 3064 2836 3125 conspectu
2860 3066 3064 3120 vestro,
3095 3056 3147 3109 in
3173 3056 3420 3109 omnibus

1860 3163 1878 3196 ‹
1915 3143 2135 3199 malitiis
2178 3145 2372 3200 vestris
2409 3160 2545 3215 quas
2586 3145 2807 3201 fecistis.
2841 3145 2905 3199 Et
2939 3146 3121 3201 scietis
3154 3146 3299 3216 quia'
3321 3160 3417 3215 ego

172 3238 276 3325 vos
293 3224 626 3293 judicavero,
649 3224 925 3297 subjiciam
952 3246 1042 3286 vos
1064 3241 1275 3303 sceptro
1301 3249 1420 3300 meo
1447 3246 1500 3290 et
1528 3218 1752 3311 imperio
1779 3209 1827 3272 δ
1861 3257 1878 3291 ι
1915 3240 2191 3305 Dominus,
2222 3256 2342 3296 cum
2394 3241 2712 3296 benefecero
2755 3241 2904 3296 vobis
2949 3249 3165 3325 propter
3221 3256 3418 3298 nomen

173 3322 232 3367 et
256 3312 403 3393 inibo
428 3324 641 3384 pactum
660 3318 936 3374 vobiscum
955 3360 969 3385 ,
997 3328 1049 3376 et
1082 3322 1331 3378 inducam
1354 3340 1451 3380 vos
1470 3326 1523 3379 in
1552 3335 1748 3386 terram

174 3411 430 3486 vestram,
464 3405 517 3458 in
558 3406 784 3463 vinculis
827 3409 1127 3477 charitatis,
1154 3421 1212 3466 ut
1254 3413 1402 3485 ligati
1426 3414 1608 3471 amore
1630 3430 1750 3471 meo

176 3496 524 3561 nequaquam
560 3509 590 3549 a
631 3510 716 3550 me
754 3499 975 3566 possitis
1034 3503 1304 3567 recedere.
1365 3503 1752 3579 Transgresso-

176 3596 270 3634 res
309 3591 491 3637 autem
538 3594 593 3639 et
627 3586 841 3656 impios,
888 3590 979 3659 qui
1032 3593 1212 3648 cordis
1250 3590 1453 3653 duritia
1495 3597 1566 3667 in
1595 3598 1751 3653 malis

174 3672 435 3738 operibus
458 3684 825 3743 perseverant,
848 3677 1039 3748 eligam
1064 3681 1129 3735 de
1162 3683 1331 3745 vobis,
1363 3687 1469 3739 non
1508 3685 1573 3738 ad
1619 3702 1749 3756 pos—

174 3761 482 3827 sidendum,
508 3764 599 3818 sed
614 3767 677 3819 ad
702 3766 1057 3833 abjiciendum
1077 3790 1088 3823 :
1114 3781 1165 3826 et
1180 3773 1401 3827 educam
1417 3776 1632 3843 quidem
1656 3793 1749 3833 eos

175 3850 245 3903 de
272 3857 414 3903 terra
442 3852 702 3908 ineolatus
724 3853 929 3921 eorum,
958 3868 1017 3912 ut
1044 3862 1221 3916 educti
1248 3879 1353 3918 non
1376 3866 1750 3935 ingrediantur

177 3952 381 3997 terram
429 3946 609 4012 Israel,
647 3951 741 4003 sed
776 3950 830 4003 in
866 3952 1096 4008 diversis
1121 3965 1365 4025 'pereant
1414 3940 1745 4031 regionibus,

175 4041 232 4086 et
274 4032 622 4090 distinctione
657 4038 920 4094 honorum
959 4052 1014 4097 et
1056 4044 1322 4100 malorum
1373 4053 1745 4119 cognoscatis,

176 4126 307 4194 quia
336 4141 437 4195 ego
481 4142 600 4182 sum
648 4130 926 4198 Dominus,
965 4134 1056 4203 qui
1103 4134 1246 4200 facio
1277 4148 1469 4194 cuncta
1520 4141 1744 4211 judicio.

174 4217 261 4271 Ad
304 4217 510 4289 reliqua
538 4219 759 4276 festinat
794 4216 987 4291 oratio,
1018 4228 1359 4300 breviterque
1381 4216 1751 4302 percurrimus

176 4308 393 4378 singula
418 4348 437 4376 ,
471 4318 525 4365 ut
558 4326 774 4388 sensum
806 4301 1009 4370 tantum
1057 4318 1356 4389 legentibus
1384 4301 1741 4393 prmbeamus.

256 4415 275 4447 ι
321 4398 388 4451 Et
415 4414 527 4462 vos,
557 4400 748 4456 domus
774 4401 960 4468 Israel,
993 4407 1108 4462 haec
1136 4408 1264 4464 dicit
1288 4412 1545 4469 Dominus
1569 4415 1746 4482 Deus,

251 4488 446 4600 singuli
499 4499 621 4559 post
667 4492 807 4563 idola
862 4504 1041 4550 vestra
1095 4498 1401 4578 ambulate,
1448 4511 1504 4559 et
1542 4506 1746 4561 servile
1771 4537 1844 4600 De

180 4599 198 4631 ι
224 4579 348 4661 eis.
390 4578 541 4647 Quod
582 4583 625 4637 si
664 4591 718 4637 et
763 4585 816 4639 in
844 4587 947 4641 hoc
972 4604 1079 4643 non
1123 4574 1399 4648 audieritis
1430 4603 1525 4649 'me
1554 4604 1608 4651 et
1650 4613 1746 4652 no-

181 4689 199 4721 ι
251 4685 373 4723 men
404 4671 581 4725 meum
611 4685 853 4729 sanctum
899 4678 1195 4747 pollueritis
1224 4683 1363 4737 ultra
1413 4685 1468 4739 in
1510 4690 1746 4743 muneri-

181 4778 199 4809 ι
249 4759 352 4813 bus
372 4768 426 4813 et
464 4760 517 4813 in
558 4762 711 4817 idolis
745 4767 961 4832 vestris,
994 4769 1049 4825 in
1078 4764 1261 4827 monte
1284 4776 1470 4829 saneto
1499 4791 1638 4842 meo,
1688 4780 1742 4834 in

179 4868 195 4899 ι
248 4858 431 4903 monte
458 4851 669 4905 excelso
693 4852 891 4920 Israel,
918 4858 994 4910 ait
1034 4858 1290 4916 Dominus
1314 4862 1491 4930 Deus,
1523 4866 1598 4921 ibi
1628 4882 1743 4925 ser-

177 4954 194 4987 ‹
250 4938 358 4991 viet
400 4938 531 4993 mihi
573 4942 748 4995 omnis
772 4943 963 5009 domus
991 4946 1175 5013 Israel,
1200 4952 1394 5017 omnis,
1421 4954 1661 5024 ianam,
1687 4958 1741 5013 in

177 5046 194 5077 ι
232 5037 391 5083 terra
418 5030 469 5083 in
493 5046 593 5099 qua
633 5034 918 5101 placebunt
948 5036 1099 5103 mihi,
1126 5050 1182 5094 et
1224 5042 1297 5097 ibi
1329 5046 1597 5114 requiram
1634 5049 1745 5117 pri—

178 5137 195 5169 ι
250 5120 430 5173 mitias
457 5130 668 5177 vestras
714 5132 769 5177 et
807 5125 1017 5181 initium
1061 5129 1386 5186 decimarum
1436 5144 1739 5191 vestrarum

180 5230 196 5261 ε
247 5210 299 5262 in
321 5212 573 5285 omnibus
595 5215 1107 5272 sanctiﬁcationibus
1121 5220 1311 5274 vestris
1330 5238 1343 5286 ;
1364 5223 1417 5277 in
1435 5224 1598 5279 odore
1618 5242 1743 5281 sua-

179 5409 196 5440 1

180 5500 197 5529 (

181 5588 197 5618 ι

245 5298 425 5352 vitatis
441 5301 728 5370 suscipiam
750 5317 843 5357 vos
870 5320 991 5357 cum
1016 5306 1248 5363 eduxero
1264 5324 1357 5363 vos
1369 5311 1439 5387 de.
1448 5314 1657 5382 populis
1682 5324 1736 5369 et
1776 5316 1779 5317 ⁷

241 5404 638 5460 congregavero
663 5408 754 5447 vos
779 5395 844 5449 de
879 5396 1040 5450 terris
1065 5398 1117 5451 in
1147 5416 1279 5469 quas
1307 5402 1530 5471 dispersi
1572 5407 1701 5460 estis
1720 5448 1733 5468 ,

246 5486 300 5533 et
337 5480 715 5535 sanetilicabor
760 5484 813 5536 in
845 5484 995 5538 vobis
1045 5486 1097 5539 in
1140 5487 1308 5541 oculis
1345 5491 1646 5556 nationum,
1687 5503 1740 5547 et

245 5569 431 5623 scietis
455 5569 578 5639 quia
608 5586 705 5640 ego
727 5562 1001 5627 Dominus.
1033 5594 1050 5625 ι
1084 5575 1160 5631 De
1205 5579 1307 5632 hoc
1333 5590 1515 5636 monte
1557 5583 1607 5635 in
1634 5599 1738 5651 quo

178 5660 443 5712 servitura
473 5667 556 5712 est
585 5659 691 5713 Deo
728 5664 903 5717 omnis
931 5665 1120 5723 domus
1146 5664 1339 5733 Israel,
1360 5670 1526 5725 Isaias
1558 5682 1610 5727 et
1639 5674 1737 5727 Mi-

179 5754 355 5805 clsa'as
387 5752 502 5821 pari
536 5758 663 5809 vace
687 5757 997 5813 cecinerunt
1026 5777 1037 5811 :
1078 5778 1092 5810 ι
1124 5759 1177 5813 In
1217 5762 1519 5818 novissimis
1544 5766 1730 5821 diebus

1858 3351 1878 3383 ι
1915 3347 2114 3397 meum,
2146 3347 2252 3386 non
2282 3332 2573 3404 secundum
2596 3331 2711 3385 vias
2736 3338 2943 3385 vestras
2963 3330 3152 3399 malas,
3194 3334 3293 3387 nec
3326 3345 3411 3383 se-

1816 3466 1821 3473 .
1858 3439 1874 3471 ι
1913 3420 2144 3475 eundum
2168 3420 2625 3489 scelerapessiuta
2641 3420 2830 3493 domus
2851 3418 3034 3483 Israel,
3058 3416 3413 3491 aitDominus

1858 3528 1874 3560 ‹
1912 3509 2071 3563 Deus.
2108 3528 2127 3561 ι
2160 3507 2283 3562 Non.
2305 3522 2587 3577 possumus
2614 3507 2883 3563 recordari
2913 3507 3172 3562 scelerum
3203 3516 3412 3562 nostro-

1853 3614 1972 3655 rum
2006 3607 2165 3668 atque
2186 3598 2460 3663 vitiorum,
2485 3598 2590 3653 nisi
2620 3595 2823 3675 inducti
2846 3597 3104 3652 fuerimus
3127 3597 3183 3651 in
3218 3605 3416 3652 terram

1850 3687 2034 3751 Israel,
2058 3680 2235 3757 ibique
2279 3686 2437 3757 positi
2468 3686 2710 3742 dicamus
2754 3701 2873 3739 cum
2898 3685 3201 3756 Apostolo:
3247 3705 3266 3737 ι
3314 3687 3415 3755 Qui

1849 3793 1962 3833 non
1992 3793 2109 3831 sum
2146 3779 2337 3849 dignus
2375 3778 2556 3833 vocari
2599 3778 2903 3847 apostolus,
2938 3779 3061 3847 quia
3101 3788 3415 3847 persecutus
3479 3822 3481 3825 τ

1849 3886 1967 3934 sum
2001 3869 2292 3925 Ecclesiam
2332 3870 2425 3924 Dei
2454 3869 2506 3941 (Ι
2530 3869 2651 3924 Cor.
2674 3870 2784 3939 xv).
2818 3888 2836 3921 ι
2881 3888 2899 3921 ι
2949 3870 3015 3922 Ει
3042 3869 3410 3940 displicebitis,

1849 3960 1945 4026 ait,
1988 3960 2137 4014 vobis
2178 3960 2231 4012 in
2258 3967 2553 4029 conspectu
2580 3968 2782 4023 vestro,
2824 3960 2876 4012 in
2913 3959 3162 4015 omnibus
3199 3960 3418 4015 malitiis

1850 4047 2198 4116 vestrisquas
2220 4046 2448 4113 fecistis;
2474 4067 2505 4113 ι
2520 4048 2653 4112 sive,
2677 4055 2735 4100 ut
2756 4048 3136 4117 interpretatus
3152 4056 3233 4102 est
3256 4046 3412 4119 Sym—

1850 4136 2073 4190 machus
2094 4137 2213 4189 :«Et
2238 4128 2446 4209 parvuli
2474 4136 2625 4189 vobis
2645 4135 2955 4189 videbimini
2984 4130 3201 4205 propter
3226 4152 3413 4191 omnes

1848 4225 2083 4279 malitias
2112 4234 2351 4287 vestras,
2397 4240 2532 4294 quas
2558 4225 2699 4279 estis
2728 4224 2956 4293 operati,
2993 4242 3011 4276 ι
3046 4234 3105 4280 ιιι
3130 4234 3413 4295 postquam

1848 4316 2044 4388 excelsi
2069 4315 2288 4380 fuerint,
2306 4314 2550 4383 humiles
2576 4325 2783 4370 esse‘se
2805 4315 3044 4377 credant,
3075 4315 3199 4385 quia
3227 4315 3411 4369 Domi-

1848 4424 1951 4464 nus
1978 4408 2266 4464 humilibus
2291 4409 2381 4463 dat
2408 4408 2655 4483 gratiam.
2687 4407 2753 4460 Et
2790 4406 2843 4460 in
2883 4405 2986 4460 alio
3010 4406 3125 4461 loco
3154 4407 3411 4475 scriptum

1847 4507 1931 4554 est
1962 4517 1975 4551 :
2016 4517 2034 4549 ι
2070 4498 2207 4551 Ante
2237 4498 2613 4552 contritionem
2642 4496 2909 4553 exaltatur
2934 4510 3029 4550 eor
3057 4495 3173 4557 viri,
3207 4504 3263 4553 et
3287 4503 3413 4550 ante
3443 4485 3447 4489 ’

1853 4589 2227 4645 exaltatiunem
2268 4587 2585 4660 humiliatur~
2616 4585 2806 4655 (Prov.
2851 4584 2997 4655 xm).
3031 4604 3049 4635 ι
3096 4584 3407 4653 Superbiam

1851 4682 1993 4736 enim
2014 4680 2287 4743 contritio,
2312 4690 2364 4732 et
2386 4676 2737 4733 humilitatem
2758 4676 2998 4745 sequitur
3023 4675 3262 4730 altitudo.
3296 4694 3315 4724 ι
3344 4677 3412 4730 Et

1852 4772 2033 4827 scietis
2058 4772 2182 4840 quia
2214 4786 2314 4841 ego
2340 4769 2616 4834 Dominus,
2660 4783 2781 4823 cum
2826 4765 3139 4835 benefecero
3181 4766 3352 4820 vobis.
3385 4787 3402 4816 ι
3480 4843 3483 4845 ί

1851 4863 1916 4916 Ει
1961 4862 2243 4916 Dominum
2298 4860 2625 4915 Salvatorem
2676 4868 2803 4913 tunc
2854 4858 3024 4927 magis
3067 4857 3410 4927 cognovimus

1850 4953 2061 5023 quando
2106 4950 2371 5007 benefeeit
2415 4951 2673 5015 nobis,‘et
2703 4964 2894 5019 passus
2937 4958 3021 5003 est
3050 4964 3147 5019 pro
3173 4944 3410 5017 peccatis

1848 5043 2067 5108 nostris,
2106 5052 2165 5097 et
2190 5041 2422 5111 portavit
2448 5041 2757 5109 iniquitates
2797 5048 3007 5094 nostras
3042 5050 3097 5093 et
3125 5054 3224 5108 pro
3253 5038 3425 5093 nobis

1850 5133 2031 5197 doluit,
2064 5146 2168 5185 non
2198 5146 2295 5199 pro
2324 5129 2501 5198 aliquo
2532 5130 2727 5182 merito
2774 5142 2960 5182 eorum
2991 5127 3080 5196 qui
3110 5128 3403 5190 salvantur,

1847 5227 1936 5280 sed
1968 5234 2186 5296 propter
2224 5240 2417 5279 nomen
2455 5239 2629 5278 suum.
2658 5224 2906 5291 Alioquin
2938 5224 3060 5277 vitae
3101 5231 3314 5286 nostrae,
3354 5230 3413 5279 et‘

1846 5316 2045 5370 scelera
2071 5323 2252 5369 nostra
2280 5313 2532 5382 pessima,
2564 5327 2668 5366 non
2694 5312 3113 5369 misericordiam
3141 5314 3424 5375 meruere,‘

1846 5410 1939 5462 sed
1991 5422 2249 5477 poenam.
2283 5405 2548 5474 Quidquid
2593 5416 2768 5461 autem
2819 5406 2888 5459 de
2934 5405 3129 5475 populo
3176 5407 3404 5459 diximus

1844 5497 2024 5558 Israel,
2056 5497 2145 5564 qui
2186 5496 2441 5550 liberatus
2472 5497 2537 5549 de
2562 5495 2789 5566 Egypto
2830 5496 2883 5548 in
2915 5496 3198 5549 solitudine
3240 5494 3403 5548 multa

1844 5584 2131 5647 commisit,
2157 5591 2211 5636 et
2238 5570 2456 5653 oITendit
2486 5584 2669 5651 Deum,
2706 5594 2761 5638 et
2790 5596 2971 5655 postea
3002 5585 3055 5637 in
3090 5594 3285 5638 terram
3314 5598 3401 5637 re—

1844 5673 2212 5742 promissionis
2250 5672 2529 5735 inductus,
2573 5682 2856 5728 veneratus
2885 5673 3024 5729 idola
3070 5673 3318 5742 lignaque
3350 5679 3405 5725 et

1844 5747 2042 5832 lapides
2078 5761 2258 5826 coluit,
2306 5770 2359 5817 ct
2406 5772 2587 5831 postea
2620 5764 2710 5818 Dei
2747 5763 3023 5833 clementia
3056 5770 3397 5817 conservatus
