3936 6352
460 424 563 476 7:27

1096 417 1155 471 Il.
1200 415 1451 469 RABANI
1488 414 1705 470 MAURI
1740 412 2056 468 AllClllEP.
2099 410 2404 466 MOGUNT.
2438 408 2719 465 OPEllUM
2762 407 2938 462 PARS
2972 409 3034 462 ll.

3614 402 3733 455 728

449 538 555 601 est,
597 530 892 587 referamus
920 527 987 582 ad
1018 542 1131 591 eos,
1172 525 1261 594 qui
1298 526 1362 579 de
1396 523 1627 594 .Egypto
1662 521 1839 577 saeculi
1872 521 2030 591 hujus
2057 521 2106 581 Α
2132 526 2187 573 et
2221 517 2463 573 fecerunt
2491 532 2553 571 ca
2579 532 2676 586 per
2703 531 2821 585 qua:
2844 514 3018 586 puniri
3048 514 3365 574 debuerant,
3394 512 3489 565 sed
3519 510 3730 564 nihilo-

458 637 617 677 manu
642 619 853 675 excelsa
890 615 1099 672 Domini
1131 614 1338 670 liberati
1381 622 1525 677 sunt,
1565 622 1620 667 et
1649 608 1937 664 introducti
1975 610 2029 662 in

459 713 708 766 vitiorum
744 706 1103 771 solitudinem,
1130 722 1340 760 rursum
1364 702 1656 773 Egyptum
1673 700 2026 769 suspirarunt,

2137 608 2317 662 minus
2346 622 2442 676 per
2471 606 2840 675 paenitentiam
2872 618 2974 658 non
3003 618 3101 658 suo
3136 603 3349 664 merito,
3379 601 3476 655 sed
3507 596 3734 654 Domini

2138 696 2444 761 clementia,
2472 694 2774 750 conservati
2795 703 2939 749 sunt.

1150 880 1269 886 _._
1294 849 3721 885 .....---_______________________.__-.____________...____.._.

1723 1009 2019 1089 LIBER
2094 1005 2469 1084 NONUS.

1048 1270 1413 1327 PRIEFATIO

532 1393 725 1446 Beatus
754 1388 1111 1457 Hieronymus
1140 1398 1260 1438 cum
1285 1382 1353 1436 ad
1383 1383 1524 1437 hunc
1551 1380 1730 1434 locum
1762 1378 1885 1433 libri
1916 1392 2040 1447 pro-

464 1480 659 1550 phetici
690 1475 1007 1547 exponendo
1046 1472 1402 1544 pervenisset,
1446 1470 1519 1525 ita
1564 1472 1614 1523 in
1661 1467 1883 1549 exordio
1920 1465 2040 1520 libri

465 1546 678 1641 septimi
704 1546 928 1623 exorsus
948 1566 1053 1620 ait:
1084 1583 1102 1615 ι
1131 1562 1270 1618 Olim
1292 1560 1443 1631 pueri
1468 1546 1699 1631 legimus
1721 1573 1735 1612 :
1762 1556 1907 1612 Nihil
1930 1565 2041 1610 tam

465 1661 623 1716 facile
666 1668 769 1724 est,
802 1657 930 1727 quin
978 1653 1193 1711 difflcile
1228 1652 1343 1714 fiat,
1371 1649 1510 1720 quod
1553 1649 1753 1703 invitus
1797 1646 1982 1701 facias.
2020 1663 2037 1695 ›

469 1749 621 1805 lianc
641 1763 743 1817 ego
772 1744 1097 1801 sententiam
1126 1742 1245 1797 ideo
1264 1741 1353 1796 hic
1380 1740 1630 1808 posui,ut
1656 1738 1817 1799 scias,
1845 1736 2043 1790 doctis-

466 1840 601 1896 sime
632 1838 948 1907 imperator,
972 1833 1115 1905 quod
1134 1840 1256 1903 post
1275 1830 1675 1885 excusationem
1706 1842 1810 1895 qua
1834 1841 1920 1881 me
1948 1827 2045 1878 ab-
2080 1842 2123 1901 Β

467 1929 676 1985 solvere
721 1927 790 1981 ah
832 1927 936 1981 hoc
962 1938 1125 1993 opere
1166 1921 1432 1985 volebam,
1464 1933 1625 1988 quam
1654 1916 1878 1974 difficile
1920 1914 2053 1970 mihi

473 2014 564 2083 sit,
590 2018 731 2088 quod
754 2016 874 2070 aliis
897 2012 1243 2085 peritioribus
1271 2010 1495 2065 forsitan
1528 2007 1683 2063 facile
1712 2014 1815 2069 est,
1843 2012 1904 2059 ut
1928 2020 2055 2073 pro-

469 2110 743 2179 pheticum
769 2102 969 2162 librum
1007 2102 1277 2175 mysteriis
1301 2098 1698 2156 obscurissimis
1741 2096 2054 2152 obvolutum

474 2214 761 2269 exponam,
793 2197 917 2267 quia
947 2211 1013 2251 ex
1033 2194 1253 2265 proprio
1282 2207 1444 2247 sensu
1471 2192 1574 2246 hoc
1595 2187 1806 2244 efﬁcere
1827 2203 1930 2243 non
1954 2202 2053 2241 va-

477 2292 581 2356 leo,
620 2288 715 2345 sed
741 2296 797 2343 et
832 2286 1059 2342 aliorum
1095 2286 1241 2339 dicta
1268 2298 1369 2353 pro
1393 2280 1753 2352 caligantibus
1777 2278 1948 2332 oculis
1971 2291 2055 2331 se-

475 2387 694 2438 nectute
718 2385 775 2434 et
792 2376 988 2446 aliquid
1005 2372 1392 2430 sustinentibus
1404 2370 1548 2426 beati
1564 2369 1735 2435 Isaac,
1748 2367 1814 2422 ad
1834 2376 1989 2422 noctu
1998 2382 2052 2419 r-

475 2485 602 2528 num
642 2468 819 2523 lumen
857 2479 1199 2536 nequaquam
1230 2461 1438 2518 valeam
1484 2460 1749 2530 relegere,
1771 2473 1890 2529 qua:
1908 2455 2051 2529 [qui]

477 2561 642 2616 etiam
673 2558 737 2613 ad
764 2556 895 2611 solis
919 2556 1135 2624 dieique
1178 2552 1438 2623 fulgorem
1481 2549 1571 2603 vix
1600 2547 1805 2603 habiles
1828 2546 1959 2601 mihi
1987 2545 2053 2600 ad

481 2649 760 2721 legendum
790 2646 946 2701 fiunt.
973 2643 1124 2701 Unde
1144 2642 1369 2697 obsecro
1391 2637 1797 2695 venerationem
1824 2644 1971 2690 tuam
1996 2642 2058 2689 ut

483 2757 546 2797 ea
576 2756 696 2809 quae
736 2753 805 2793 ex
833 2745 1141 2793 sanctorum
1168 2733 1389 2788 Patrum
1416 2730 1697 2787 sententiis
1732 2728 1976 2797 excerpsi
2003 2736 2058 2782 et

484 2832 537 2885 in
561 2829 750 2885 ordine
776 2825 998 2898 legenda
1040 2824 1295 2895 disposui,
1322 2822 1552 2892 benigne
1579 2821 1871 2891 suscipias:
1897 2828 1966 2879 et,
1998 2826 2059 2872 ut

479 2918 593 2987 iam
622 2926 747 2972 ante
767 2916 902 2982 dixi,‘
931 2914 979 2970 si
1000 2914 1258 2968 librorum
1300 2910 1539 2965 brevitas
1565 2908 1646 2963 vel
1670 2907 1944 2980 longitudo
1971 2906 2057 2959 in-

484 3019 565 3063 ter
594 3022 653 3062 se
680 3005 881 3062 fuerint
908 3002 1217 3074 inaequales,
1246 2999 1513 3055 visionum
1542 2999 1645 3053 hoc
1667 2995 1920 3053 brevitati
1953 2996 2056 3050 im-

485 3107 639 3168 putes
684 3111 748 3151 ac
796 3093 1150 3166 longitudini,
1202 3091 1331 3146 dum
1382 3090 1687 3158 ubicunque
1734 3101 2055 3157 possumus,

483 3190 665 3257 juncta
708 3185 956 3241 nolumus
1001 3196 1271 3254 separare,
1316 3188 1372 3233 ct
1422 3176 1751 3233 dissonantia
1794 3175 1847 3229 in
1895 3190 2055 3228 unam
2084 3188 2129 3249 ρ

487 3292 665 3337 astare
694 3275 926 3352 [aptare]
956 3274 1283 3346 congeriem.

888 3404 1237 3475 SEQUITUR
1272 3402 1499 3461 CAPUT
1538 3400 1658 3455 XX.

568 3542 586 3574 ι
620 3523 685 3578 Et
712 3521 886 3578 factus
912 3526 995 3575 est
1025 3531 1203 3574 sermo
1243 3515 1453 3571 Domini
1480 3513 1547 3568 ad
1568 3527 1671 3575 me,
1708 3511 1892 3567 dicens
1922 3528 1935 3563 :
1961 3508 2063 3563 Fili

498 3635 517 3665 ι
553 3612 807 3678 hominis,
830 3624 969 3681 pone
992 3608 1183 3665 faciem
1210 3614 1358 3661 tuam
1382 3613 1574 3660 contra
1618 3602 1761 3656 viam
1789 3600 1979 3664 austri,
2010 3606 2068 3653 et

500 3725 518 3754 ι
553 3704 691 3760 stilla
730 3703 795 3758 ad
831 3699 1095 3765 Africum,
1121 3706 1176 3753 et
1197 3697 1457 3768 propheta
1486 3695 1554 3750 ad
1588 3692 1781 3749 saltum
1812 3690 1928 3763 agri
1953 3704 2068 3745 me-

501 3816 525 3847 o
562 3795 775 3860 ridiani,
802 3802 859 3849 et
890 3791 1037 3846 dices
1067 3788 1225 3846 saltui
1268 3785 1566 3843 meridiano
1606 3799 1621 3835 :
1663 3781 1801 3837 Audi
1844 3780 2067 3836 verbum

501 3907 517 3937 ‹
558 3884 792 3946 Domini,
836 3882 952 3935 haec
980 3879 1111 3934 dicit
1155 3877 1413 3932 Dominus
1439 3876 1580 3928 Deus
1606 3887 1621 3926 :
1652 3871 1790 3927 Ecce
1818 3885 1915 3941 ego
1947 3883 2071 3924 sue-

504 4000 519 4026 ι
556 3974 781 4031 cendam
799 3973 851 4027 in
869 3980 919 4027 te
942 3971 1137 4039 ignem,
1152 3977 1209 4023 et
1226 3968 1538 4022 comburam
1562 3965 1615 4018 in
1634 3973 1685 4018 te
1696 3962 2069 4031 omneliguum

504 4090 518 4113 ς
562 4064 729 4118 viride
767 4070 823 4116 et
858 4075 1016 4115 omne
1053 4059 1250 4130 lignum
1298 4058 1529 4121 aridum,
1567 4070 1672 4109 non
1698 4052 2071 4122 exstinguetur

504 4175 521 4203 ι
560 4151 771 4207 ﬂamma
801 4147 1187 4211 succensionis,
1234 4156 1287 4201 et
1314 4146 1658 4201 eomburetur
1701 4144 1755 4197 in
1798 4157 1860 4197 ea
1895 4142 2070 4197 omnis

506 4266 521 4294 ι
562 4244 729 4299 facies
757 4242 822 4298 ab
869 4248 1053 4295 austro
1080 4253 1248 4308 usque
1294 4237 1362 4292 ad
1403 4236 1728 4305 aquilonem.
1777 4233 1846 4289 Et
1870 4232 2073 4288 videbit

506 4357 522 4382 ι
562 4333 810 4388 universa
833 4344 960 4386 caro
981 4328 1103 4399 quia
1127 4342 1227 4397 ego
1248 4327 1503 4381 Dominus
1527 4323 1777 4379 succendi
1800 4336 1945 4387 eam,
1971 4335 2074 4377 nec

508 4443 525 4473 ι
563 4422 951 4492 exstinguetur.
984 4419 1047 4473 Et
1074 4417 1181 4472 dixi
1222 4432 1236 4470 :
1268 4418 1330 4479 Α,
1360 4432 1411 4481 a,
1437 4432 1488 4481 a,
1518 4415 1741 4469 Domine
1771 4414 1940 4479 Deus;
1972 4411 2071 4481 ipsi

2141 1260 2298 1322 fame,
2327 1257 2630 1328 pestilentia
2654 1255 2921 1310 ruentium
2956 1252 3289 1323 compleatur
3313 1269 3327 1306 :
3356 1252 3446 1307 his
3464 1252 3610 1306 enim
3632 1252 3745 1323 qui

2144 1353 2196 1406 in
2243 1333 2515 1421 Babylone
2558 1357 2703 1411 sunt,
2740 1343 3038 1400 Jerusalem
3089 1346 3157 1421 ad
3207 1354 3451 1399 austrum
3484 1344 3585 1399 sita
3622 1355 3742 1399 est.

2144 1438 2423 1507 Quomodo
2468 1452 2499 1491 e
2544 1435 2817 1491 contrario
2849 1433 2954 1489 olla
2999 1431 3248 1487 Jeremia:
3285 1447 3407 1501 quae
3462 1430 3751 1500 significat

2145 1527 2465 1591 Jerusalem,
2488 1541 2519 1579 a
2537 1523 2677 1580 facie
2692 1523 2976 1593 aquilonis,
3003 1522 3053 1577 id
3075 1531 3157 1578 est
3174 1521 3479 1592 Babylonis,
3506 1536 3753 1576 succen-

2150 1619 2312 1673 ditur.
2345 1615 2414 1670 Et
2440 1614 2666 1684 pulchre
2702 1613 2757 1670 in
2786 1612 3051 1681 principio
3093 1611 3234 1666 stilla
3261 1611 3457 1680 inquit,
3486 1610 3556 1662 ad
3585 1607 3754 1663 Afri-

2150 1721 2292 1769 cam,
2329 1712 2391 1758 ut
2416 1717 2521 1757 non
2568 1710 2683 1756 tota
2720 1701 2815 1755 Dei
2855 1700 2937 1754 ira
2970 1699 3218 1754 videatur
3243 1698 3429 1760 effusa,
3463 1698 3557 1752 sed
3587 1698 3751 1751 stilla

2152 1796 2395 1867 quaedam
2432 1802 2486 1850 et
2528 1808 2673 1863 pars.
2706 1791 2799 1846 Sin
2828 1799 3010 1846 autem
3040 1792 3095 1846 in
3128 1790 3295 1855 stilla,
3327 1798 3474 1845 tanta
3505 1790 3748 1852 saevitia,

2155 1888 2282 1959 quid
2324 1888 2377 1941 in
2430 1886 2555 1941 totis
2600 1885 2863 1939 imbribus
2901 1882 3274 1938 aestimandum
3315 1890 3420 1947 est,
3463 1888 3522 1935 ut
3556 1882 3757 1936 omnis

2154 1992 2303 2040 caro,
2330 1991 2447 2045 qua:
2474 1975 2655 2029 visura
2696 1982 2779 2028 est
2814 1972 3052 2028 salutare
3078 1972 3196 2039 Dei,
3225 1987 3323 2042 per
3352 1970 3624 2042 sylvarum
3657 1970 3757 2023 in-

2154 2068 2403 2124 cendium
2436 2076 2490 2122 et
2519 2065 2787 2120 flammam
2811 2105 2825 2128 ,
2852 2080 2972 2134 qua:
3002 2063 3203 2118 nullius
3222 2062 3599 2133 exstinguatur
3637 2076 3755 2115 au-

2154 2158 2316 2222 xilio,
2350 2164 2639 2227 cognoscat
2666 2154 2807 2225 quod
2838 2154 2952 2224 ipse
2979 2153 3051 2207 sit
3084 2152 3363 2207 Dominus.
3392 2150 3543 2218 Quod
3572 2150 3757 2204 intel-

2154 2249 2328 2318 ligens
2349 2248 2608 2318 propheta
2633 2244 2943 2315 respondit:
2975 2262 2994 2294 ‹
3022 2243 3091 2309 Δ,
3117 2259 3168 2308 a,
3186 2258 3235 2306 a,
3261 2242 3485 2313 Domine
3504 2241 3683 2304 Deus;
3726 2259 3750 2291 ι

2156 2339 2262 2404 vel,
2288 2348 2347 2394 ut
2371 2337 2721 2408 Septuaginta
2746 2334 3162 2399 transtulerunt,
3193 2352 3212 2385 ι
3244 2348 3601 2402 nequaquam,
3637 2332 3761 2385 Do—

2156 2430 2321 2485 mine.
2360 2447 2378 2481 ›
2413 2427 2482 2483 Et
2504 2426 2667 2481 infert
2697 2443 2712 2480 :
2750 2444 2771 2477 ι
2797 2425 2902 2497 lpsi
2926 2424 3113 2480 dicunt
3130 2424 3196 2479 ad
3224 2438 3333 2488 me,
3355 2420 3599 2491 Nunquid
3629 2435 3758 2475 non

2156 2536 2254 2591 per
2274 2519 2562 2590 parabolas
2586 2518 2824 2589 loquitur
2851 2516 2986 2573 iste?
3019 2535 3038 2567 ι
3070 2514 3156 2571 vel
3189 2513 3442 2583 parabola
3480 2522 3562 2568 est
3591 2515 3714 2568 ista
3739 2554 3758 2577 ,

2157 2628 2276 2681 quze
2298 2612 2532 2667 dicitur?
2551 2612 2619 2666 Et
2640 2618 2724 2666 est
2746 2624 2955 2674 sensus,
2970 2607 3183 2679 planius
3199 2606 3433 2676 loquere,
3447 2621 3549 2660 non
3571 2604 3757 2659 intel-

2158 2703 2372 2774 ligimus
2394 2719 2492 2773 per
2511 2702 2818 2773 parabolam
2843 2701 2971 2771 quid
2991 2698 3230 2769 loquaris
3256 2714 3270 2749 :
3294 2706 3477 2768 aperto
3488 2710 3764 2751 sermone

2161 2795 2255 2849 Dei
2278 2794 2433 2849 nobis
2453 2794 2625 2864 pande
2646 2791 2966 2848 sententiam
2984 2808 2997 2844 :
3013 2796 3189 2860 potest
3210 2796 3388 2842 autem
3412 2785 3763 2856 tropologice

2162 2886 2378 2940 titernan
2400 2893 2454 2937 et
2479 2883 2651 2952 nageb
2679 2890 2732 2937 et
2760 2882 2968 2943 darom,
2992 2878 3135 2949 quod
3164 2875 3507 2946 Septuaginta
3535 2889 3758 2944 posue-

2162 2983 2307 3040 runt,
2348 2974 2613 3045 Egyptus
2651 2971 2896 3041 intelligi.
2942 2969 3197 3040 Legimus
3234 2968 3378 3021 enim
3425 2966 3477 3019 in
3516 2965 3763 3020 Daniele

2162 3065 2356 3120 crebro
2384 3072 2624 3119 austrum
2652 3077 2750 3132 pro
2786 3066 3026 3132 Egypto
3050 3058 3240 3128 accipi,
3272 3057 3532 3133 Egyptus
3552 3066 3757 3111 autem

2161 3156 2394 3211 refertur
2426 3155 2493 3209 ad
2516 3155 2699 3209 mundi
2726 3153 2881 3207 istius
2912 3150 3206 3221 angustias“.
3240 3148 3529 3219 PrOpItetat
3573 3148 3764 3218 igitur

2161 3247 2430 3313 Ezechiel,
2472 3261 2593 3317 qua:
2624 3244 2820 3300 mundo
2847 3250 3071 3296 ventura
3098 3242 3205 3297 sint
3235 3240 3395 3302 mala,
3426 3254 3577 3308 quem
3622 3238 3759 3293 sal-

2163 3339 2277 3397 tu'm
2303 3351 2461 3398 vocat
2485 3338 2777 3411 pomiferas
2799 3340 3021 3393 arbores
3052 3351 3158 3392 non
3186 3336 3490 3399 habentem,
3521 3335 3612 3389 sed
3652 3335 3765 3389 ba-

2161 3434 2454 3491 bitaculum
2496 3432 2815 3496 bestiarum,
2856 3430 2921 3484 de
2952 3444 3060 3498 quo
3098 3435 3152 3482 et
3181 3427 3232 3481 in
3267 3424 3521 3496 vigesimo
3546 3432 3764 3479 octavo

2163 3526 2370 3597 psalmo
2391 3525 2590 3581 dicitur
2615 3542 2628 3578 :
2665 3541 2683 3573 (
2720 3522 2837 3587 Vox
2861 3519 3075 3575 Domini
3098 3516 3427 3589 perﬂeientis
3446 3529 3665 3578 cervos,
3701 3524 3765 3569 et

2166 3616 2425 3673 revelabit
2464 3613 2732 3670 condensa
2779 3610 3055 3666 silvarum.
3108 3626 3126 3659 ι
3166 3606 3287 3661 Istae
3335 3613 3458 3660 sunt
3493 3603 3646 3658 silva:
3701 3614 3766 3660 et

2167 3708 2358 3772 saltus,
2385 3705 2475 3775 qui
2517 3702 2637 3774 plus
2673 3702 3066 3757 devoraverunt
3099 3697 3151 3751 in
3195 3694 3379 3765 przelio
3410 3696 3472 3749 de
3500 3695 3765 3748 exercitu

2165 3774 2483 3859 Abessalon,
2518 3807 2680 3862 quam
2721 3787 2993 3845 interfecit
3024 3786 3247 3857 gladius.
3285 3774 3765 3852 Succenditurque

2168 3885 2222 3938 in
2255 3883 2480 3938 saltibus
2506 3880 2737 3951 primum
2771 3877 2974 3947 lignum
2996 3872 3189 3938 viride,
3233 3881 3288 3926 et
3310 3872 3388 3926 sic
3414 3870 3646 3934 aridum,
3704 3872 3764 3925 hi

2170 3974 2262 4043 qui
2303 3973 2490 4026 vivunt
2520 3971 2572 4023 in
2604 3967 2765 4031 malo,
2796 3974 2853 4020 ct
2890 3964 2947 4019 hi
2986 3964 3075 4043 qui
3106 3961 3330 4032 iustitia;
3360 3959 3550 4014 mortui
3592 3967 3763 4013 sunt.

2170 4032 2429 4131 Quodque
2446 4059 2639 4115 dicitur
2662 4076 2675 4110 :
2700 4076 2719 4107 ί
2740 4056 2808 4109 Et
2826 4032 3207 4109 comburentur
3222 4053 3275 4105 in
3291 4065 3353 4105 ea
3374 4063 3555 4103 omnes
3575 4046 3767 4104 facies

2172 4154 2239 4206 ah
2277 4158 2463 4205 austro
2505 4162 2675 4216 usque
2702 4145 2769 4199 ad
2805 4142 3132 4213 aquilonem,
3192 4160 3211 4193 ι
3254 4138 3359 4194 hoc
3390 4137 3517 4191 dicit
3549 4136 3614 4190 ab
3667 4138 3767 4193 bis

2173 4244 2263 4312 qui
2307 4241 2548 4295 fervente
2592 4239 2781 4309 spiritu
2820 4237 3138 4292 videbantur
3180 4242 3348 4304 uSque
3389 4234 3455 4288 ad
3496 4247 3589 4287 eos
3627 4234 3761 4302 qui,

2174 4339 2449 4387 crescente
2491 4329 2775 4398 iniquitate
2803 4335 2858 4382 et
2887 4324 3203 4397 refrigerata
3252 4323 3512 4378 charitate
3547 4320 3769 4378 multo.

2175 4437 2317 4485 rum,
2358 4420 2590 4475 calorem
2632 4418 2919 4489 pristinum
2960 4416 3328 4485 perdiderunt,
3364 4415 3438 4468 ita
3473 4422 3533 4468 ut
3567 4400 3767 4473 omnis

508 4534 525 4564 ι
563 4514 749 4568 dicunt
775 4512 841 4566 de
863 4526 948 4565 me
972 4529 984 4560 :
1010 4508 1255 4577 Nunquid
1284 4523 1389 4561 non
1412 4521 1509 4575 per
1525 4503 1808 4575 parabolas
1834 4501 2071 4572 loquitur
2097 4515 2147 4573 ι)
2173 4524 2300 4563 caro
2334 4506 2623 4577 perspiciat
2648 4504 2917 4560 ﬂammam
2939 4503 3149 4558 Domini
3180 4518 3288 4556 non
3313 4500 3593 4571 exstingui,
3618 4515 3767 4570 pre.

512 4624 528 4653 ι
566 4602 704 4657 iste?
745 4621 763 4654 ι
803 4608 910 4655 etc.
964 4597 1223 4666 Loquitur
1274 4604 1452 4651 autem
1496 4608 1675 4649 sermo
1724 4594 1934 4648 divinus
1976 4605 2072 4661 per

504 4700 802 4771 μετάφωραν
826 4692 992 4747 saltus
1021 4699 1209 4747 contra
1235 4687 1529 4744 Jerusalem
1561 4702 1679 4756 quae
1704 4686 1996 4740 bestiarum
2019 4693 2073 4739 et

508 4786 764 4841 terocium
812 4782 1089 4837 hominum
1143 4779 1402 4833 habitatio
1440 4786 1545 4837 est,
1589 4775 1731 4846 quod
1783 4774 2074 4830 succendat

506 4891 627 4929 cum
647 4873 933 4942 omniaque
960 4871 1101 4941 ligna
1123 4870 1263 4924 illius
1279 4873 1709 4928 concrementur,
1738 4878 2073 4933 nequaquam

507 4965 730 5019 arbores
752 4977 972 5026 vocans,
1005 4970 1125 5032 qua:
1158 4959 1417 5014 fructibus
1448 4956 1779 5027 indigebant,
1807 4955 1899 5009 sed
1929 4954 2074 5023 ligna

508 5071 630 5125 qua:
656 5052 903 5108 incendio
929 5059 1250 5121 praeparata,
1279 5051 1617 5118 primumque
1641 5046 1907 5101 comburit
1934 5046 1987 5099 in
2011 5060 2077 5100 eo

511 5146 712 5216 lignum
732 5143 921 5205 viride,
944 5140 1231 5196 secundum
1253 5143 1391 5209 quod
1410 5137 1463 5191 iu
1482 5139 1583 5191 hoc
1603 5134 1788 5191 eodem
1810 5135 2075 5204 Propheta

514 5234 739 5303 legimus
771 5250 783 5285 :
820 5252 838 5283 ί
874 5231 943 5285 Et
985 5244 1014 5283 a
1052 5229 1252 5284 sanctis
1290 5227 1422 5281 meis
1455 5226 1689 5292 incipite.
1730 5244 1747 5275 ι
1784 5224 1846 5277 Et
1892 5235 2079 5292 postea

514 5324 723 5378 aridum
754 5317 895 5390 quod
922 5317 1054 5373 nihil
1095 5316 1154 5371 in
1178 5332 1235 5370 se
1262 5324 1467 5384 poterat
1500 5314 1696 5367 habere
1730 5312 1916 5372 viride,
1950 5327 2077 5365 san-

515 5423 629 5468 ctos
657 5410 901 5467 videlicet
928 5406 1085 5463 simul
1111 5416 1167 5460 et
1197 5415 1524 5474 peccatores,
1565 5412 1623 5455 ut
1644 5401 1737 5455 alii
1754 5400 2079 5470 captivitatis

520 5502 655 5554 mala
686 5507 859 5553 morte
886 5494 1159 5564 effugiant,
1195 5494 1282 5547 alii
1314 5492 1588 5561 suppliciis
1615 5492 1895 5545 tradantur
1919 5498 2076 5545 teter-

517 5592 619 5644 his.
664 5588 922 5656 Quodque
962 5583 1122 5639 infert
1151 5602 1163 5637 :
1214 5602 1230 5633 ς
1268 5584 1346 5636 Ah
1375 5591 1557 5637 austro
1580 5598 1749 5651 usque
1780 5581 1845 5633 ad
1876 5580 2079 5648 aquilo-

520 5694 658 5740 uem,
683 5697 699 5729 ι
724 5679 823 5730 hoc
846 5672 1042 5729 indicat
1063 5674 1129 5727 ah
1148 5670 1440 5726 Jerusalem
1462 5686 1630 5738 usque
1651 5670 1716 5723 ad
1736 5669 2075 5738 Babylonem,

521 5782 575 5822 ut
624 5784 778 5823 «mmc
831 5769 930 5823 iter
972 5765 1303 5838 pergentium
1351 5763 1402 5817 in
1458 5762 1839 5830 captivitatem,
1886 5760 2073 5831 gladio,

2172 4607 2429 4669 caturque
2459 4597 2747 4666 Pmpheta,
2777 4610 2844 4650 ne
2876 4594 2968 4649 flat
2992 4594 3131 4663 quod
3170 4587 3428 4647 Deminus
3455 4591 3767 4647 commina-

2171 4698 2258 4744 tus
2276 4698 2381 4753 est,
2413 4688 2515 4741 hoc
2536 4694 2641 4751 est,
2668 4701 2736 4740 ne
2757 4684 3113 4739 succendatur
3137 4682 3304 4737 saltus
3325 4690 3377 4736 et
3404 4680 3540 4752 ligna
3561 4682 3763 4735 omnia

2172 4785 2602 4839 concrementur,
2636 4782 2694 4829 ut
2718 4781 2812 4827 aut
2846 4774 3023 4827 adhuc
3064 4771 3332 4840 accipiant
3360 4770 3528 4825 locum
3569 4772 3767 4841 paeni-

2175 4867 2372 4929 tentiae,
2402 4874 2495 4918 aut
2522 4865 2621 4919 sibi
2644 4879 2749 4919 non
2773 4864 3079 4932 imponatur
3098 4861 3392 4916 necessitas
3415 4859 3582 4914 tristia
3607 4876 3767 4915 nuu-

2174 4952 2682 5021 tiandi,pratsertim
2714 4966 2835 5005 cum
2873 4949 3099 5019 populus
3144 4965 3203 5003 ea
3248 4964 3355 5004 non
3388 4947 3669 5018 intelligat,
3707 4958 3770 5004 et

2174 5044 2505 5099 obscuritate
2528 5044 2791 5096 dictorum
2821 5042 2994 5112 magis
3017 5041 3082 5095 ad
3113 5041 3377 5095 insaniam
3411 5047 3765 5107 provocetur.

2758 5149 2986 5206 CAPUT
3022 5150 3164 5205 XXI.

2178 5244 2361 5299 Sermo
2396 5242 2605 5296 Domini
2627 5251 2808 5295 contra
2825 5240 3118 5294 Jerusalem
3144 5240 3209 5293 de
3227 5239 3435 5293 miseria
3464 5236 3625 5306 gladii
3650 5239 3769 5292 du-

2246 5314 2425 5382 plicati
2466 5320 2556 5364 aut
2599 5310 2869 5382 triplice“.
2922 5307 3347 5382 Serma'Domim'
3393 5318 3570 5361 contra
3607 5306 3769 5374 ﬁh'os

2250 5378 2470 5435 Ltmmon
2494 5397 2587 5449 pro
2613 5378 2787 5449 gladio
2812 5380 3102 5447 euaginata.

2255 5488 2272 5543 i
2311 5491 2378 5545 Et
2405 5490 2578 5543 factus
2603 5498 2684 5543 est
2707 5502 2884 5542 sermo
2912 5487 3125 5543 Domini
3157 5487 3221 5542 ad
3250 5501 3353 5550 me,
3387 5484 3569 5539 dicens
3600 5502 3612 5536 ε
3654 5484 3768 5542 Fili

2186 5602 2202 5633 ι
2241 5580 2490 5638 hominis,
2519 5592 2658 5648 pone
2694 5576 2886 5631 faciem
2919 5584 3070 5659 tuam
3095 5576 3161 5629 ad
3187 5573 3506 5636 Jerusalem,
3530 5582 3588 5626 et
3609 5574 3769 5629 stilla

2187 5690 2203 5719 ι
2242 5670 2307 5723 ad
2334 5668 2659 5728 sanctuaria,
2704 5676 2757 5721 et
2792 5667 3049 5735 propheta
3080 5673 3267 5720 contra
3294 5665 3519 5718 humum
3563 5663 3767 5729 lsrael,

2189 5782 2207 5811 ι
2242 5771 2290 5814 et
2320 5759 2462 5813 dices
2496 5765 2649 5810 teme
2692 5754 2849 5809 lsr.-.cl
2892 5773 2903 5809 :
2948 5754 3070 5810 llxc
3102 5754 3227 5809 dicit
3268 5754 3523 5808 Dominus
3556 5753 3711 5809 Deus
3752 5774 3765 5809 :
