3936 6352
162 414 275 469 ’ῖὶθ

551 469 581 492 Ι

1131 405 1480 462 COMMENT.
1523 404 1587 457 IN
1630 396 2079 459 EZECHIELEM.
2119 436 2189 445 —
2228 405 2353 459 LIB.
2397 406 2486 459 IX.

3322 404 3422 457 730

169 542 189 573 ι
233 523 373 578 Ecce
398 536 497 592 ego
522 518 589 574 ad
616 528 667 573 te
689 524 743 573 et
767 516 976 588 ejiciam
1002 515 1237 586 gladium
1267 529 1444 569 meum
1467 514 1533 568 de
1556 513 1743 583 vagina
1774 518 1819 575 Α
1850 520 1996 567 tanta
2041 522 2263 568 cunctos
2299 512 2581 582 occupabit
2624 512 2925 583 trepidatio,
2960 524 3122 583 atque
3162 511 3416 581 formido,

172 635 191 664 ι
230 630 353 673 sua.
390 622 445 668 ct
480 611 721 667 occidam
768 612 819 664 in
863 621 914 664 te
942 609 1146 679 justum
1180 616 1235 662 et
1267 607 1507 676 impium.
1538 605 1644 660 Pro
1680 620 1744 661 eo

173 725 193 756 ι
230 714 414 759 autem
440 700 581 772 quod
606 701 779 755 occidi
818 700 867 754 in
900 708 952 753 te
983 699 1186 767 justum
1224 706 1278 751 et
1316 695 1560 766 impium,
1596 710 1748 765 egre—

173 813 192 844 ι
230 794 408 848 dietur
434 791 642 863 gladius
666 804 816 844 meus
840 789 906 843 de
929 788 1119 859 vagina
1147 802 1243 842 sua
1286 787 1353 839 ad
1384 800 1599 840 omnem
1629 799 1748 838 car-

173 902 193 934 ι
234 898 358 937 nem
384 882 452 935 ab
482 887 666 935 austro
694 880 762 934 ad
793 878 1119 949 aquilonem,
1160 884 1215 931 et
1242 876 1377 931 sciet
1405 875 1580 931 omnis
1620 889 1747 929 caro

174 996 192 1024 ι
229 973 356 1044 quia
382 986 481 1042 ego
505 970 663 1026 eduxi
693 969 927 1040 gladium
958 983 1135 1023 meum
1165 964 1459 1040 dc'vagina
1486 982 1582 1022 sua
1613 968 1747 1021 irre-

185 1082 204 1113 ι
241 1060 557 1128 vocabilem,
575 1078 594 1111 ι
612 1067 715 1115 etc.
741 1058 874 1125 Quia
904 1073 1067 1129 supra
1088 1058 1292 1113 dixerat
1312 1075 1325 1111 :
1343 1057 1444 1128 Ipsi
1472 1057 1653 1111 dicunt
1683 1056 1748 1137 de

168 1152 536 1222 nte,nunquid
556 1166 661 1206 non
685 1164 781 1220 per
804 1149 1084 1219 parabolas
1102 1148 1343 1219 loquitur
1363 1148 1497 1203 iste?
1514 1157 1569 1203 et
1592 1163 1747 1217 aper-

167 1254 285 1297 tam
324 1241 550 1312 populus
576 1240 896 1295 sententiam
922 1237 1213 1310 ﬂagitabat,
1250 1239 1452 1293 idcirco
1489 1236 1745 1291 Dominus

166 1332 226 1387 id
250 1331 392 1401 quod
420 1345 517 1400 per
542 1327 909 1399 metaphoram
948 1328 1061 1383 sive
1100 1326 1432 1397 parabolam,
1474 1335 1547 1389 et,
1572 1333 1630 1379 ut
1657 1324 1745 1380 alii

162 1427 407 1482 vertere,
451 1417 814 1487 proverbium,
849 1423 930 1469 est
966 1415 1195 1477 locutus,
1239 1428 1383 1470 nunc
1410 1414 1748 1469 manifestius

163 1508 431 1576 loquitur,
450 1506 619 1561 saltus
644 1504 825 1575 Nageb
863 1512 917 1557 et
943 1502 1139 1557 Darom
1163 1510 1217 1558 et
1242 1497 1479 1557 Theman
1516 1517 1635 1557 esse
1658 1490 1747 1560 Je-

164 1597 426 1663 rusalem,
451 1604 505 1652 et
532 1594 785 1664 templum
818 1594 960 1648 illius
988 1601 1173 1648 sancta
1203 1601 1532 1657 sanctorum,
1557 1603 1609 1647 et
1626 1607 1746 1646 om-

164 1703 294 1741 nent
328 1694 524 1741 terram
548 1683 727 1739 Judea:
753 1682 1130 1753 flammamque
1153 1699 1271 1754 quae
1299 1683 1648 1738 combustura
1676 1683 1748 1737 sit

162 1777 366 1851 saltum
394 1775 617 1847 intelligi
648 1774 881 1845 gladium
912 1774 1276 1839 devorantem,
1306 1774 1397 1844 qui
1426 1774 1651 1829 eductus
1676 1774 1746 1829 sit

1848 614 1927 673 ut,
1949 607 2141 663 timore
2184 614 2431 678 cogente,
2478 616 2625 661 artus
2652 614 2705 661 et
2733 606 2938 663 viscera
2970 608 3331 663 dissolvantur
3365 619 3419 664 et

1851 695 2027 751 vesica
2054 696 2333 752 humorem
2376 705 2559 751 tenere
2596 713 2699 751 non
2724 698 2918 763 valeat,
2950 699 3021 753 ita
3050 706 3110 752 ut
3132 700 3287 754 urina
3324 716 3418 771 ge-

1848 801 1952 840 nua
1973 785 2306 855 polluantur;
2332 787 2577 841 naturale
2605 795 2687 842 est
2714 789 2855 841 enim
2883 797 2939 843 ut
2972 789 3163 845 timore
3196 800 3421 861 cogente

1847 876 2026 944 vesica
2057 876 2290 944 laxetur,
2320 887 2376 934 et
2408 872 2667 933 adversus
2691 879 2923 935 hominis
2962 879 3292 935 voluntatem
3322 883 3422 937 hu-

1847 941 1965 1020 moii
1992 966 2205 1021 deﬂuat.
2235 941 2388 1035 Quod
2416 968 2631 1038 quidem
2653 975 2706 1023 et
2733 968 2784 1022 in
2817 970 3122 1023 morborum
3156 971 3421 1041 magnitu-

1847 1057 1972 1112 dine
2011 1056 2254 1112 accidere
2292 1059 2466 1123 solet,
2508 1068 2568 1113 ut
2611 1066 2891 1128 postquam
2937 1059 3081 1115 vires
3124 1059 3420 1115 defecerint

1847 1148 2245 1216 aigrotantium,
2267 1163 2373 1202 non
2391 1149 2562 1203 solum
2585 1165 2777 1221 genua,
2799 1149 2892 1203 sed
2913 1148 3155 1203 etlectuli
3176 1150 3421 1218 polluan-

1848 1246 1955 1291 tur.
1992 1237 2151 1301 Ecce,
2181 1237 2373 1308 inquit,
2398 1238 2543 1292 venit
2568 1239 2708 1307 quod
2731 1253 2870 1306 saepe
2897 1238 3139 1308 praedixi,
3169 1248 3223 1293 et
3254 1253 3421 1307 opere

1849 1326 2164 1398 completur,
2197 1341 2262 1381 ac
2288 1326 2397 1392 ﬂet,
2433 1330 2573 1396 quod
2602 1342 2708 1381 non
2754 1343 2871 1399 ego,
2920 1328 3012 1383 sed
3048 1322 3306 1382 Dominus
3338 1336 3425 1381 est

1847 1416 2076 1473 locutus.
2111 1414 2235 1472 Scio
2263 1418 2546 1486 quemdam
2579 1418 2631 1470 in
2665 1418 2984 1472 contritione
3010 1417 3332 1480 lumborum,
3369 1426 3423 1470 et

1847 1505 2131 1563 ﬂuentibus
2152 1508 2306 1576 aquis
2332 1508 2496 1561 multa
2528 1494 2839 1561 testimonia
2862 1507 3168 1576 replicasse,
3204 1515 3262 1560 ut
3288 1505 3422 1560 Pro-

1847 1595 2021 1665 pheta
2049 1596 2272 1651 castitas
2294 1596 2628 1665 impleretur,
2658 1605 2714 1652 et
2734 1591 3034 1669 amaritudo
3063 1598 3223 1650 animi
3249 1606 3303 1651 et
3331 1597 3426 1651 do-

1847 1684 1931 1739 lor
1984 1686 2179 1740 mentis
2229 1686 2495 1762 internus,
2544 1687 2685 1755 quod
2736 1702 2888 1756 aquae
2934 1687 3198 1741 seminum
3250 1701 3421 1756 genua

1846 1773 2108 1842 polluant,
2148 1772 2243 1828 sed
2273 1774 2391 1828 haec
2426 1774 2691 1843 expositio
2728 1775 2794 1829 ad
2822 1783 3139 1844 praesentem
3166 1789 3271 1829 non
3297 1787 3424 1845 per-

162 1871 235 1924 de
273 1868 464 1937 vagina
513 1880 609 1920 sua
640 1872 699 1918 ut
731 1864 1022 1919 interficiat
1048 1865 1269 1934 impium
1311 1873 1364 1919 et
1386 1865 1615 1936 justum,
1645 1865 1748 1919 hoc
1776 1873 1824 1932 Β
1853 1867 1983 1920 tinet
2009 1865 2208 1919 locum.

160 1965 253 2013 est
272 1956 417 2012 enim
439 1956 641 2026 lignum
667 1955 836 2010 viride
862 1962 916 2010 et
939 1955 1169 2009 aridum.
1193 1954 1345 2010 Unde
1372 1962 1426 2009 et
1446 1955 1706 2010 Dominus
1729 1974 1743 2009 :

167 2068 188 2098 ι
229 2048 289 2102 Si
321 2047 375 2101 in
402 2045 563 2117 ligno,
595 2046 689 2110 ait,
723 2045 881 2100 viridi
911 2054 1059 2100 tanta
1083 2044 1311 2108 faciunt,
1348 2045 1402 2099 in
1441 2047 1585 2101 sicco
1620 2046 1748 2114 quid

164 2135 409 2189 facient?
456 2154 476 2186 ι
510 2133 660 2205 (Luc.
691 2133 871 2206 xxiii.)
903 2134 1164 2204 Quodque
1210 2135 1281 2188 ibi
1323 2120 1534 2188 dixerat
1576 2152 1589 2188 :
1625 2153 1644 2185 ι
1682 2135 1750 2189 Et

160 2226 372 2280 videbit
415 2226 665 2280 universa
709 2242 837 2281 caro
883 2226 1008 2295 quia
1049 2212 1147 2298 ego
1191 2226 1447 2281 Dominus
1498 2226 1745 2281 succendi

162 2329 321 2378 eam,
356 2333 376 2368 ι
404 2315 505 2369 hoc
532 2322 614 2369 est
640 2314 829 2369 silvam
856 2315 969 2369 sive
997 2312 1288 2378 ﬂammam,
1312 2328 1410 2368 nec
1440 2308 1749 2386 exstingue-

166 2413 285 2468 tur,
314 2404 443 2458 hinc
470 2404 589 2459 aliis
616 2405 795 2459 verbis
820 2403 1057 2473 loquitur
1087 2418 1101 2457 :
1137 2402 1205 2458 Ut
1230 2406 1367 2458 sciat
1394 2405 1570 2458 omnis
1598 2418 1745 2467 caro,

163 2496 297 2566 quia
324 2510 424 2566 ego
450 2494 706 2549 Dominus
746 2494 921 2549 eduxi"
947 2492 1177 2564 gladium
1220 2508 1397 2547 meum
1445 2494 1510 2548 de
1555 2493 1745 2563 vagina

168 2605 273 2644 sua
315 2588 738 2644 irrevocabilem.
788 2608 807 2640 ι
858 2589 996 2643 Vere
1038 2588 1185 2643 enim
1224 2596 1413 2642 contra
1450 2586 1747 2643 Jerusalem

168 2695 280 2735 non
305 2689 388 2735 est
411 2678 620 2733 ﬂamma
648 2657 820 2749 sdpita
844 2694 941 2734 nec
960 2662 1285 2735 exstinctum
1302 2679 1629 2743 incendium,
1647 2694 1747 2735 nec

169 2779 457 2827 revocatus
488 2770 715 2842 gladius,
748 2769 872 2840 quia
909 2770 1177 2824 modicum
1209 2780 1419 2839 tempus
1451 2770 1503 2824 in
1545 2770 1744 2835 medio,

168 2869 227 2914 et
264 2858 564 2915 Jerusalem
600 2874 721 2915 cum
754 2859 952 2929 templo
991 2876 1089 2915 suo
1129 2860 1423 2930 Babylonio
1468 2861 1588 2931 igne
1629 2876 1750 2915 suc-

170 2967 336 3007 censa
366 2959 466 3007 88L

250 3060 269 3093 ι
304 3042 373 3097 Ει
394 3050 469 3107 ιιι,
512 3040 585 3095 ﬁli
608 3040 1173 3113 bominis,ingemisce
1197 3042 1251 3096 in
1273 3042 1592 3097 contritiOne
1613 3041 1750 3097 lum-

175 3156 195 3187 ‹
229 3135 445 3199 borum,
469 3141 524 3189 et
549 3132 603 3187 in
626 3132 1072 3188 amaritudinibus
1105 3133 1395 3207 ingemisce
1421 3148 1604 3188 coram
1645 3134 1744 3189 eis.

1929 1972 1947 2007 ι
1982 1954 2049 2009 Et
2086 1954 2260 2009 factus
2283 1962 2366 2009 est
2392 1969 2571 2009 sermo
2593 1954 2801 2008 Domini
2827 1954 2892 2008 ad
2926 1969 3034 2019 me,
3063 1952 3248 2007 dicens
3278 1970 3291 2006 :
3322 1952 3424 2006 Fili

1856 2064 1875 2099 ι
1911 2044 2164 2111 hominis,
2209 2044 2467 2114 propheta
2513 2055 2568 2097 et
2608 2044 2752 2099 dices
2786 2060 2798 2095 :
2844 2041 2969 2097 Ila‘c
3006 2041 3133 2097 dicit
3170 2041 3427 2097 Dominus

1856 2154 1874 2186 ι
1912 2136 2054 2191 Deus
2077 2152 2091 2189 :
2116 2134 2381 2205 Loquere,
2412 2135 2637 2205 gladius,
2657 2134 2865 2205 gladius
2887 2142 3148 2188 exacutus
3172 2141 3276 2196 est,
3294 2140 3345 2185 et
3362 2131 3425 2186 li-

1854 2247 1872 2281 ι
1909 2235 2180 2290 matus,ut
2202 2227 2372 2282 cadat
2392 2228 2658 2292 victimas,
2685 2236 2941 2281 exacutus
2963 2235 3065 2290 est,
3088 2234 3217 2280 etut
3243 2225 3424 2295 splen-

1855 2337 1874 2371 ι
1909 2319 2031 2373 deat
2069 2318 2285 2387 limatus
2327 2326 2430 2381 est,
2475 2318 2565 2387 qui
2614 2332 2797 2371 moves
2839 2324 3108 2385 sceptrum
3152 2316 3249 2371 lilii
3294 2317 3423 2381 mei,

1855 2428 1873 2456 ι
1911 2407 2183 2463 succidisti
2204 2422 2363 2462 omne
2381 2406 2603 2477 lignum.
2629 2407 2829 2462 Etdedi
2858 2422 2981 2463 eum
3002 2405 3068 2459 ad
3087 2404 3424 2475 levigandum

1855 2519 1875 2551 ι
1911 2509 1971 2554 ιιι
2010 2509 2254 2555 teneatur
2278 2514 2456 2553 manu.
2486 2499 2588 2553 lste
2609 2510 2866 2554 exacutus
2893 2507 2977 2554 est
2996 2499 3226 2568 gladius,
3248 2506 3303 2553 et
3328 2497 3428 2550 iste

1856 2607 1889 2661 ι
1913 2588 2130 2643 limatus
2151 2597 2255 2653 est,
2280 2595 2339 2642 ut
2364 2588 2436 2642 sit
2460 2588 2514 2641 in
2539 2602 2702 2641 manu
2734 2587 3137 2652 interﬁcientis;
3166 2580 3338 2642 clama
3368 2594 3425 2641 et

1860 2696 1879 2727 ι
1914 2676 2077 2741 ulula,
2098 2676 2169 2731 fili
2185 2677 2438 2739 hominis,
2462 2676 2587 2745 quia
2601 2676 2691 2730 hic
2712 2675 2888 2732 factus
2905 2677 3053 2731 estin
3074 2676 3267 2747 populo
3281 2690 3422 2730 meo.

1860 2786 1878 2818 ι
1916 2767 2011 2822 llic
2039 2769 2090 2822 in
2123 2767 2330 2821 cunctis
2357 2768 2582 2821 ducibus
2616 2766 2802 2832 Israel,
2833 2770 2921 2836 qui
2970 2767 3213 2838 fugerant
3250 2767 3428 2838 gladio

1858 2876 1877 2911 ι
1913 2859 2097 2913 traditi
2125 2862 2249 2913 sunt
2268 2874 2388 2914 cum
2424 2858 2620 2928 populo
2647 2874 2785 2913 meo.
2819 2858 3023 2914 Idcirco
3047 2858 3237 2929 plaude
3264 2872 3425 2928 super

1858 2966 1875 2999 ι
1913 2948 2107 3013 femur,
2124 2948 2247 3017 quia
2270 2948 2528 3019 probatus
2544 2958 2649 3012 est,
2667 2949 2860 3013 ethoc,
2874 2963 2996 3002 cum
3017 2948 3429 3017 sceptrumsub-

1857 3056 1875 3089 ι
1910 3038 2131 3093 verterit
2152 3046 2206 3092 et
2228 3053 2331 3092 non
2351 3040 2474 3101 erit,
2490 3038 2618 3092 dicit
2638 3038 2899 3092 Dominus
2911 3039 3071 3093 Deus.
3089 3038 3167 3091 Tu
3190 3052 3337 3108 ergo,
3353 3036 3425 3091 fili

1858 3148 1876 3180 ι
1913 3130 2167 3194 hominis,
2191 3129 2471 3200 propheta,
2505 3138 2559 3183 et
2580 3136 2801 3198 percute
2824 3143 2984 3183 manu
3010 3129 3077 3183 ad
3106 3143 3347 3190 manum,
3373 3137 3429 3182 et

176 3245 196 3277 ι
234 3224 478 3294 Cumque
506 3223 738 3278 dixerint
766 3225 833 3278 ad
872 3230 926 3278 te
956 3241 969 3277 :
1004 3224 1184 3290 Quare
1223 3234 1277 3278 tu
1320 3224 1522 3294 gemis?
1555 3224 1701 3280 dices
1730 3243 1744 3278 :
1776 3221 1820 3283 C
1859 3237 1877 3270 ι
1912 3218 2216 3290 duplicetur
2232 3218 2440 3289 gladius
2479 3234 2543 3273 ac
2564 3217 2862 3289 triplicetur
2890 3217 3095 3289 gladius
3121 3216 3429 3273 interfecto-

176 3334 196 3368 ι
234 3314 343 3368 Pro
378 3313 583 3377 auditu,
625 3312 750 3382 quia
784 3312 933 3367 venit
972 3320 1027 3367 et
1071 3314 1308 3381 tabescet
1346 3329 1507 3369 omne
1545 3328 1661 3379 cor,
1696 3324 1753 3370 et

177 3421 195 3454 ι
237 3402 595 3457 dissolventur
656 3402 919 3459 universa;
975 3418 1205 3468 manus,
1275 3414 1329 3458 et
1392 3405 1754 3461 infirmabitur

176 3514 195 3544 ι
233 3493 413 3547 omnis
442 3492 682 3563 spiritus,
726 3501 780 3548 et
817 3508 914 3564 per
941 3502 1135 3549 cuncta
1174 3510 1344 3562 genua
1374 3494 1541 3550 ﬂuent
1568 3512 1747 3565 aquae;

177 3607 196 3638 ι
235 3601 364 3642 ecce
404 3585 549 3641 venit
592 3593 647 3639 et
691 3585 806 3652 ﬂet,
847 3587 925 3639 ait
961 3584 1220 3642 Dominus
1262 3587 1425 3643 Deus.
1461 3607 1480 3639 ›
1516 3589 1752 3643 Primum

171 3680 422 3735 dixerat:
444 3698 463 3731 ι
486 3678 795 3734 Vaticinare
808 3677 890 3733 vel
908 3678 1047 3733 stilla
1068 3677 1133 3731 ad
1160 3688 1420 3742 austrum,
1447 3678 1673 3735 africum
1698 3690 1754 3735 et

172 3768 477 3833 meridiem,
518 3776 573 3823 et
608 3767 674 3822 ad
716 3768 912 3822 saltum
946 3763 1323 3822 meridianum.
1364 3788 1381 3819 ι
1432 3769 1581 3837 Quod
1628 3772 1750 3839 quia

172 3856 459 3911 videbatur
494 3857 802 3921 obscurum,
828 3864 883 3911 et
905 3856 1045 3911 dicta
1080 3857 1352 3927 propheta:
1395 3858 1621 3928 populus
1661 3876 1753 3915 ne-

174 3945 399 4009 sciebat,
445 3945 678 4000 secundo
706 3946 921 4014 ponitur
966 3944 1326 4012 manifestius,
1362 3948 1555 4002 saltum
1588 3951 1753 4004 meri—

174 4037 396 4090 dianum
418 4051 537 4091 esse
554 4035 872 4101 Jerusalem,
887 4043 941 4091 et
955 4051 1143 4091 omnes
1163 4037 1520 4093 infructuosas
1535 4041 1755 4096 arbores

174 4126 243 4181 ad
268 4142 495 4196 quarum
519 4126 725 4181 radices
754 4127 960 4182 securis
978 4127 1150 4196 posita
1180 4127 1269 4192 sit,
1300 4128 1520 4200 intelligi
1546 4130 1757 4185 habita-

178 4228 324 4273 tores
372 4218 487 4288 ejus
539 4217 883 4288 gladiumque
937 4218 1278 4287 interpretari
1334 4235 1433 4290 pro
1484 4221 1749 4277 incendio.

176 4308 363 4364 Tertio
386 4309 607 4378 iubetur
639 4309 913 4378 propheta:
934 4320 992 4363 ut
1017 4311 1315 4365 tacentibus
1346 4311 1449 4367 illis
1469 4326 1568 4367 nec
1593 4312 1760 4367 inter—

176 4399 492 4469 rogantibus
528 4412 624 4451 cur
662 4398 761 4453 ista
798 4398 1119 4455 vaticinatus
1161 4402 1250 4466 sit,
1301 4401 1464 4457 faciat
1486 4417 1599 4473 per
1636 4418 1757 4473 quae

176 4490 555 4557 interrogetur,
580 4495 633 4542 et
661 4489 982 4558 respondeat
1002 4505 1120 4560 qua:
1144 4491 1399 4546 Dominus
1420 4501 1503 4546 est
1522 4493 1751 4549 locutus.

1860 3330 1877 3364 ι
1914 3328 2031 3366 rum
2065 3330 2079 3367 :
2110 3313 2197 3367 hic
2236 3318 2321 3367 est
2358 3312 2566 3383 gladius
2608 3308 2896 3366 occisionis
2937 3324 3163 3380 magute,
3196 3311 3289 3380 qui
3332 3310 3429 3364 ob-

1860 3420 1877 3453 ι
1915 3410 2220 3472 stupescere
2257 3417 2351 3459 eos
2381 3402 2507 3456 facit
2548 3410 2603 3456 et
2649 3402 2810 3457 corde
2849 3402 3147 3464 tabescere,
3178 3410 3232 3454 et
3253 3398 3430 3454 multi-

1860 3510 1878 3544 ‹
1915 3493 2079 3563 plicat
2104 3492 2305 3547 ruinas.
2334 3491 2391 3546 ln
2424 3493 2674 3547 omnibus
2715 3491 2886 3561 portis
2918 3506 3103 3545 eorum
3138 3488 3257 3545 dedi
3300 3505 3440 3545 ωιιου

1861 3602 1879 3634 ι
1918 3583 2276 3637 turbationem
2321 3582 2481 3652 gladii
2525 3583 2667 3637 acuti
2707 3591 2760 3636 et
2799 3581 2968 3634 limati
2999 3580 3065 3634 ad
3098 3578 3425 3650 fulgendum,

1860 3692 1878 3725 ι
1916 3673 2098 3728 amicti
2123 3672 2189 3726 ad
2216 3674 2435 3727 caedem.
2460 3671 2756 3733 Exacuere,
2782 3670 2913 3724 vade
2932 3669 2999 3724 ad
3025 3671 3297 3725 dexteram
3314 3671 3428 3725 sive

1861 3782 1878 3814 σ
1916 3764 1983 3818 ad
2020 3764 2295 3818 sinistram
2325 3777 2642 3833 quocunque
2689 3762 2843 3817 taciei
2876 3768 2981 3815 tuae
3017 3770 3102 3816 est
3140 3762 3425 3831 appetitus,

1860 3874 1879 3906 ι
1913 3856 2043 3925 quin
2071 3864 2124 3910 et
2148 3870 2247 3925 ego
2283 3854 2531 3924 plaudam
2573 3869 2733 3909 manu
2765 3857 2831 3910 ad
2858 3870 3090 3918 manum,
3115 3862 3169 3909 et
3199 3854 3430 3923 implebo

1862 3966 1880 3997 ι
1920 3947 2337 4016 indignationem
2364 3961 2561 4010 meam,
2592 3962 2690 4018 ego
2720 3947 2976 4003 Dominus
2998 3944 3370 4011 locutus‘sum,
3404 3967 3423 4000 ι

1855 4044 1961 4090 etc.
2003 4034 2224 4089 Multum
2250 4043 2334 4089 est
2359 4036 2401 4088 si
2434 4043 2714 4105 utramque
2740 4051 2932 4106 ponam
2960 4037 3264 4101 editionem,
3290 4045 3344 4091 et
3367 4038 3430 4091 li-

1855 4126 2073 4180 brorum
2100 4126 2405 4180 extenditur
2428 4126 2724 4196 longitudo,
2758 4127 2991 4181 maxime
3024 4128 3115 4182 ubi
3164 4136 3258 4182 aut
3284 4128 3427 4183 nulla

1857 4223 1948 4268 aut
1972 4229 2137 4283 parva
2166 4215 2421 4269 distantia
2467 4226 2567 4278 est,
2601 4230 2793 4284 ponam
2822 4216 2986 4285 igitur
3026 4216 3277 4271 nonnulla
3312 4232 3429 4286 qua:

1857 4306 2164 4375 discrepant
2190 4320 2289 4375 pro
2312 4320 2376 4359 eo
2402 4306 2543 4373 quod
2572 4320 2669 4359 nos
2692 4305 2924 4359 diximus
2948 4324 2960 4358 :
2986 4304 3084 4371 Qui
3112 4320 3294 4360 moves
3316 4312 3429 4362 see-

1856 4405 2033 4465 ptrum
2058 4395 2151 4448 filii
2180 4395 2304 4459 mei,
2337 4394 2612 4449 succldisti
2651 4410 2809 4448 omne
2839 4394 3061 4465 lignum.
3097 4415 3116 4447 ι
3146 4395 3219 4448 Illi
3250 4404 3427 4460 trans-

1856 4488 2095 4543 tulerunt
2131 4527 2147 4551 ,
2210 4505 2229 4537 ι
2290 4486 2566 4550 lntcrflce,
2628 4496 2948 4553 contemne,
3018 4487 3214 4556 repelle
3269 4504 3429 4545 omne

177 4553 491 4646 Ingemisce,
521 4553 786 4644 inquit,et
809 4573 943 4642 ejula
1020 4553 1134 4632 non
1162 4577 1265 4632 levi
1297 4594 1427 4634 voce
1451 4594 1549 4634 nec
1572 4580 1755 4636 dolore
1786 4553 1831 4611 θ
1858 4578 2079 4649 lignum.
2120 4597 2138 4629 ι
2182 4578 2414 4631 Rursum
2444 4577 2531 4631 ubi
2565 4593 2662 4631 nos
2700 4578 2962 4643 diximus,
3003 4598 3021 4629 ι
3054 4553 3151 4645 Qui
3184 4579 3429 4651 fugerant

176 4668 479 4731 moderato,
525 4668 619 4737 sed
648 4667 702 4721 in
729 4668 1053 4722 contritione
1078 4668 1399 4737 lumborum,
1428 4679 1488 4726 ut
1525 4672 1754 4741 gemitus

178 4768 307 4814 tuus
332 4772 395 4813 ex
426 4758 550 4813 imis
576 4758 875 4813 visceribus
910 4767 967 4812 et
995 4760 1352 4816 amaritudine
1380 4763 1541 4816 animi
1573 4762 1753 4833 profc-

178 4858 353 4901 ratur.
394 4846 461 4901 Et
484 4847 588 4901 hoc
608 4844 773 4899 facies
800 4861 981 4900 coram
1008 4848 1107 4913 eis,
1132 4856 1192 4902 ut
1224 4863 1345 4904 cum
1377 4859 1430 4906 te
1456 4850 1755 4921 interroga-

176 4936 358 4990 verint
392 4951 489 4991 cur
522 4944 672 4989 tanto
706 4936 906 5004 gemitu
932 4940 1249 5002 conteraris,
1278 4940 1481 5010 etquid
1510 4941 1601 4997 tibi
1625 4942 1749 4995 mali

177 5026 458 5088 acciderit,
507 5031 569 5079 ut
613 5024 694 5080 sic
740 5024 1092 5095 ingemescas,
1137 5034 1191 5081 tu
1233 5029 1311 5083 eis
1353 5045 1470 5083 meo
1507 5043 1754 5085 sermone

179 5114 511 5182 respondeas
535 5132 548 5167 :
576 5113 778 5169 idcirco
811 5115 1022 5187 plango,
1068 5124 1122 5170 et
1161 5117 1397 5171 dolorem
1438 5120 1615 5174 cordis
1648 5120 1751 5173 mei

179 5202 522 5257 dissimulare
544 5219 646 5258 non
676 5205 844 5270 valeo,
872 5206 997 5274 quia
1022 5206 1234 5261 auditus
1258 5207 1348 5275 qui
1378 5222 1591 5276 semper
1620 5209 1752 5264 meis

178 5294 404 5348 auribus
424 5292 758 5359 insonuerat,
785 5310 945 5364 opere
970 5295 1289 5364 completur,
1311 5304 1363 5350 et
1389 5298 1534 5351 venit
1578 5298 1754 5353 immi-

180 5399 316 5439 nens
345 5383 593 5439 videlicet
623 5386 897 5458 Babylonii
923 5385 1151 5440 furcntis
1183 5386 1479 5451 exercitus;
1505 5386 1596 5456 qui
1629 5402 1750 5441 cum

180 5474 390 5528 venerit
422 5483 476 5529 et
506 5472 786 5529 vallaverit
810 5473 1129 5539 Jerusalem,
1159 5482 1284 5528 tunc
1319 5474 1555 5529 tabescet
1596 5489 1753 5529 omne

179 5578 296 5626 cor,
339 5571 396 5618 et
432 5562 791 5619 dissolventur
817 5564 1080 5619 universa
1116 5578 1325 5627 manus,
1364 5575 1421 5616 ut
1458 5572 1753 5634 occupante

175 5666 379 5721 pavore
412 5660 621 5707 mentes
649 5653 941 5717 hominum,
976 5653 1151 5709 nullus
1192 5652 1388 5707 audeat
1430 5668 1749 5723 repugnare.

179 5743 546 5799 infirmabitur
591 5744 731 5812 enim
777 5745 1013 5799 omnium
1054 5744 1372 5800 bellatorum
1414 5746 1653 5816 spiritus,
1702 5755 1753 5800 ct

1859 4668 2035 4739 gladio
2090 4667 2269 4721 traditi
2314 4675 2461 4731 sunt,
2502 4686 2520 4719 ι
2560 4676 2615 4721 et
2656 4667 2726 4721 illi
2782 4676 2835 4721 et
2880 4668 2968 4721 alii
3021 4671 3427 4736 transtulerunt,

1864 4776 1885 4808 ι
1914 4757 2148 4827 hospites
2166 4756 2271 4811 mei
2296 4756 2407 4811 sive
2430 4757 2775 4811 habitatores.
2801 4777 2819 4809 ι
2842 4757 2907 4811 Et
2928 4758 3015 4811 ubi
3038 4772 3134 4814 nos
3154 4757 3386 4815 diximus
3410 4780 3428 4815 τ

1866 4866 1887 4901 ι
1923 4848 2121 4902 Plaude
2171 4864 2333 4919 super
2372 4846 2567 4912 femur,
2612 4856 2633 4899 ι
2669 4849 2742 4903 illi
2787 4858 3104 4917 posuerunt,
3153 4868 3173 4901 ι
3202 4849 3433 4906 Ρειυιιιθ

1856 4954 2037 4992 manu.
2096 4957 2114 4990 ι
2152 4938 2217 4991 Ει
2256 4939 2343 4993 ubi
2385 4938 2753 4992 transtulimus
2788 4956 2800 4991 :
2840 4956 2858 4988 ι
2897 4939 2963 4992 Ει
3005 4941 3108 4995 bac
3152 4953 3273 4993 cum
3312 4956 3427 4995 sce-

1853 5036 2034 5097 ptrum
2061 5027 2397 5090 subvenerit,
2421 5046 2440 5078 ι
2472 5026 2677 5079 illorum
2701 5026 2862 5081 habet
2884 5027 3069 5094 editio,
3099 5046 3117 5079 ι
3141 5029 3312 5082 tribus
3340 5045 3428 5083 re-

1856 5119 2009 5188 pulsa
2034 5128 2134 5173 est.
2165 5138 2185 5169 »
2225 5118 2487 5187 Loquitur
2513 5127 2690 5173 autem
2718 5119 2784 5172 ad
2820 5119 3052 5189 gladium
3083 5118 3433 5174 Nabuchodo—

1856 5222 2041 5269 nosor,
2059 5217 2117 5260 ut
2139 5207 2316 5275 veniat
2337 5216 2524 5261 contra
2546 5206 2862 5271 Jerusalem,
2887 5217 3249 5263 etexacuatur
3269 5217 3431 5278 atque

1857 5296 2090 5358 limetur,
2132 5295 2329 5351 multos
2369 5298 2513 5351 enim
2555 5312 2673 5351 esse
2706 5298 3013 5363 caedendos,
3053 5306 3106 5352 et
3148 5300 3214 5353 ad
3254 5300 3429 5368 ipsum

1858 5387 2237 5458 apostropham
2266 5386 2395 5442 facit
2421 5406 2433 5441 :
2462 5388 2537 5441 Tu
2567 5402 2626 5442 es
2654 5388 2742 5457 qui
2771 5402 2951 5443 moves
2975 5398 3137 5457 atque
3165 5390 3432 5445 subvertis

1856 5487 2126 5548 sceptrum
2158 5478 2252 5532 lilii
2284 5480 2413 5543 mei,
2452 5480 2736 5548 imperium
2765 5477 3011 5535 videlicet
3036 5481 3213 5551 populi
3242 5481 3429 5547 Israel,

1856 5579 1910 5624 et
1928 5581 2085 5623 omne
2110 5568 2311 5639 lignum
2351 5569 2602 5633 succidis,
2633 5569 2936 5623 universam
2973 5570 3151 5639 populi
3188 5570 3429 5625 multitu-

1855 5658 2053 5712 dinem.
2089 5657 2236 5720 Dedi,
2262 5656 2453 5727 iuquit,
2473 5658 2631 5711 istum
2658 5658 2887 5730 gladium
2915 5667 2973 5711 ut
3002 5667 3247 5714 teneatur
3272 5676 3431 5715 manu

1856 5746 2347 5802 Nabuchodonosor
2384 5757 2437 5802 ct
2482 5748 2546 5802 sit
2584 5748 2635 5801 in
2686 5763 2847 5802 manu
2895 5748 2995 5802 viri
3046 5750 3429 5805 robustissimi.
