3936 6342
521 419 617 474 73!

1168 418 1229 471 Β.
1271 415 1517 470 RABANI
1559 414 1775 470 MAURI
1811 414 2126 469 ARCIIIEP.
2168 413 2477 469 MOGUNT.
2516 411 2800 469 OPERUM
2838 410 3018 469 PARS
3053 374 3115 465 Ili

3676 416 3784 469 739.

524 531 676 587 Unde
706 548 739 586 ο
768 530 1025 601 propheta
1055 529 1227 585 clama
1271 538 1325 583 et
1355 530 1495 583 ulula
1518 570 1532 592 ,
1566 538 1622 583 et
1663 527 1803 582 mala
1836 527 2092 581 instantia
2122 530 2172 589 Α
2201 535 2287 579 tur
2316 526 2441 579 illud
2483 525 2625 595 quod
2660 526 2917 595 scriptum
2950 535 3063 581 est:
3087 516 3222 592 Quid
3248 526 3417 595 paleis
3446 527 3515 581 ad
3545 524 3811 592 fremens

521 624 669 678 vocis
696 622 1077 677 lamentatione
1096 630 1315 676 testare.
1337 620 1437 675 llic
1461 619 1666 690 gladius
1684 618 1811 671 nulli
1833 618 2089 688 pepercit,

522 728 624 768 nec
658 713 885 783 aliquem
914 712 1308 766 imminentium
1349 709 1613 764 malorum
1648 707 1863 776 reliquit
1895 722 2091 776 expcr-
2128 778 2133 783 _

523 812 663 865 tem;
697 800 870 855 factus
912 809 996 854 est
1026 800 1079 853 in
1106 798 1317 869 populo,
1353 796 1523 853 factus
1563 798 1617 850 in
1646 795 1871 851 ducibus
1909 794 2092 858 Israel,

522 891 696 944 factus
720 889 782 942 in‘
806 887 1107 957 hospitibus
1134 887 1270 941 meis
1296 900 1360 940 ac
1394 884 1780 948 sacerdotibus,
1818 883 1909 952 qui
1938 883 2093 936 habi-

422 1036 433 1049 ,
522 984 704 1037 tabant
737 981 791 1035 in
814 978 1013 1051 templo
1036 994 1179 1055 meo.
1220 978 1425 1033 Idcirco
1457 995 1475 1027 ι
1500 975 1724 1030 Percute
1765 974 1941 1029 femur
1984 974 2098 1028 sive

519 1087 757 1137 manum,
802 1078 856 1124 et
890 1069 1129 1123 habitum
1164 1065 1463 1136 plangentis
1495 1079 1727 1119 assume.
1769 1084 1786 1115 ι
1821 1063 1920 1117 llic
1953 1062 2096 1115 enim

519 1161 727 1230 gladius
746 1159 1001 1229 probatus
1020 1166 1103 1212 est
1118 1157 1269 1210 mihi.
1288 1156 1354 1208 Et
1373 1156 1472 1208 hoc
1492 1169 1613 1207 cum
1632 1162 1900 1222 sceptrum
1918 1165 2094 1205 meum

518 1267 848 1323 regnumque
880 1250 1225 1313 subverterit,
1265 1247 1407 1316 quod
1448 1247 1586 1300 ultra
1632 1262 1735 1299 non
1778 1246 1904 1308 erit,
1942 1254 1997 1299 et
2043 1244 2095 1297 in

518 1344 740 1401 Scdecia
774 1358 897 1412 rege
928 1328 1157 1395 ﬁnietur.
1193 1339 1390 1393 Iterum
1434 1339 1548 1401 tibi,
1578 1337 1867 1405 Propheta,
1907 1336 2092 1405 jubco,

518 1446 575 1491 nt
601 1436 688 1505 qui
735 1434 911 1489 femur
944 1445 1310 1502 percusseras,
1342 1444 1438 1497 pro
1470 1437 1685 1496 stupore
1734 1434 1787 1481 et
1836 1427 2094 1481 miraculo

516 1525 809 1595 percutias,
834 1530 890 1577 et
930 1536 1141 1584 manus,
1182 1530 1241 1587 ut
1283 1535 1388 1574 non
1438 1520 1611 1573 solum
1651 1517 1837 1580 semel,
1870 1516 1970 1575 sed
2012 1531 2095 1571 sc-

518 1616 692 1670 cnndo
740 1629 803 1668 ac
844 1613 1004 1667 tertio
1040 1611 1245 1679 gladius
1290 1610 1468 1661 veniat
1509 1609 1575 1662 ad
1623 1607 2049 1661 interﬁciendum
2076 1648 2091 1671 ,

516 1705 690 1774 primo
735 1704 879 1757 enim
918 1710 1139 1755 venerat
1178 1697 1686 1762 Nabuchodonosor,
1734 1690 1946 1766 quando
1977 1696 2095 1750 tulit

514 1794 777 1848 Joachim.
831 1792 897 1845 Et
940 1790 1180 1846 'secundo
1236 1788 1452 1858 quando
1512 1790 1784 1858 regnabat
1825 1787 2087 1843 Joachim.

2198 619 2353 673 tum?
2383 619 2512 673 dicit
2542 617 2818 672 Dominus.

2272 736 2291 768 ι
2335 718 2400 772 Et
2436 716 2610 773 factus
2636 727 2719 773 est
2757 732 2936 773 sermo
2975 718 3184 772 Domini
3220 717 3288 771 ad
3326 731 3411 771 me
3449 718 3682 772 dicens:
3717 717 3796 771 Et

2203 826 2221 857 ι
2258 816 2332 872 ιιι,
2366 808 2437 861 ﬁli
2474 808 2731 871 hominis,
2769 822 2906 876 pone
2936 808 3031 862 tibi
3068 808 3202 862 duas
3233 809 3346 862 vias
3372 816 3431 861 ut
3460 808 3647 861 veniat
3673 806 3793 877 gla-

2204 916 2222 947 ι
2256 898 2375 951 dius
2425 897 2567 967 regis
2610 897 2915 967 Babylonis.
2967 898 3042 951 De
3094 906 3236 951 terra
3286 912 3392 959 una
3440 896 3798 967 egredientur

2203 1006 2222 1040 ι
2257 988 2414 1042 ambo
2444 975 2463 1041 ε’
2487 997 2541 1060 et
2570 1002 2731 1041 manu
2757 986 2933 1055 capiet
2958 986 3317 1056 conjecturam
3348 1006 3359 1039 :
3393 988 3447 1041 in
3478 987 3657 1055 capite
3687 985 3796 1038 via:

2204 1098 2222 1130 ι
2256 1079 2491 1134 civitatis
2521 1077 2797 1145 conjiciet,
2826 1078 2969 1131 viam
2995 1093 3162 1147 pones
3188 1086 3247 1131 ut
3274 1080 3456 1132 veniat
3482 1078 3694 1146 gladius
3716 1076 3795 1129 ad

2204 1166 2505 1222 c-Bahbath
2554 1166 2786 1235 ﬁliorum
2820 1166 3049 1220 Autumn
3078 1176 3131 1221 et
3160 1166 3224 1219 ad
3250 1165 3442 1229 Judam
3472 1168 3525 1220 in
3566 1166 3797 1221 Jerusa-

2203 1276 2221 1305 ι
2258 1257 2361 1311 lem
2396 1256 2832 1311 munitissimam.
2877 1255 3040 1310 Stetit
3088 1257 3363 1309 enim'rex
3407 1255 3699 1326 Babylonis
3728 1256 3793 1309 in

2203 1368 2220 1399 ι
2258 1349 2491 1415 bivio,in
2523 1344 2699 1417 capite
2724 1348 2951 1402 duarum
2980 1348 3189 1400 viarum
3221 1347 3608 1401 divinationem
3632 1361 3791 1414 qua:-

2202 1459 2219 1491 ι
2256 1455 2399 1503 rens,
2416 1440 2773 1494 commiscens
2803 1434 3055 1508 sagittas;
3087 1438 3439 1508 interrogavit
3467 1434 3635 1509 idola,
3657 1444 3793 1490 exta

2201 1552 2217 1582 ι
2252 1531 2537 1587 consuluit.
2588 1532 2669 1585 Ad
2716 1532 2993 1587 dexteram
3042 1528 3159 1598 ejus
3205 1528 3343 1584 facta
3389 1540 3472 1585 est
3519 1529 3793 1584 divinatio

2155 1668 2159 1672 .
2199 1643 2216 1673 ι
2255 1638 2415 1693 super
2452 1621 2785 1687 Jerusalem,
2820 1633 2878 1677 ut
2918 1630 3085 1692 ponat
3124 1622 3345 1686 arietes,
3384 1630 3445 1676 ut
3482 1621 3695 1691 aperiat
3718 1634 3794 1675 os

2199 1733 2216 1765 ι
2254 1716 2306 1769 in
2343 1714 2521 1779 caede,
2572 1722 2630 1766 ut
2676 1713 2848 1768 elevet
2900 1727 3086 1767 vocem
3138 1712 3191 1766 in
3235 1698 3459 1775 ululatu,
3504 1720 3566 1764 ut
3613 1718 3792 1780 ponat

2203 1824 2219 1856 ι
2254 1806 2455 1860 arietes
2496 1814 2683 1859 contra
2728 1814 2933 1873 portas,
2978 1813 3038 1857 ut
3080 1811 3379 1874 comportet
3416 1819 3698 1874 aggerem,
3723 1812 3793 1858 ut

491 1885 714 1962 Tertio
746 1882 959 1951 quando
994 1880 1267 1935 Sedecias.
1320 1879 1386 1932 Et
1422 1878 1509 1933 hic
1551 1887 1634 1932 est
1674 1878 1881 1950 gladius
1925 1878 2085 1947 tripli-

2203 1914 2219 1943 ι
2257 1895 2482 1950 :ediﬁcet
2504 1896 2847 1949 munitiones.
2888 1895 3108 1965 Eritque
3141 1894 3295 1965 quasi
3337 1895 3631 1949 consulens
3667 1894 3790 1949 frn-

512 1987 686 2040 catns,
724 1973 939 2043 quando
975 1972 1115 2026 facta
1150 1979 1233 2025 est
1258 1985 1450 2041 magna
1476 1970 1699 2033 occisio,
1727 1977 1782 2023 et
1825 1970 2089 2023 intantum

512 2066 883 2136 multiplicavit
904 2064 1106 2125 ruinas,
1125 2063 1637 2131 utobstupcsccrcnt
1660 2061 1839 2135 animo
1856 2069 1907 2114 et
1928 2060 2091 2114 corde

512 2159 868 2219 tabescerent,
895 2164 949 2208 et
988 2154 1041 2207 in
1071 2152 1319 2206 onttiibus
1358 2150 1528 2221 portis
1557 2165 1741 2204 eorum
1772 2150 1925 2204 daret
1948 2165 2099 2204 cont

511 2246 915 2308 turbationem;
966 2242 1279 2312 prmcipitur
1324 2255 1454 2311 ergo
1504 2240 1599 2305 illi,
1630 2240 1732 2294 hoc
1780 2248 1881 2305 est,
1912 2239 2089 2310 gladio

504 2347 666 2392 acuto
684 2343 739 2390 ct
762 2336 948 2390 limato
969 2334 1036 2387 ad
1059 2332 1386 2403 fulgendum,
1426 2332 1728 2401 amictoque
1757 2340 1811 2385 et
1838 2333 2089 2401 expedito

506 2436 563 2481 et
590 2434 781 2497 parato
801 2424 872 2479 ad
897 2424 1119 2488 eadem,
1157 2432 1217 2476 ut
1248 2423 1408 2476 vadat
1446 2421 1559 2475 sive
1591 2423 1658 2475 ad
1688 2422 1972 2475 dexteram
2000 2440 2089 2476 vo-

507 2519 691 2584 luerit,
721 2517 836 2573 sive
860 2516 929 2570 ad
954 2515 1231 2570 sinistram
1257 2530 1269 2565 :
1293 2528 1654 2583 quocumque,
1676 2512 1770 2577 ait,
1794 2512 1949 2567 faciei
1986 2521 2088 2569 tuae

505 2611 788 2684 placuerit,
812 2608 1069 2663 audacter
1093 2607 1397 2676 ingredere,
1423 2619 1507 2658 me
1532 2604 1733 2657 habens
1757 2604 1969 2669 ducem,
2002 2619 2088 2658 me

508 2703 807 2771 adjutorem
836 2718 850 2752 :
884 2716 902 2749 ι
936 2698 1047 2768 Ego
1080 2696 1330 2767 plaudam
1380 2710 1539 2748 manu
1573 2694 1640 2749 ad
1678 2709 1917 2758 manum,
1969 2713 1986 2745 ι
2029 2701 2090 2747 ιιι

507 2792 816 2847 saevientem
849 2798 900 2845 te
929 2799 1118 2845 contra
1146 2786 1484 2842 adversarios
1512 2800 1676 2847 meos,
1710 2786 1865 2855 quasi
1906 2784 2088 2840 fautor

506 2894 630 2939 tuus
656 2893 711 2938 et
732 2884 1047 2939 exhortator
1075 2879 1341 2949 instigem.
1361 2878 1437 2931 Ne
1466 2876 1696 2940 dubites,
1715 2892 1781 2931 ne
1806 2875 2083 2942 formides,

506 2896 630 2939 “IIIS
656 2896 711 2938 ει
732 2896 1047 2939 ΘΧΙΙΟΙἹἎῘΟΓ
1075 2896 1268 2949 msugc
1287 2896 1341 2931 II.
1361 2896 1437 2931 ne
1466 2896 1696 2940 UUDIleS,
1715 2896 1781 2931 ne
1806 2896 2083 2942 IOl'lIlIGCS,

434 3040 437 3045 _
504 2984 563 3029 et
605 2974 717 3045 pati
762 2974 957 3028 timeas
996 2971 1137 3041 quod
1180 2896 1370 3040 pas‘sus
1421 2977 1502 3022 est
1544 2968 1929 3023 Sennacherib.
1975 2969 2086 3039 Ego

511 3065 768 3119 Dominus
807 3080 924 3119 sum
966 3048 1194 3139 locutus,
1235 3076 1367 3114 mea:
1401 3060 1659 3123 ,ministcr
1686 3074 1744 3113 es
1769 3060 2083 3123 voluntatis,

507 3170 679 3210 meam
707 3152 914 3222 comple
938 3150 1278 3213 sententiam,
1308 3163 1596 3217 possumus
1615 3147 1771 3216 juxta
1796 3150 2083 3221 ’Δναγωσγήν

506 3247 739 3316 gladium
788 3254 1003 3301 acutum
1070 3252 1424 3313 paratumque
1492 3245 1558 3297 ad
1628 3242 1865 3307 caedem,

505 3351 637 3407 pere
680 3334 987 3398 diabolum,
1044 3332 1111 3387 de
1171 3348 1277 3402 quo
1338 3334 1412 3386 ait
1462 3332 1747 3401 Apostolus
1800 3347 1813 3385 :
1880 3351 1897 3382 ι
1952 3332 2082 3385 Tra-

505 3428 636 3482 dere
668 3424 1044 3495 .hujusCemodi
1068 3482 1069 3485 η
1096 3422 1313 3477 Satanas
1362 3423 1415 3477 in
1474 3424 1751 3477 interitum
1783 3424 1983 3487 carnis,
2026 3432 2085 3477 ut

504 3518 729 3588 spiritus
781 3507 961 3572 salvus
1000 3514 1091 3569 ﬁat
1130 3514 1192 3585 (Ι
1220 3514 1342 3569 Cor.
1388 3513 1481 3586 ν).
1535 3535 1552 3565 ι
1594 3514 1659 3568 Et
1699 3514 1751 3568 in
1783 3515 1887 3568 alio
1919 3514 2079 3569 loco:

511 3629 531 3665 ι
569 3611 890 3683 Hymenaeus
910 3618 965 3664 et
1005 3608 1330 3672 Alexander,
1364 3622 1499 3677 quos
1542 3608 1737 3661 tradidi
1780 3605 1993 3663 Satana:
2027 3617 2087 3662 ut

505 3705 715 3759 discant
743 3718 847 3757 non
874 3701 1318 3773 blasphemare(1
1346 3701 1480 3754 Tim.
1506 3701 1565 3767 I).
1601 3721 1619 3754 ι
1652 3701 1719 3755 Et
1770 3702 1821 3755 in
1867 3702 2085 3770 psalmis

502 3794 763 3864 scriptum
789 3803 903 3848 est:
927 3812 945 3845 ι
969 3794 1111 3848 Misit
1137 3793 1462 3857 l‘urorem,et
1492 3794 1649 3857 iram,
1677 3801 1732 3847 et
1761 3794 2080 3864 angustiam,

505 3884 892 3939 immissionem
921 3899 1018 3955 per
1052 3884 1270 3954 angelos
1302 3883 1565 3953 pessimos
1596 3880 1767 3949 (Ρεαι.
1796 3881 2021 3953 Lxxvn).
2056 3901 2075 3933 ι

508 3973 660 4028 llunc
685 3974 901 4042 quidam
931 3981 1119 4043 putant
1156 3972 1388 4042 gladium
1417 3979 1471 4025 et
1512 3972 1562 4024 in
1595 3986 1754 4023 manu
1786 3968 1949 4025 fuisse
1982 3986 2079 4024 an-

505 4064 651 4133 geli,
690 4066 904 4134 quando
968 4064 1066 4119 sub
1110 4063 1276 4117 David
1321 4062 1722 4133 percutiebatur
1764 4061 2079 4117 Jerusalem.

504 4155 610 4210 Alii
650 4163 828 4210 autem
857 4162 913 4210 et
936 4155 1003 4210 de
1029 4154 1120 4208 illo
1148 4155 1251 4209 dici
1288 4154 1466 4225 gladio
1495 4155 1853 4223 suspicantur,
1887 4154 1950 4208 de
1976 4167 2082 4222 quo

508 4246 560 4299 in
592 4246 881 4317 Evangelio
919 4248 1173 4316 scriptum
1202 4255 1287 4299 est
1322 4267 1333 4300 :
1374 4266 1391 4294 ι
1436 4245 1549 4300 Non
1586 4245 1703 4299 veni
1740 4260 1923 4313 pacem
1960 4245 2083 4299 mit-

507 4345 620 4390 tere
649 4350 811 4407 super
838 4346 1069 4401 terram,
1099 4338 1195 4390 sed
1221 4336 1455 4406 gladium
1490 4335 1703 4406 (Matth.
1736 4335 1791 4401 x)
1812 4376 1827 4399 ,
1866 4355 1883 4386 ι
1926 4344 1979 4390 et
2003 4336 2082 4390 di-

505 4428 689 4482 videre
717 4428 855 4481 inter
882 4443 940 4482 se
967 4442 1180 4482 omnem
1209 4428 1689 4498 consanguinitatis
1716 4426 1995 4491 affectum,
2025 4438 2082 4482 ut

1942 3244 2083 3296 acci-
2112 3244 2154 3269 υ

2201 2004 2219 2036 ι
2255 1995 2365 2040 stra
2385 1986 2661 2041 oraculum
2689 1987 2744 2039 in
2764 1986 2935 2039 oculis
2955 2001 3145 2039 eorum
3161 1994 3217 2039 et
3236 1984 3583 2039 sabbatorum
3606 1986 3786 2039 otium

2200 2096 2216 2127 ι
2257 2078 2471 2132 imitans
2516 2097 2526 2130 :
2574 2078 2687 2146 ipse
2732 2085 2915 2130 autem
2949 2076 3315 2132 recordabitur
3361 2076 3668 2145 iniquitatis
3712 2075 3787 2129 ad

2199 2185 2214 2215 ι
2253 2165 2591 2234 capiendum.
2635 2164 2842 2219 Idcirco
2874 2166 2988 2219 hmo
3018 2164 3147 2218 dicit
3184 2148 3441 2218 Dominus
3474 2163 3645 2225 Deus,
3680 2179 3788 2233 pro

2197 2274 2213 2305 ι
2249 2271 2314 2310 eo
2343 2255 2486 2325 quod
2535 2255 2587 2309 in
2634 2256 2953 2309 memoriam
2999 2254 3293 2315 revocastis
3336 2254 3654 2325 iniquitates
3685 2271 3787 2309 ve-

2197 2363 2213 2395 ι
2250 2352 2407 2407 stras,
2436 2352 2492 2399 et
2519 2344 2799 2399 revelastis
2828 2345 3301 2414 praevaricationes
3324 2352 3553 2408 vestras,
3582 2356 3641 2399 et
3678 2361 3786 2415 ap-

2196 2455 2213 2486 ‹
2248 2444 2541 2505 paruerunt
2570 2446 2786 2507 peccata
2818 2446 2998 2492 vestra
3042 2440 3095 2493 in
3134 2440 3382 2494 omnibus
3428 2441 3782 2511 cogitationi-

2195 2543 2213 2575 ι
2250 2526 2350 2580 bus
2370 2528 2593 2591 vestris;
2610 2544 2708 2597 pro
2727 2544 2814 2593 eo,
2834 2529 3076 2598 inquam,
3092 2531 3233 2600 quod
3261 2530 3313 2585 in
3338 2518 3655 2587 memoriam
3686 2548 3782 2587 re-

2193 2633 2213 2666 ι
2250 2619 2501 2682 vocastis,
2539 2634 2699 2672 manu
2735 2621 3039 2689 capiemini.
3078 2640 3097 2672 ›
3134 2620 3399 2693 (Ηίει-οη.)
3444 2621 3568 2677 Scio
3598 2638 3691 2677 me
3724 2627 3784 2677 in

2189 2706 2293 2761 hoc
2331 2707 2450 2762 loco
2483 2706 2636 2775 juxta
2663 2708 2806 2762 LXX
2837 2710 3154 2778 interpretes
3194 2710 3539 2780 multiplicem
3576 2712 3785 2781 legisse

2187 2797 2575 2867 expositionem
2604 2799 2846 2853 Rabbath
2874 2799 3103 2854 ﬁliorum
3131 2800 3361 2855 Ammon
3389 2800 3676 2857 referentis
3705 2802 3784 2858 ad

2188 2888 2425 2957 gentium
2450 2888 2724 2959 populum,
2752 2888 2943 2944 Judam
2975 2905 3103 2944 vero
3142 2898 3197 2945 et
3246 2890 3544 2945 Jerusalem
3578 2890 3647 2945 ad
3676 2904 3783 2946 eos

2188 2980 2279 3047 qui
2318 2980 2418 3034 sub
2445 2970 2645 3034 Christi
2677 2980 2892 3035 nomine
2918 2988 3332 3051 congregantur,
3372 2988 3427 3033 et
3456 2978 3602 3034 factis
3624 2980 3781 3035 dant

2188 3070 2420 3125 nominis
2454 3072 2787 3143 dignitatem,
2822 3086 3110 3142 regemque
3140 3070 3467 3127 confusionis
3494 3072 3778 3127 diabolum

2188 3173 2334 3217 stare
2365 3164 2418 3217 in
2446 3164 2593 3219 omni
2619 3164 2823 3225 viarum
2860 3164 3036 3234 capite
3074 3172 3130 3218 et
3170 3164 3409 3218 insidiari
3448 3164 3502 3221 in
3529 3162 3777 3227 occulto,

2187 3255 2503 3326 implerique
2539 3255 2687 3309 illum
2711 3254 3037 3310 versiculum
3064 3273 3076 3309 :
3111 3274 3129 3307 ι
3158 3254 3317 3311 Juxta
3344 3255 3583 3310 semitam
3606 3270 3778 3311 scau-

2146 3416 2147 3419 η
2184 3344 2364 3398 dalum
2394 3353 2690 3413 posuerunt
2712 3344 2841 3398 mihi
2866 3342 3039 3416 (Psal.
3060 3345 3300 3415 cxxxtx).
3331 3363 3351 3399 ι
3380 3344 3442 3398 Et
3472 3352 3608 3399 stare
3637 3360 3774 3399 eum

2185 3434 2238 3488 in
2270 3435 2434 3499 bivio,
2465 3436 2545 3489 vel
2573 3450 2685 3499 eos,
2714 3436 2805 3504 qui
2835 3436 2919 3490 sui
2950 3444 3078 3490 sunt
3106 3445 3289 3491 tenere
3323 3437 3647 3506 cupientem,
3682 3438 3774 3493 πει

2185 3541 2385 3580 novum
2417 3526 2518 3580 sibi
2544 3526 2826 3595 acquirere
2862 3526 3177 3597 servitium,
3219 3534 3272 3582 et
3306 3535 3513 3595 semper
3540 3524 3604 3578 ad
3636 3525 3775 3580 dex-

2184 3624 2361 3670 teram
2395 3629 2639 3685 pergere,
2669 3616 2734 3670 ad
2764 3632 2858 3671 eos
2896 3616 3102 3671 scilicet
3128 3616 3219 3685 qui
3257 3616 3310 3669 in
3354 3616 3570 3677 dextera
3603 3627 3775 3683 parte

2183 3720 2309 3763 sunt
2345 3710 2527 3779 positi,
2556 3718 2615 3763 ut
2637 3718 2904 3780 expugnet
2929 3725 3044 3773 eos,
3074 3718 3132 3763 ut
3156 3708 3390 3763 exsultet
3425 3710 3474 3763 in
3497 3704 3673 3771 'czede,
3711 3720 3773 3761 ut

2184 3800 2441 3854 arietibus
2471 3808 2527 3854 et
2568 3800 2917 3869 congestione
2944 3814 3168 3878 operum
3209 3806 3539 3852 terrenarum
3580 3798 3773 3867 capiat

2182 3890 2435 3945 miseram
2483 3888 2805 3944 Jerusalem.
2854 3888 2921 3942 Et
2962 3888 3138 3958 primo
3167 3888 3385 3956 quidem
3416 3895 3472 3941 ut
3510 3887 3773 3942 videatur

2182 3980 2232 4035 ei
2271 3980 2403 4034 nihil
2430 3993 2589 4049 agere
2609 3983 2671 4033 'ct
2698 3978 2896 4033 frustra
2923 3977 3127 4032 Conari.
3164 3976 3261 4031 Illo
3287 3962 3415 4030 vero
3444 3977 3771 4031 recordante

2183 4068 2495 4137 iniquitates
2528 4067 2844 4135 corum,qui
2870 4066 2922 4119 in
2957 4060 3185 4120 ecclesia
3212 4074 3628 4129 commorantur,
3655 4065 3769 4120 imo

2183 4158 2339 4221 malis
2375 4159 2627 4228 operibus
2675 4158 2936 4211 reducunt
2983 4156 3319 4211 adversarias
3363 4165 3660 4226 potestates
3716 4160 3769 4211 in

2182 4248 2498 4302 memoriam
2544 4247 2805 4301 scelerum
2854 4247 3236 4315 pristinorum,
3282 4247 3533 4316 pateﬁunt
3574 4246 3768 4303 omnia

2180 4346 2401 4406 peccata
2428 4336 2606 4407 populi
2636 4346 2692 4391 et
2717 4336 3067 4406 cogitationes
3093 4350 3303 4399 eorum,
3330 4344 3385 4388 et
3436 4335 3637 4389 idcirco
3668 4352 3766 4390 ea-

2181 4428 2417 4497 piuntur,
2462 4428 2587 4496 quia
2619 4426 2771 4481 novis
2801 4435 2983 4480 vetera
3013 4424 3209 4479 delicta
3243 4425 3597 4479 cumularunt.
3632 4425 3768 4481 [hec
3804 4416 3809 4420 ’

505 4517 630 4573 mali
657 4529 913 4595 corruant
949 4526 1004 4571 et
1042 4518 1225 4580 sancti,
1248 4526 1545 4588 resurgant.
1581 4517 1685 4573 Sed
1724 4520 1824 4572 hoc
1858 4519 2079 4587 impium
2104 4545 2158 4604 D
2184 4519 2319 4573 alius
2369 4518 2565 4585 dixerit
2610 4518 2767 4572 nobis
2815 4526 3005 4587 coeptae
3045 4518 3282 4571 historia;
3330 4518 3523 4573 veritas
3570 4520 3765 4586 prose-

504 4616 588 4661 est
633 4600 852 4661 Credere
898 4608 964 4662 de
1010 4608 1185 4678 gladio
1229 4607 1527 4663 Salvatoris
1566 4619 1620 4663 et
1660 4605 1763 4663 non
1794 4610 1969 4679 potius
2012 4610 2078 4665 de

434 4770 437 4773 Α
505 4692 738 4763 diabolo,
769 4700 860 4769 qui
904 4700 1114 4754 Domini
1158 4701 1210 4753 in
1260 4700 1485 4755 ecclesia
1533 4710 1744 4770 sceptra
1793 4703 2076 4766 subvertit,

505 4788 596 4855 qni
629 4786 900 4841 interfecit
926 4798 1148 4843 cunctos
1178 4790 1229 4842 in
1255 4789 1471 4858 populo,
1499 4799 1553 4843 et
1578 4791 1739 4844 duces
1764 4798 1818 4843 et
1842 4791 2078 4858 hospites

482 4882 621 4939 ’Dei.
666 4885 730 4937 Et
771 4892 897 4939 tunc
923 4894 953 4939 a
982 4886 1208 4939 Domino
1231 4888 1612 4956 comprobatur
1636 4888 1846 4955 quando
1885 4888 2075 4942 Judam

505 4983 832 5051 proditorem
857 4992 912 5037 et
937 4984 1138 5039 similes
1166 4986 1281 5055 ejus
1304 4987 1648 5050 subverterit,
1676 4988 1765 5056 qui
1797 4996 2078 5057 postquam

506 5081 739 5135 comedit
765 5082 1077 5160 buccellam,
1101 5104 1119 5135 ι
1143 5084 1363 5139 intravit
1387 5086 1439 5139 in
1469 5086 1615 5139 illum
1639 5084 1869 5141 Satanas
1894 5086 2076 5157 (Joan.

508 5180 649 5249 xm).
684 5198 704 5230 ι
748 5179 1167 5250 Duplicaturque
1213 5190 1268 5237 et
1313 5182 1615 5252 triplicatur
1658 5183 1868 5252 gladius
1916 5184 2080 5239 inter-

509 5276 768 5331 fectorum
802 5288 879 5333 rut
928 5278 1192 5340 solvatur
1230 5291 1507 5350 peccatum
1571 5280 1895 5344 Jerusalem,
1952 5283 2077 5351 quia

509 5373 747 5442 suscepit
772 5374 836 5428 de
862 5390 1022 5427 manu
1053 5375 1261 5430 Domini
1290 5377 1517 5445 duplicia
1544 5387 1762 5445 peccata
1794 5394 1909 5431 sua.
1935 5375 2077 5431 Gau-

511 5472 600 5526 det
630 5482 803 5527 autem
835 5476 1089 5529 Dominus
1117 5484 1171 5531 et
1196 5477 1427 5532 exsultat
1449 5484 1503 5531 et
1532 5477 1773 5531 hortator
1798 5484 1881 5530 est
1914 5475 2075 5545 gladii

508 5571 777 5626 saevientis
812 5581 870 5627 ut
908 5574 1069 5627 vadat
1106 5575 1218 5629 sive
1258 5577 1324 5631 ad
1352 5577 1646 5640 dexteram,
1678 5578 1791 5631 sive
1836 5578 1901 5631 ad
1949 5578 2078 5632 sini-

482 5673 703 5731 stram,
736 5676 791 5720 et
814 5686 1129 5740 quocunque
1156 5686 1278 5725 eum
1318 5673 1472 5729 faciei
1511 5690 1621 5729 sum
1660 5676 1843 5729 tulerit
1876 5678 2080 5747 appeti-

503 5781 610 5835 tus,
642 5777 701 5823 ut
726 5770 1023 5827 interiectis
1050 5775 1204 5829 malis
1238 5786 1551 5830 remaneant
1584 5779 1735 5843 boni,
1776 5790 1828 5834 rt
1860 5782 2078 5850 implea-

2184 4609 2394 4678 qnenda
2430 4616 2530 4662 est.
2556 4608 2710 4685 cum,
2743 4608 2934 4676 inquit,
2969 4607 3193 4663 dixisset
3228 4608 3355 4662 mihi
3401 4622 3575 4663 sermo
3617 4611 3766 4664 divi-

2183 4716 2286 4754 nus
2311 4720 2321 4753 :
2354 4718 2371 4749 ι
2404 4694 2689 4767 Propheta,
2716 4697 2785 4750 ﬁli
2814 4697 3063 4759 hominis,
3089 4708 3143 4751 et
3167 4698 3385 4768 loquere
3410 4699 3474 4752 ad
3496 4698 3759 4770 gladium.

2170 4786 2237 4846 'et
2251 4792 2355 4845 dic:
2377 4790 2598 4846 Gladius
2613 4789 2838 4859 gladius,
2851 4807 2869 4839 ι
2889 4798 2942 4842 et
2960 4797 3151 4842 ccetera
3168 4803 3285 4856 qua:
3302 4789 3573 4857 prophetia
3589 4787 3759 4858 gladii

2184 4882 2545 4937 continentur.
2583 4898 2600 4931 ι
2635 4876 2879 4934 Secundo
2910 4877 3083 4931 factus
3120 4888 3204 4933 est
3233 4880 3300 4932 ad
3330 4893 3415 4932 me
3442 4891 3613 4931 sermo
3651 4879 3763 4933 Do-

2184 4974 2337 5035 mini,
2361 4960 2635 5025 dicensn
2671 4967 2783 5031 Vis,
2813 4968 2883 5022 ﬁli
2922 4968 3175 5031 hominis,
3208 4968 3347 5021 scire
3374 4968 3491 5036 quis
3536 4967 3638 5021 iste
3696 4971 3765 5024 sit

2180 5062 2407 5131 gladius,
2442 5069 2495 5114 et
2529 5060 2765 5127 apertius
2791 5071 3071 5126 personam
3104 5057 3310 5111 discere
3340 5056 3494 5125 gladii
3529 5059 3764 5113 smvien-

2180 5150 2280 5204 tis?
2324 5148 2577 5203 Ausculta
2604 5146 2871 5215 qum‘dico
2898 5164 2910 5198 :
2935 5159 3073 5213 pone
3098 5145 3233 5203 duas
3260 5145 3396 5209 vias,
3423 5154 3481 5199 ut
3507 5160 3603 5214 per
3633 5148 3763 5203 illas

2179 5239 2387 5307 gladius
2406 5238 2588 5291 veniat
2614 5222 2751 5307 regis
2771 5235 3076 5305 Babylonis,
3098 5236 3186 5305 qui
3209 5236 3513 5305 egredietur
3532 5235 3761 5304 quidem

2180 5343 2287 5381 uno
2314 5329 2502 5381 itinere
2524 5326 2915 5389 Chaldaeorum,
2946 5325 3038 5380 sed
3061 5341 3183 5381 cum
3208 5326 3415 5380 venerit
3442 5341 3535 5396 per
3562 5327 3761 5383 deser-

2178 5414 2290 5471 tum
2321 5425 2375 5471 et
2417 5417 2754 5471 solitudinem
2802 5417 2869 5470 ad
2911 5417 3110 5470 bivium
3152 5424 3310 5471 terra:
3353 5416 3585 5482 Arabim,
3626 5434 3761 5488 qua:

2180 5506 2474 5577 appellatur
2501 5506 2728 5559 ﬁliorum
2759 5506 3007 5571 Ammon,
3035 5522 3262 5574 quarum
3316 5521 3423 5559 una
3462 5507 3553 5559 avia
3589 5504 3759 5563 Jeruv

2179 5596 2343 5651 salem
2380 5596 2525 5651 ducit
2554 5594 2621 5648 ad
2666 5596 2913 5649 dextram
2953 5604 3161 5665 partem
3205 5610 3219 5648 :
3264 5595 3482 5650 sinistra
3528 5611 3665 5651 vero
3701 5599 3762 5653 ad

2181 5688 2421 5742 Bahbath
2460 5686 2687 5739 ﬁliorum
2720 5686 3117 5750 Amtnon,~qutc
3145 5694 3229 5740 est
3252 5684 3445 5739 civitas
3479 5694 3761 5757 metropo-

2182 5784 2335 5844 lis,ct
2370 5778 2524 5833 hodie
2552 5774 2913 5847 Philadelphia
2946 5777 3269 5832 nominatur.
3298 5776 3522 5843 Memor,
3558 5778 3757 5848 inquit,
