3936 6354
179 441 289 497 733

1108 450 1457 506 COMMENT.
1498 452 1566 507 1N
1604 454 2057 509 EZECIIIELEM.
2102 414 2166 491 -έ
2210 421 2336 510 Lm.
2382 458 2472 511 ix.

3340 463 3439 516 ’154

174 552 566 609 internecionis
607 570 726 623 quae
765 557 959 612 accidit
988 559 1101 628 regi
1124 560 1362 629 Assyrio,
1394 565 1606 632 quando
1641 579 1766 619 cen-
1792 568 1841 625 Α
1873 583 1891 615 ι
1928 565 2078 619 aufer
2103 566 2347 630 cidarim,
2375 568 2501 643 tolle
2528 575 2801 635 coronam,
2838 591 2854 623 ι
2886 573 3176 641 subjnnxit,
3216 595 3233 625 ι
3271 594 3442 649 neque

178 651 295 697 tum
331 644 602 714 octoginta
638 644 875 714 quinque
917 647 1082 701 millia
1109 665 1213 704 una
1260 660 1413 705 nocte
1444 660 1569 705 sunt
1602 668 1760 719 caesa,

180 732 493 787 formidabit
534 734 601 787 ad
648 745 857 803 partem
906 739 1179 792 dexteram
1229 740 1523 806 declinare,
1582 751 1637 796 et
1688 744 1765 798 ire

176 834 370 877 contra
399 825 809 879 munitissimam
839 825 1202 889 Hierusalem,
1236 831 1327 884 sed
1365 832 1530 886 stabit
1568 834 1622 886 in
1648 833 1764 900 ipso

177 915 436 982 compito,
472 924 526 969 et
567 917 669 970 ritu
711 919 885 985 gentis
932 934 1041 973 sum
1084 921 1358 975 oraculum
1402 923 1674 988 consulet,
1705 936 1763 979 ut

179 1009 365 1062 mittat
392 1010 615 1078 sagittas
658 1012 710 1065 in
741 1013 1071 1081 pharetram,
1102 1023 1156 1068 et
1180 1017 1530 1071 commisceat
1557 1032 1650 1071 eas
1678 1018 1761 1083 in-

176 1099 414 1167 scriptas
442 1101 555 1155 sive
579 1102 818 1168 signatas
848 1104 1151 1158 nominibus
1176 1105 1529 1175 singulorum,
1577 1115 1636 1159 ut
1679 1108 1762 1160 vi-

175 1188 305 1242 deat
340 1189 491 1259 cujus
532 1192 725 1259 sagitta
766 1203 953 1256 exeat,
1000 1203 1054 1247 et
1096 1210 1254 1263 quam
1299 1196 1447 1263 prius
1489 1197 1761 1250 civitatem

173 1284 377 1338 debeat
422 1299 747 1354 oppugnare.
802 1285 950 1340 Hanc
997 1294 1174 1341 autem
1216 1287 1385 1342 Graeci
1435 1285 1763 1361 βελομανέτίαν

173 1375 295 1429 sive
318 1375 686 1449 ραϐδομαντίαν
711 1378 1005 1431 nominant.
1025 1379 1377 1448 Interrogavit
1409 1380 1573 1449 igitur
1599 1380 1757 1443 idola,

172 1474 305 1518 exta
333 1466 618 1519 consuluit.
650 1466 729 1518 Ad
762 1467 1030 1520 dexteram
1058 1468 1196 1522 facta
1225 1476 1307 1523 est
1338 1469 1596 1523 divinatio
1624 1469 1757 1540 ejus,

176 1563 239 1607 ut
279 1564 528 1625 pergeret
563 1563 749 1609 contra
792 1552 1087 1609 Jerusalem
1131 1564 1185 1609 et
1228 1548 1563 1625 oppugnaret
1615 1572 1789 1623 eam,_

172 1651 808 1714 aggeres‘comportaret,
834 1646 1029 1700 arietes
1056 1655 1299 1715 poneret,
1324 1648 1617 1702 aedificaret
1643 1664 1759 1702 mu-

172 1732 433 1797 nitiones,
466 1733 759 1803 urbemque
786 1734 1143 1788 concluderet.
1176 1735 1241 1789 Et
1272 1737 1322 1788 in
1353 1737 1494 1790 crede
1523 1739 1757 1806 aperiret

171 1840 241 1882 os
275 1842 455 1891 suum,
476 1836 530 1881 et
562 1825 832 1881 fremitum
858 1828 1177 1882 exsultantis
1206 1837 1258 1880 et
1280 1829 1530 1885 ulnlantis
1554 1831 1756 1884 exerci-

1866 655 1986 718 hoc,
2019 670 2191 732 neque
2220 656 2346 709 illud
2377 668 2476 721 est,
2501 679 2518 710 ι
2552 660 2605 713 id
2630 670 2730 725 est,
2758 677 2978 732 regnum
3007 667 3243 721 cessabit
3267 680 3321 722 et
3350 685 3442 724 sa-

1862 745 2180 802 cerdotium.
2234 745 2389 800 Unde
2432 748 2523 815 qui
2580 758 2761 817 postea
2816 768 2983 820 usque
3034 753 3099 806 ad
3152 756 3441 811 adventum

1865 833 2063 887 Christi
2105 850 2257 904 reges
2303 836 2517 891 fuerunt
2568 840 2770 907 pariter
2809 850 2863 895 et
2911 845 3235 901 sacerdotes.
3295 848 3440 914 Quo-

1865 937 1982 973 rum
2026 937 2165 977 unus
2207 923 2487 993 Hyrcanus
2540 927 2789 982 Pontifex
2838 932 3079 987 diadema
3131 938 3292 1005 capiti
3345 954 3441 992 suo

1865 1011 2133 1078 imposuit,
2180 1012 2379 1069 frustra
2423 1017 2524 1071 sibi
2562 1025 2620 1071 et
2660 1020 2761 1073 hoc
2800 1029 2854 1073 et
2892 1022 3019 1077 illud
3056 1026 3224 1079 voluit
3264 1028 3441 1083 vindi-

1863 1116 2009 1164 care,
2037 1118 2158 1155 cum
2201 1118 2423 1172 regnum
2456 1107 2505 1160 ei
2545 1123 2649 1161 non
2678 1108 2964 1164 deberetur
2986 1123 3104 1181 post
3137 1114 3439 1182 Sedeciam,

1863 1189 1956 1242 sed
1996 1189 2068 1242 illi
2111 1190 2197 1243 cui
2238 1194 2528 1260 repositum
2571 1204 2712 1261 erat,
2752 1206 2807 1251 et
2846 1199 2938 1263 qui
2978 1198 3078 1254 fuit
3114 1206 3441 1273 exspectatio

1863 1280 2135 1349 gentium,
2181 1282 2248 1335 de
2284 1284 2478 1350 quibus
2518 1284 2754 1353 loquitur
2794 1296 2849 1340 et
2886 1287 3174 1346 Malachias
3213 1311 3225 1345 :
3271 1312 3287 1343 ‹
3335 1294 3441 1351 Vos

1863 1371 2191 1452 sacerdotes,
2214 1374 2303 1442 qui
2337 1375 2718 1445 contaminatis
2748 1393 2942 1433 nomen
2981 1396 3157 1435 meum
3183 1382 3439 1453 (Malaclt.

1864 1458 1924 1530 ι).
1978 1480 1995 1511 ›
2045 1461 2111 1513 Ει
2149 1474 2269 1531 post
2307 1464 2579 1531 paululum
2628 1484 2639 1519 :
2697 1486 2714 1517 ‹
2766 1467 2878 1523 Non
2920 1480 3004 1524 est
3038 1474 3286 1529 voluntas
3324 1490 3443 1532 mea

1862 1552 1915 1605 in
1966 1553 2148 1618 vobis,
2186 1564 2240 1607 et
2285 1554 2534 1609 victimas
2581 1572 2683 1610 non
2737 1560 3023 1628 suscipiam
3079 1562 3145 1616 de
3195 1566 3444 1620 manibus

1860 1647 2076 1699 vestris.
2121 1646 2199 1722 Ab
2231 1658 2351 1701 ortu
2386 1649 2529 1701 enim
2563 1649 2690 1702 solis
2726 1665 2896 1719 usque
2937 1652 3002 1705 ad
3041 1668 3290 1709 occasum
3333 1672 3445 1710 ma-

1860 1754 2021 1809 gnum
2062 1748 2144 1792 est
2190 1754 2385 1793 nomen
2438 1755 2613 1793 meum
2668 1742 2719 1793 in
2776 1741 3054 1809 gentibus,
3100 1754 3152 1799 et
3202 1747 3254 1799 in
3298 1749 3441 1802 Omni

1862 1829 1977 1895 loco
2027 1831 2385 1894 sacrificatur,
2441 1840 2496 1884 et
2542 1832 2766 1885 offertur
2816 1835 3018 1888 nomini
3069 1852 3189 1891 meo
3244 1838 3443 1895 oblatio

172 1926 266 1972 tus
294 1918 605 1972 concitaret.
638 1917 766 1980 Hoc,
803 1919 991 1987 inquit,
1021 1918 1225 1971 faciens
1244 1904 1511 1972 videbitur
1552 1920 1758 1989 habita-
1788 1918 1832 1975 B
1861 1920 2079 1972 munda.
2111 1938 2127 1969 ι
2157 1920 2285 1985 Qum
2324 1919 2518 1974 munda
2558 1921 2755 1975 oblatio
2794 1924 2910 1977 sine
2966 1928 3220 1996 sanguine
3263 1929 3441 1984 hirco-

175 2009 390 2062 torihus
418 2008 712 2062 Jerusalem
760 2008 1035 2061 oraculum
1094 2007 1287 2061 frustra
1337 2010 1647 2072 consulere,
1707 2021 1761 2064 et

174 2087 711 2168 quasi'sabhatorum
753 2100 921 2153 otium
963 2109 1176 2164 tenere,
1223 2101 1406 2161 ludere
1433 2103 1676 2157 videlicet
1706 2114 1760 2157 et

174 2191 315 2245 nihil
341 2193 518 2259 operis
545 2200 872 2261 perpetrare.
902 2191 1013 2244 Rex
1047 2200 1223 2245 autem
1250 2190 1539 2262 Babylonis
1567 2210 1673 2247 non
1705 2195 1757 2247 in

173 2295 277 2337 sua
319 2278 651 2345 fortitudine,
676 2280 765 2334 sed
813 2280 868 2333 iu
916 2276 1198 2350 iniquitate
1238 2283 1414 2351 pepuli
1460 2283 1759 2339 contisu’rus

173 2379 285 2435 est,
314 2386 416 2439 qua
447 2385 539 2425 eos
562 2371 666 2443 scit
688 2371 971 2425 offendisse
1000 2372 1186 2437 Deum,
1216 2380 1269 2426 et
1302 2383 1520 2441 peccata
1546 2382 1759 2444 patrum

172 2460 331 2513 novis
366 2459 666 2514 cumulasse
696 2460 936 2523 delictis,
984 2470 1038 2514 et
1075 2463 1545 2531 praevaricationes
1574 2479 1758 2523 eorum

169 2550 735 2620 omnibuspatuisse,
779 2561 834 2605 et
881 2552 1079 2606 idcirco
1132 2567 1237 2606 non
1270 2554 1531 2608 dubitavit
1575 2556 1641 2609 de
1676 2556 1757 2609 vi-

168 2640 369 2704 ctoria,
400 2641 541 2708 quia
567 2641 801 2695 confidet
843 2642 908 2695 de
951 2642 1234 2710 iniquitate
1274 2641 1593 2699 Jerusalem.
1635 2643 1759 2701 Ilaec

163 2729 325 2798 juxta
371 2731 685 2785 llebraicum
706 2772 718 2795 ,
760 2747 789 2784 a
829 2748 936 2799 quo
957 2731 1105 2793 LXX
1135 2749 1238 2787 non
1270 2742 1374 2788 tam
1405 2750 1563 2790 sensu
1596 2752 1756 2807 quatn

168 2820 355 2874 verbis
386 2822 436 2874 in
466 2821 733 2891 plerisque
757 2822 1082 2876 discordant.

178 2940 179 2943 η
250 2929 269 2960 ι
305 2911 381 2964 Tu
408 2912 607 2976 autem,
634 2911 877 2979 profane,
902 2912 1062 2981 impie
1092 2914 1197 2967 dux
1224 2913 1407 2979 Israel,
1439 2913 1589 2983 cujus
1612 2912 1772 2970 venit

174 3017 194 3047 ε
234 2999 351 3053 dies
391 3000 441 3052 in
481 3010 719 3069 tempore
760 3000 1065 3069 iniquitatis
1108 3003 1406 3071 praefinita,”
1465 3004 1579 3059 haec
1627 3006 1758 3059 dicit

174 3106 193 3139 ‹
235 3088 496 3142 Dominus
539 3088 693 3157 Deus
732 3108 743 3143 :
794 3090 959 3143 Aufer
1009 3092 1255 3157 Cidarim,
1303 3094 1430 3148 tolle
1474 3109 1777 3161 coronam,‘

172 3198 191 3230 ι
231 3194 411 3233 nonne
455 3181 568 3233 hmc
600 3187 681 3233 est
707 3196 825 3247 quae
861 3181 1115 3234 humilem
1149 3166 1483 3249 soblevabit,
1511 3194 1564 3239 et
1592 3184 1753 3240 Subli-

1866 2022 2004 2071 rum,
2034 2007 2267 2061 arietum
2316 2016 2476 2077 atque
2518 2016 2791 2062 taurorum
2832 2010 2885 2063 in
2912 2008 3109 2066 Christi
3148 2015 3445 2083 completur

1864 2086 2116 2163 adventu,
2142 2100 2395 2176 quoniam
2424 2100 2569 2152 venit
2594 2100 2929 2156 desideratus
2952 2104 3197 2173 gentibus
3218 2114 3271 2160 et
3294 2116 3445 2163 ortus

1862 2198 1945 2243 est
1973 2188 2054 2243 sol-
2074 2190 2317 2259 justitiae,
2342 2190 2399 2242 in
2429 2188 2579 2256 cujus
2607 2192 2796 2259 pennis
2822 2201 2905 2245 est
2934 2193 3157 2248 sanitas.

1936 2299 1954 2332 ‹
1997 2281 2063 2334 Ει
2092 2290 2145 2334 ιιι
2169 2321 2182 2346 ,
2224 2279 2297 2333 fili
2330 2282 2590 2347 hominis,
2622 2284 2882 2351 propheta
2912 2292 2967 2338 et
2996 2285 3081 2339 dic
3107 2304 3117 2337 :
3165 2285 3289 2341 ΙΙωο
3316 2287 3444 2342 dicit

1867 2393 1885 2425 ‹
1922 2375 2180 2429 Dominus
2211 2376 2353 2438 Deus
2393 2377 2459 2430 ad
2498 2376 2637 2432 filios
2664 2378 2894 2431 Ammon
2924 2385 2979 2432 et
3015 2376 3081 2431 ad
3102 2377 3448 2445 opprobrium

1823 2532 1831 2540 _
1868 2481 1886 2512 ‹
1922 2479 2127 2518 eorum.
2173 2464 2239 2516 Et
2266 2463 2665 2537 dices,‘Mucro,
2694 2481 2901 2531 mucro,
2931 2467 3154 2537 evagina
3185 2476 3237 2523 te
3263 2468 3330 2523 ad
3354 2483 3445 2523 oc-

1866 2573 1883 2605 ι
1922 2555 2235 2619 cidendum;
2281 2554 2404 2608 lima
2427 2562 2507 2621 .te,
2536 2565 2594 2610 ut
2639 2548 3011 2612 interﬁciaset
3040 2557 3264 2628 fulgeas.
3308 2558 3443 2615 Cum

1865 2664 1882 2696 (
1922 2645 2017 2699 tibi
2047 2642 2362 2699 viderentur
2385 2660 2522 2699 vana
2553 2654 2609 2700 et
2635 2645 3005 2701 divinarentur
3048 2648 3346 2711 mendacia,
3386 2659 3443 2704 ut

1865 2756 1882 2788 ι
1921 2738 2129 2792 dareris
2163 2752 2325 2807 super
2360 2738 2496 2792 colla
2526 2739 2926 2793 vulneratorum
2965 2739 3279 2807 impiorum,
3310 2754 3448 2810 quo—

1875 2845 2037 2883 irum
2077 2830 2225 2903 venit
2261 2829 2376 2885 dies
2424 2830 2476 2883 in
2524 2838 2765 2899 tempore
2811 2828 3111 2897 iniquitatis
3152 2829 3440 2897 praefinita.

1864 2939 1881 2970 ‹
1918 2919 2207 2996 Revertere
2232 2912 2299 2973 ad
2324 2921 2569 2989 vaginam
2599 2928 2767 2983 tuam,
2801 2919 2853 2972 in
2879 2918 3053 2985 locum
3084 2920 3137 2972 in
3161 2935 3269 2988 quo
3294 2934 3445 2974 crea-

1861 3031 1889 3082 r
1917 3021 2004 3067 tus
2026 3028 2106 3078 es,
2132 3012 2186 3067 in
2213 3020 2350 3067 terra
2377 3012 2673 3065 nativitatis
2704 3021 2807 3065 tua:
2845 3010 3097 3079 judicabo
3125 3019 3175 3065 te
3197 3019 3250 3065 ct
3273 3011 3441 3066 etfun—

1860 3122 1878 3154 ‹
1915 3104 2036 3156 dam
2078 3118 2239 3171 super
2267 3111 2317 3156 te
2341 3103 2761 3173 indignationem
2792 3116 2987 3165 meam,
3019 3102 3071 3153 in
3098 3102 3219 3171 igne
3246 3101 3443 3157 furoris

1860 3211 1883 3244 ν(
1920 3194 2027 3248 mei
2067 3184 2306 3248 'snfilabo
2338 3194 2391 3246 in
2429 3202 2500 3256 te,
2531 3193 2773 3261 daboque
2806 3200 2855 3246 te
2897 3191 2951 3245 in
2982 3190 3229 3245 manibus
3272 3192 3444 3246 homi-

172 3288 194 3321 ε
232 3286 375 3324 mem
406 3270 739 3324 ltumiliahit?
772 3269 1140 3340 Iniquitatem,
1170 3272 1526 3341 iniquitatem,
1559 3274 1753 3343 iniqui-

1863 3304 1880 3336 ‹
1918 3301 2047 3339 num
2070 3286 2352 3340 stultorum
2371 3294 2425 3340 et
2449 3284 2825 3338 fabricantium
2851 3268 3269 3352 corruptionem.
3298 3282 3442 3353 Ignis

173 3378 194 3439 ᾳ
233 3368 397 3415 tatem
428 3377 622 3430 ponam
663 3377 812 3426 eam,
862 3373 916 3416 et
961 3364 1061 3418 hoc
1109 3380 1212 3418 non
1245 3364 1335 3420 fiet
1365 3367 1534 3420 donec
1576 3368 1757 3420 veniat

166 3442 195 3504 γε
234 3452 389 3521 cujus
415 3462 499 3507 est
517 3451 779 3519 judicium
811 3466 864 3509 et
897 3456 1103 3508 tradam
1127 3457 1195 3509 ei.
1232 3476 1250 3507 ι
1293 3456 1423 3520 Post
1470 3458 1618 3512 urbis
1669 3457 1756 3512 Je-

165 3541 404 3597 rusalem
447 3542 932 3597 subversioncm'et
957 3544 1320 3612 captivitatem
1344 3534 1529 3614 populi
1569 3546 1634 3599 ad
1659 3547 1756 3605 du-

165 3650 289 3690 cem
318 3635 482 3689 Israel
510 3650 688 3689 sermo
717 3636 982 3706 dirigitur,
1016 3651 1174 3705 quem
1204 3638 1403 3692 nemini
1434 3636 1650 3692 dubium
1674 3647 1759 3693 est

168 3726 461 3797 signiﬁcari
498 3722 776 3804 Sedeciam
817 3728 871 3781 in
918 3743 1024 3797 quo
1075 3732 1259 3796 reg'um
1297 3712 1457 3782 Israel
1492 3726 1559 3781 de
1588 3730 1756 3801 stirpe

166 3817 339 3871 David
385 3818 664 3885 imperium
697 3816 903 3891 finitum
934 3825 1035 3871 est.
1064 3816 1466 3885 Venit,'inquit,
1494 3818 1588 3871 tibi
1618 3818 1750 3882 dies,

167 3922 293 3977 qua:
322 3905 492 3976 longo”
513 3914 753 3976 tempore
779 3905 1043 3975 praefinita
1073 3915 1156 3960 est
1187 3906 1240 3959 in
1275 3913 1430 3970 te,.et
1456 3915 1674 3975 propter
1704 3914 1756 3960 te

167 3984 533 4054 sacerdotium
584 4006 640 4052 et
682 4013 905 4068 regnum
954 3998 1160 4073 interiit
1201 3998 1381 4067 pepuli
1425 3996 1757 4055 Judteorum.

166 4088 381 4144 Cidaris
412 4088 553 4142 enim
595 4086 802 4156 insigne
830 4084 1101 4154 pontiﬁcis
1131 4093 1213 4140 est
1241 4103 1254 4139 :
1286 4099 1508 4150 corona,
1542 4086 1643 4140 hoc
1671 4092 1756 4138 est

168 4178 437 4241 diadema,
485 4177 626 4245 regis
651 4172 925 4239 iudieium,
969 4191 1146 4229 nonne
1190 4175 1304 4229 haec
1343 4182 1427 4229 est
1465 4174 1662 4229 ci‘daris
1702 4181 1756 4227 et

168 4268 286 4321 haec
314 4282 533 4331 corona,
566 4282 685 4335 qua:
712 4265 843 4319 nihil
871 4265 997 4319 fecit
1017 4259 1241 4332 judicio,
1272 4265 1365 4319 sed
1394 4265 1462 4318 ad
1490 4265 1751 4318 imitatio-

170 4373 295 4412 nem
325 4358 465 4427 regis
488 4347 790 4426 Babylonii,
821 4370 954 4423 quos
980 4354 1191 4408 volebat
1225 4354 1513 4415 exultabat,
1546 4363 1600 4407 et
1620 4368 1754 4421 quos

168 4448 389 4504 volebat
411 4445 767 4501 humiliabat?
794 4444 1084 4513 Propterea
1118 4459 1222 4497 non
1265 4443 1452 4507 semel,
1484 4448 1583 4497 n’ec
1597 4442 1751 4512 juxta

163 4540 317 4596 LXX
354 4541 456 4605 bis,
490 4540 583 4594 sed
606 4531 772 4592 tertio
802 4538 1141 4608 iniquitatem
1172 4552 1365 4606 ponam
1397 4536 1490 4590 tibi
1531 4536 1583 4589 in
1624 4550 1749 4605 per-

162 4641 412 4701 petuum,
441 4645 561 4698 qua:
587 4644 691 4683 non
720 4629 903 4681 statim
934 4628 1028 4683 tibi
1058 4636 1301 4698 reputata
1330 4636 1434 4691 est,
1466 4623 1558 4682 sed
1585 4627 1755 4681 donec

165 4721 353 4776 veniat
377 4719 623 4775 Christus
652 4720 803 4790 cujus
827 4728 907 4774 est
930 4719 1207 4788 judicium,
1229 4728 1283 4774 et
1308 4720 1484 4798 tradat
1512 4720 1559 4774 ei
1591 4710 1753 4774 Pater

102 4850 106 4855 ο
166 4828 394 4883 regnum
436 4820 489 4866 et
532 4811 917 4872 sacerdotium,
961 4809 1044 4864 vel
1082 4804 1365 4864 ecclesiam
1404 4811 1469 4863 de
1504 4808 1753 4878 gentibus

164 4909 550 4979 congregatum
576 4921 591 4959 :
625 4924 643 4956 ι
683 4905 797 4960 Νοιι
824 4907 967 4961 enim
998 4888 1156 4959 Pater
1178 4906 1386 4975 judicat
1406 4922 1749 4976 quemquam,

165 4998 267 5055 sed
292 5012 449 5051 omne
472 4996 731 5065 judicium
759 4996 902 5050 dedit
934 4994 1066 5047 Filio
1097 4990 1276 5065 (Jomt.
1308 4995 1384 5065 v).
1423 5017 1440 5047 ι
1478 4996 1542 5048 Et
1571 4996 1621 5049 in
1646 4996 1751 5050 alio

165 5088 325 5142 loco:
352 5106 368 5135 ε
401 5086 557 5148 Deus,
584 5085 675 5147 ait,
696 5083 955 5151 judicium
985 5093 1132 5136 tuum
1161 5085 1273 5153 regi
1296 5085 1383 5147 da,
1412 5092 1461 5138 et
1484 5079 1751 5152 justitiam

166 5176 321 5231 tuam
356 5174 465 5227 lilio
490 5174 630 5245 regis
661 5173 829 5245 (Psal.
859 5174 1026 5246 LXXI).
1060 5195 1076 5225 ι
1110 5175 1214 5229 Iste
1239 5185 1321 5243 est
1350 5177 1434 5229 eui
1464 5177 1753 5245 repositum

166 5274 258 5321 est
292 5263 577 5333 imperium
605 5272 659 5316 et
689 5263 1049 5321 sacerdotium
1096 5265 1500 5333 sempiternum.
1547 5266 1622 5317 De
1650 5280 1755 5332 quo

168 5356 490 5424 loquebatur
511 5364 565 5407 et
587 5353 751 5408 Jacob
782 5373 793 5406 :
829 5349 987 5407 (Non
1014 5354 1220 5408 deficiet
1242 5354 1488 5424 princeps
1509 5368 1573 5408 ex
1596 5353 1749 5419 Juda,

172 5460 349 5514 neque
383 5446 488 5499 dux
525 5445 590 5499 de
626 5445 917 5499 femoribus
947 5444 1079 5512 ejus,
1118 5447 1285 5499 donec
1310 5446 1490 5501 veniat
1533 5448 1618 5500 cui
1663 5462 1748 5501 re—

170 5535 407 5605 positum
445 5542 558 5595 est,
598 5534 800 5602 etipse
832 5536 935 5588 erit
968 5536 1296 5600 exspectatio
1322 5537 1558 5605 gentium
1599 5535 1751 5608 (Cen.

173 5624 344 5693 trux).
402 5644 419 5675 ι
482 5623 535 5677 lu
568 5639 651 5699 'co
703 5624 818 5677 loco
864 5624 953 5678 ubi
1010 5641 1105 5677 nos
1160 5625 1496 5694 interpretati
1547 5642 1752 5692 sumus,

180 5736 197 5765 ι
234 5714 419 5773 Nonne
455 5715 570 5769 hare
598 5724 706 5777 est,
749 5735 765 5764 ι
812 5715 1028 5784 pulchre
1066 5715 1338 5769 transtulit
1378 5716 1750 5785 Symmachus,

188 5826 207 5859 ι
242 5824 414 5878 neque
462 5807 595 5871 hoc,
649 5822 818 5876 neque
865 5807 1010 5859 illud.
1067 5828 1081 5859 ι
1146 5806 1279 5874 Quia
1327 5807 1469 5863 enim
1516 5809 1752 5876 dixerat,

1864 3395 1880 3427 ‹
1916 3378 2025 3432 eris
2050 3378 2229 3441 'cibus,
2258 3378 2475 3448 sanguis
2515 3385 2634 3444 tuus
2663 3377 2766 3430 erit
2807 3375 2860 3428 in
2892 3376 3068 3429 medio
3100 3385 3276 3439 terrae,
3306 3374 3441 3429 obli-

1863 3485 1880 3517 (
1917 3467 2063 3539 vioni
2108 3467 2356 3529 traderis,
2381 3467 2525 3533 .quia
2569 3480 2667 3534 ego
2697 3466 2953 3520 Dominus
2986 3466 3193 3519 locutus
3238 3480 3374 3519 sum.
3416 3484 3435 3515 ι

1857 3556 2103 3611 Gladium
2135 3556 2279 3626 regis
2326 3555 2613 3625 Babylonis
2640 3548 2856 3609 stetisse
2900 3556 2953 3608 in
3000 3556 3175 3625 capite
3212 3554 3440 3610 duarum

1858 3647 2088 3710 viarum,
2110 3648 2161 3700 in
2195 3647 2430 3717 compito
2462 3646 2693 3700 dextera:
2719 3654 2775 3699 et
2811 3631 3072 3709 sinistra),
3106 3644 3441 3717 quarumal-

1857 3745 1971 3791 tera
2001 3736 2228 3791 ducebat
2275 3734 2588 3798 Jerusalem,
2645 3734 2811 3787 altera
2838 3735 2906 3788 ad
2930 3734 3175 3787 Rabbath
3207 3733 3435 3789 ﬁliorum

1854 3832 2107 3893 Ammon,
2148 3839 2203 3884 et
2232 3814 2410 3885 esisse
2450 3837 2648 3884 sortem
2688 3837 2747 3881 ut
2788 3836 3030 3899 pergeret
3069 3828 3220 3896 prius
3250 3830 3436 3883 contra

1853 3920 2148 3975 Jerusalem
2172 3960 2185 3985 ,
2232 3934 2391 3987 supra
2435 3919 2683 3989 legimus,
2714 3918 2839 3987 quia
2870 3926 3171 3987 expugnata
3203 3926 3257 3971 et
3282 3926 3440 3987 capta

1855 4027 2078 4083 regnum
2119 4024 2333 4079 quoque
2357 4017 2411 4062 et
2440 4008 2795 4062 sacerdotium
2822 4007 2937 4075 ejus
2968 4008 3019 4060 in
3060 4015 3318 4061 aeternum
3347 4023 3438 4077 pe-

1857 4105 1990 4158 risse
2013 4101 2354 4173 praenuntiat.
2376 4099 2667 4154 Residuum
2689 4107 2803 4152 erat
2828 4098 2949 4151 tiliis
2970 4097 3217 4161 Ammon,
3238 4106 3291 4152 et
3326 4099 3436 4166 ipse

1856 4190 2130 4244 divisionis
2167 4186 2601 4257 ordoposcehat,
2632 4185 2762 4255 quid
2793 4185 2858 4238 de
2887 4185 3102 4238 sinistra
3133 4186 3217 4238 via
3236 4184 3437 4239 factum

1855 4288 2015 4335 esset.
2046 4279 2194 4333 [inde
2222 4279 2520 4346 imperatur
2540 4278 2812 4345 propheta:
2840 4285 2897 4327 ut
2926 4274 3174 4343 loquatur
3206 4277 3271 4329 ad
3301 4275 3436 4333 filios

1857 4370 2084 4424 Ammon
2113 4376 2167 4422 et
2194 4369 2258 4421 ad
2305 4366 2651 4436 Opprobrium
2692 4380 2907 4429 eorum,
2937 4365 3079 4433 quod
3120 4373 3173 4419 et
3219 4366 3317 4434 ipsi
3348 4380 3437 4420 ca-

1854 4450 2035 4528 piendi
2064 4459 2191 4523 sint,
2217 4465 2271 4512 et
2296 4459 2362 4512 ad
2389 4458 2634 4511 eumdem
2658 4457 2889 4526 gladium
2909 4472 3211 4512 sermonem
3234 4457 3432 4527 dirigit.

1856 4548 1900 4616 Ο
1931 4563 2134 4609 mucro,
2160 4548 2470 4614 mucro,qui
2496 4554 2713 4614 paratus
2740 4561 2799 4599 es
2830 4546 2893 4598 ad
2921 4546 3138 4608 easdem,
3168 4547 3256 4616 qui
3288 4548 3431 4601 lima.

1780 4612 1831 4671 Β
1860 4612 1943 4693 tus
1972 4646 2029 4691 ut
2055 4637 2255 4706 fulgeas
2281 4646 2335 4689 et
2364 4612 2658 4689 interificias
2680 4635 2702 4687 ?
2725 4628 2877 4690 Licet
2901 4637 2993 4689 tibi
3037 4612 3432 4708 idola—respou-

1856 4730 2032 4783 derint
2051 4736 2102 4782 et
2126 4742 2320 4781 vanum
2343 4726 2413 4779 sit
2444 4741 2602 4791 omne
2643 4727 2783 4794 quod
2806 4742 2844 4779 a’
2862 4727 3189 4780 daemonibus
3217 4743 3436 4797 respon-

1856 4823 2029 4883 detur,
2045 4828 2103 4871 ut
2117 4816 2771 4872 videlicetvulneratorum
2789 4816 3087 4883 cervicibus
3103 4817 3436 4884 imtnineres,

1854 4920 1907 4965 et
1931 4926 2026 4981 per
2057 4918 2109 4964 te
2138 4908 2498 4977 compleretur
2544 4908 2687 4974 quod
2714 4906 2881 4959 multo
2908 4906 3163 4961 Dominus
3196 4916 3442 4977 tempore

1810 4990 1815 4997 ’
1854 5001 2029 5055 fuerat
2060 5000 2437 5061 comminatus,
2480 5005 2657 5050 tamen
2699 4995 2913 5064 expleto
2954 5011 3115 5064 opere
3160 5006 3269 5059 tuo,
3291 5000 3434 5065 quod

1859 5094 2012 5163 egisti
2059 5102 2246 5146 contra
2291 5089 2429 5142 ﬁlios
2476 5089 2723 5151 Ammon,
2760 5072 3028 5141 revertere
3076 5088 3141 5141 ad
3186 5089 3437 5157 vaginam

1864 5192 2029 5253 tuam,
2062 5182 2111 5236 id
2144 5190 2226 5234 est
2258 5181 2308 5233 in
2340 5177 2683 5247 Babylonem,
2717 5178 2783 5229 ad
2812 5176 2989 5230 locum
3036 5177 3091 5229 in
3128 5193 3233 5246 quo
3260 5177 3431 5232 factus

1861 5286 1920 5326 es
1948 5280 2001 5325 et
2030 5279 2261 5333 creatus,
2302 5270 2441 5322 utin
2481 5260 2621 5320 terra
2651 5268 2949 5322 nativitatis
2986 5278 3087 5321 tua:
3116 5269 3349 5336 judicem
3382 5278 3434 5324 te

1860 5372 1915 5417 et
1942 5360 2209 5417 effundam
2236 5377 2397 5429 super
2423 5371 2473 5415 te
2502 5361 2918 5431 indignationem
2950 5374 3141 5423 meam,
3172 5367 3227 5412 et
3256 5357 3434 5412 Medo-

1857 5467 1976 5505 rum
2014 5460 2172 5520 atque
2218 5432 2501 5505 Persarum
2528 5451 2729 5503 virtute
2756 5447 3003 5516 capiaris.
3032 5446 3181 5512 Quod
3223 5446 3429 5515 plenius

1858 5544 1910 5595 in
1941 5542 2089 5595 Isaia!
2124 5542 2391 5595 volumine
2424 5541 2638 5604 dicitur,
2674 5540 2726 5594 in
2756 5538 2959 5593 visione
2982 5548 3167 5592 contra
3201 5534 3431 5606 Babyloé

1860 5646 2010 5685 nem:
2035 5648 2051 5679 ι
2078 5631 2213 5685 Ecce
2238 5645 2335 5701 ego
2361 5630 2631 5685 suscitabo
2660 5644 2819 5697 super
2842 5620 2935 5681 eos
2962 5627 3191 5681 Medos.»
3224 5628 3288 5680 Et
3315 5638 3433 5695 post

1858 5723 2126 5792 paululum
2148 5741 2160 5774 :
2183 5722 2647 5791 «Et-eritBabylon
2680 5720 2762 5773 illa
2792 5718 3021 5790 gloriosa
3050 5718 3100 5771 in
3129 5718 3323 5787 regnis,
3348 5719 3430 5771 itt-

1861 5811 2001 5882 clyta
2033 5811 2081 5863 in
2116 5811 2360 5879 superbia
2387 5810 2781 5875 ChttltltCOI‘Ulll,
2823 5809 2961 5864 sicut
2986 5810 3245 5864 subvertit
3291 5808 3428 5865 Det-5
