3936 6344
521 393 625 447 755

1203 393 1263 445 Β.
1305 392 1554 446 RABANI
1592 392 1805 448 MAURI
1842 387 2157 445 ARCIIIEP.
2200 386 2509 444 MOGUNT.
2549 386 2829 459 OPERUM
2869 386 3045 439 PARS
3084 386 3146 439 ll.

3681 376 3789 435 73:3

521 511 807 564 Sodomam
849 514 904 561 et
929 502 1267 575 Gomorram,
1315 521 1419 559 non
1468 506 1797 561 habitabitur
1826 518 1994 573 usque
2039 502 2091 556 in
2119 506 2168 564 Α
2196 518 2273 566 es,
2303 510 2359 557 et
2386 502 2619 556 adorasti
2660 516 2820 570 opera
2849 516 3101 554 manuum
3140 509 3372 563 tuarum,
3404 510 3459 554 et
3488 503 3785 570 appropin-

521 600 681 653 linem
711 596 843 667 (lsa.
876 596 1017 667 xm).
1053 615 1074 647 ι
1114 594 1176 648 Et
1202 593 1327 663 quia
1359 594 1524 649 semel
1552 594 1652 647 sub
1677 606 1901 670 persona
1930 590 2092 662 gladii

524 690 586 743 de
618 702 741 757 rege
768 728 782 751 ,
819 686 927 739 imo
963 700 1127 755 regno
1174 684 1461 755 Babylonis
1509 683 1856 751 loquebatur,
1912 687 2094 735 servat

519 780 820 855 μεταφορὰν.
866 778 922 832 In
948 778 1088 849 igne,
1121 778 1313 846 inquit,
1344 777 1539 830 furoris
1559 776 1661 829 mei
1688 773 1914 829 sufﬂabo
1941 774 1995 827 in
2019 781 2091 837 te,

518 880 575 923 ut
621 871 813 925 faciam
847 877 896 923 te
931 870 1054 939 igne
1082 868 1347 930 consumi,
1396 875 1451 921 et
1495 866 1699 920 tradam
1750 865 1800 918 in
1850 863 2121 918 manibus‘

518 959 793 1012 hominum
821 957 1105 1012 stultorum
1134 965 1188 1011 et
1232 955 1622 1024 imperitorum,
1650 955 1741 1023 qui
1769 950 1941 1007 artem
1986 968 2092 1007 non

519 1049 719 1103 habent
741 1048 968 1103 cudendi
989 1048 1196 1120 gladios
1216 1056 1271 1101 et
1298 1047 1545 1111 acuendi,
1563 1055 1622 1100 ut
1648 1062 1985 1117 nequaquam
2008 1046 2091 1099 ul-

519 1150 598 1193 tra
626 1140 855 1204 acuaris,
887 1139 1092 1193 limeris
1118 1148 1171 1193 et
1196 1136 1400 1207 fulgeas
1422 1137 1487 1191 ad
1512 1136 1885 1200 occidendum,
1906 1135 1998 1191 sed
2020 1135 2095 1189 sis

518 1229 674 1294 ignis,
701 1228 852 1283 cibus
898 1228 1222 1297 sanguisque
1268 1234 1414 1291 tuus,
1458 1240 1615 1294 quem
1658 1224 1841 1281 fudisti
1886 1225 2095 1279 cunctis

517 1319 907 1386 spectantibus,
924 1319 975 1372 in
1001 1327 1051 1371 te
1064 1316 1243 1387 potius
1265 1316 1545 1379 redundet,
1561 1322 1616 1370 et
1635 1315 1866 1369 tradaris
1879 1323 2094 1369 aeternae

513 1407 790 1470 oblivioni,
821 1418 872 1461 et
908 1422 1097 1475 pereas
1124 1407 1177 1460 in
1209 1413 1544 1475 perpetuum,
1574 1406 1697 1475 quia
1722 1420 1814 1473 ego
1840 1403 2091 1457 Dominus

517 1496 717 1549 (acutus
745 1512 879 1561 sum,
911 1494 1063 1562 cujus
1088 1494 1287 1549 dixisse
1316 1494 1505 1549 fecisse
1530 1500 1630 1549 est.

1095 1603 1321 1659 CAPUT
1362 1601 1522 1656 XXII.

517 1694 700 1747 Sermo
729 1690 823 1748 Dei
860 1703 1040 1762 contra
1075 1690 1369 1747 Jerusalem
1399 1709 1491 1762 pro
1520 1693 1771 1761 effusione
1801 1694 2089 1762 sanguinis,

584 1773 630 1816 et
644 1768 839 1816 caneris
859 1761 1013 1815 malis
1030 1775 1048 1812 :
1063 1764 1127 1815 de
1146 1762 1333 1832 populo
1349 1761 1623 1832 can/laudo
1645 1763 1777 1815 sicut
1801 1761 2089 1825 metallum,

2196 609 2361 663 quare
2400 592 2572 648 fecisti
2618 603 2828 663 tempus
2858 590 3122 647 annorum
3164 602 3401 657 tuorum,
3431 593 3577 660 quod
3607 590 3789 643 multo

2194 692 2434 751 tempore
2472 684 2750 738 dicebatur
2793 692 2851 737 et
2895 681 3241 736 differebatur
3277 688 3332 735 ut
3380 696 3572 751 ageres
3599 683 3791 749 peni-

2194 773 2417 826 tentiam
2465 791 2480 825 :
2532 790 2552 823 ι
2598 771 2675 826 Tu
2718 780 2896 826 autem
2942 773 3237 827 secundum
3284 772 3627 840 impaenitens
3683 786 3789 823 cor

2198 871 2343 913 tuum
2372 860 2707 915 tbesaurizas
2742 861 2835 916 tibi
2868 862 3003 915 iram
3051 862 3102 915 in
3133 862 3271 915 diem
3303 863 3394 915 irae
3424 860 3593 931 (Rom.
3624 862 3715 930 ιι).
3759 882 3779 912 ι

2193 948 2397 1003 Idcirco
2446 949 2563 1003 dedi
2612 959 2662 1003 te
2690 950 3037 1020 opprobrium
3083 952 3333 1021 gentibus
3380 960 3433 1005 et
3469 950 3782 1005 illusionem

2194 1040 2458 1094 universis
2486 1041 2665 1105 terris,
2692 1056 2811 1109 quae
2850 1041 2901 1093 in
2927 1042 3154 1095 circuitu
3186 1048 3276 1094 tuo
3304 1050 3457 1103 sunt,
3490 1049 3597 1093 tam
3618 1038 3781 1107 juxta

2195 1143 2353 1199 quam
2383 1129 2602 1199 procul,
2632 1145 2750 1198 quae
2780 1130 3188 1199 triumphabunt
3211 1132 3277 1183 de
3314 1139 3366 1184 te
3410 1132 3525 1185 sive
3550 1131 3785 1184 illudent

2195 1217 2311 1271 tibi.
2348 1236 2365 1267 ι
2402 1216 2627 1272 Sordida
2668 1218 2881 1284 nobilis,
2917 1220 3133 1289 grandis
3177 1220 3417 1273 interitu.
3458 1240 3476 1271 ι
3520 1219 3782 1285 Sordida,

2194 1307 2319 1377 quia
2349 1307 2553 1377 munda.
2577 1322 2697 1362 esse
2740 1309 2960 1373 desisti;
3007 1327 3025 1359 ι
3066 1310 3258 1363 nobilis
3290 1329 3308 1361 ι
3357 1310 3410 1363 ἱιι
3451 1310 3610 1373 malo,
3656 1326 3787 1379 qzla:

2193 1396 2463 1466 quondam
2499 1397 2551 1450 in
2599 1398 2740 1453 bono
2786 1408 3007 1453 cunctas
3050 1399 3208 1453 urbes
3239 1400 3515 1453 nobilitate
3546 1416 3781 1469 supera-

2195 1484 2320 1550 bas;
2357 1504 2374 1535 ι
2406 1486 2624 1554 grandis
2655 1487 2896 1552 interitu,
2933 1506 2951 1539 ι
2984 1496 3045 1541 ut
3076 1496 3279 1556 quanto
3315 1489 3598 1545 sublimior
3626 1504 3779 1549 eras,

2196 1586 2343 1631 tanto
2386 1575 2580 1632 fortius
2626 1594 2832 1633 rueres.
2879 1578 2947 1632 Et
2988 1579 3203 1633 interim
3250 1590 3305 1632 ut
3335 1588 3525 1635 caztera
3554 1592 3784 1649 [meter-

2192 1669 2424 1735 mittam,
2451 1685 2621 1739 pauca
2650 1672 2943 1725 numerabo
2966 1687 3084 1740 quae
3107 1672 3159 1726 in
3186 1681 3237 1727 te
3265 1673 3479 1736 fuerint,
3508 1675 3785 1744 principes

2196 1760 2271 1813 tui
2300 1775 2407 1814 non
2431 1758 2642 1827 justitia
2675 1762 2768 1816 sed
2799 1762 3009 1817 roboris
3034 1772 3088 1817 et
3113 1764 3318 1818 brachii
3347 1764 3663 1823 fortitudine
3690 1765 3783 1832 ju-

587 1832 672 1885 ιιὺὲ
698 1841 765 1884 ενι
791 1833 880 1895 qui
909 1829 1420 1901 interponatsepem,
1443 1829 1505 1883 de
1532 1829 1675 1885 leone
1706 1832 1956 1901 rugiente,
1982 1841 2087 1886 etc.

2194 1847 2754 1914 dicantes,,fuderunt
2803 1851 2855 1904 in
2886 1858 2937 1905 te
2982 1852 3255 1906 innoxium
3297 1854 3631 1924 sanguinem.
3673 1829 3780 1907 Alii

590 1963 608 1995 ι
642 1944 709 1999 Ει
734 1941 932 1999 factum
959 1952 1043 1997 est
1066 1944 1287 1997 verbum
1322 1942 1531 1996 Domini
1561 1943 1626 1996 ad
1660 1958 1745 1998 me
1773 1943 1959 1997 dicens
1986 1960 1999 1995 :
2029 1942 2095 1996 Et

517 2052 536 2084 ι
575 2042 655 2099 ιιι,
685 2033 758 2086 liii
798 2033 1055 2097 hominis,
1100 2048 1275 2088 nonne
1314 2034 1523 2102 judicas
1564 2034 1837 2087 civitatem
1878 2033 2096 2104 sangui-

520 2141 537 2173 ι
574 2139 702 2178 num
720 2123 744 2178 τ
763 2123 831 2178 Et
857 2124 1108 2179 ostendes
1128 2124 1177 2177 ei
1203 2139 1389 2178 omnes
1416 2124 1843 2179 abominationes
1868 2139 2015 2188 suas,
2040 2132 2095 2178 et

519 2215 758 2274 «,dices:
788 2214 914 2269 Haec
931 2215 1061 2270 dicit
1090 2214 1347 2269 Dominus
1373 2215 1515 2270 Deus
1542 2234 1555 2270 :
1588 2215 1789 2271 Civitas
1816 2214 2095 2271 effundens

518 2324 537 2356 ι
574 2305 887 2376 sanguinem
927 2306 981 2359 in
1018 2305 1197 2360 medio
1225 2305 1306 2359 sui
1338 2313 1396 2359 ut
1422 2305 1603 2360 veniat
1631 2314 1842 2376 tempus
1870 2304 2006 2373 ejus,
2039 2314 2095 2361 et

517 2416 537 2450 ι
570 2414 690 2468 qua:
716 2397 843 2454 fecit
869 2398 1009 2453 idola
1039 2407 1227 2453 contra
1256 2400 1620 2468 semetipsam,
1650 2408 1709 2453 ut
1740 2399 2090 2469 pollueretur.

515 2507 535 2541 ι
569 2490 627 2544 In
650 2491 906 2559 sanguine
927 2498 1036 2555 tuo,
1062 2489 1208 2559 quia
1231 2498 1284 2545 te
1300 2488 1499 2545 effusus
1520 2497 1623 2556 est,
1648 2490 1937 2559 deliquisti,
1959 2500 2014 2545 et
2038 2492 2091 2545 in

515 2597 535 2630 ι
573 2578 727 2634 idolis
748 2579 860 2633 tuis
876 2595 998 2649 quae
1026 2577 1204 2635 fecisti
1233 2579 1435 2648 polluta
1468 2594 1558 2644 es,
1589 2589 1642 2633 et
1663 2581 2094 2651 appropinquare

514 2685 534 2719 ι
573 2666 747 2723 fecisti
776 2668 891 2723 dies
920 2678 1059 2734 tuos,
1081 2676 1136 2723 et
1153 2668 1420 2723 adduxisti
1451 2676 1660 2739 tempus
1689 2684 1952 2723 annorum
1980 2680 2095 2725 tuo-

515 2775 535 2809 ι
572 2774 725 2823 rum;
754 2768 1040 2829 propterea
1069 2757 1191 2813 dedi
1219 2768 1269 2814 te
1296 2758 1638 2830 opprobrium
1663 2760 1913 2830 gentibus
1940 2768 1995 2815 et
2022 2760 2095 2814 ir—

516 2864 534 2897 ι
570 2847 829 2903 risionem
859 2841 1125 2904 universis
1152 2848 1342 2914 terris;
1380 2864 1499 2919 quae
1529 2846 1682 2917 juxta
1728 2858 1854 2904 sunt
1881 2858 1935 2905 et
1975 2866 2094 2919 quae

512 2954 530 2987 ι
564 2935 799 3005 procula
815 2945 867 2992 te
892 2937 1298 3007 triumphabunt
1313 2939 1379 2993 de
1393 2945 1463 3003 te,
1479 2938 1693 2993 sordida
1710 2939 1919 3005 nobilis,
1937 2954 2093 3008 gran-

510 3043 530 3077 ι
566 3026 649 3080 dis
670 3026 911 3081 interitu.
928 3026 1067 3081 Ecce
1086 3027 1355 3097 principes
1373 3026 1558 3092 Israel,
1575 3028 1768 3099 singuli
1793 3029 1847 3083 in
1870 3028 2092 3085 brachio

509 3133 530 3167 ι
566 3130 664 3171 suo
693 3116 908 3172 fuerunt
936 3117 989 3172 in
1016 3128 1070 3173 te
1107 3119 1176 3173 ad
1208 3117 1587 3174 effundendum
1622 3119 1956 3188 sanguinem,
1992 3136 2089 3191 pa-

511 3224 529 3257 ι
569 3214 707 3261 trem
739 3214 795 3261 et
824 3215 1048 3262 matrem
1073 3208 1415 3264 contumeliis
1435 3208 1728 3265 affecerunt
1755 3210 1808 3265 in
1832 3220 1905 3277 te,
1932 3212 2093 3268 adve—

514 3312 534 3347 ι
572 3310 697 3350 nam
726 3296 1036 3351 calumniati
1061 3305 1186 3353 sunt
1225 3298 1279 3352 in
1307 3299 1483 3353 medio
1511 3299 1620 3365 tui,
1646 3300 1905 3369 pupillum
1936 3312 1991 3356 et
2015 3303 2093 3357 vi-

516 3405 536 3439 ι
573 3388 733 3442 (luam
783 3387 1239 3444 contristaverunt
1285 3390 1424 3458 apud
1472 3399 1521 3445 te
1560 3408 1574 3443 :
1625 3394 1935 3447 sanctuaria
1974 3408 2092 3447 mea

513 3494 534 3528 ι
569 3476 845 3546 sprevistis
864 3518 879 3543 ,
915 3479 1137 3534 sabbata
1164 3493 1283 3534 mea
1307 3479 1593 3550 polluistis.
1622 3481 1736 3535 Viri
1760 3482 2093 3538 detractores

513 3582 534 3617 ι
568 3564 786 3621 fuerunt
813 3567 868 3622 in
896 3576 948 3623 te
976 3569 1043 3624 ad
1070 3566 1445 3625 eﬂ‘undendum
1482 3574 1820 3643 sanguinem,
1851 3583 1905 3628 et
1932 3589 2093 3644 super

513 3673 533 3708 ι
569 3666 780 3713 montes
806 3660 1153 3714 comederunt
1196 3660 1249 3716 in
1291 3671 1361 3715 te.
1413 3661 1599 3719 Scelus
1629 3667 1836 3735 operati
1883 3676 2007 3722 sunt
2035 3669 2089 3722 in

512 3764 531 3799 ι
570 3747 745 3803 medio
775 3747 871 3803 tui.
903 3748 1301 3806 Verecundiora
1328 3753 1498 3822 patris
1526 3754 2005 3825 discooperuerunt
2033 3759 2088 3815 in

515 3855 535 3889 ι
574 3848 646 3903 te,
675 3846 730 3892 et
758 3835 1157 3894 immunditiam
1185 3850 1533 3899 menstruam:
1577 3844 1996 3901 bumiliaverunt
2033 3848 2088 3903 in

515 3943 534 3978 ι
573 3935 643 3981 te.
675 3926 743 3982 Et
770 3930 1138 3999 unusquisque
1186 3931 1241 3985 in
1269 3946 1495 3987 uxorem
1522 3936 1753 4004 proximi
1783 3937 1863 3990 sui
1893 3952 2087 4007 opera-

511 4032 531 4067 ι
572 4025 657 4071 tus
683 4024 768 4072 est
792 4017 1266 4087 abominationem,
1295 4030 1349 4076 et
1385 4037 1541 4077 socer
1568 4038 1764 4079 nurum
1789 4041 1939 4081 suam
1969 4027 2086 4098 pol-

514 4124 534 4157 ι
573 4106 695 4171 luit,
721 4107 927 4162 nefarie
956 4108 1128 4165 frater
1152 4127 1391 4168 sororem
1426 4129 1580 4169 suam
1610 4114 1775 4171 ﬁliam
1803 4118 1973 4187 patris
2002 4119 2085 4173 sui

515 4212 533 4245 ι
569 4197 837 4265 oppressit
881 4197 937 4251 in
980 4206 1052 4253 te.
1100 4198 1321 4257 Munera
1369 4213 1692 4273 acceperunt
1735 4208 1876 4276 apud
1923 4216 1975 4263 te
2018 4209 2086 4263 ad

514 4303 531 4335 ι
569 4284 944 4341 effundendum
970 4290 1304 4359 sanguinem,
1329 4306 1547 4371 usuram
1571 4301 1625 4347 et
1646 4296 2088 4363 superabundan-

511 4392 529 4425 ι
568 4374 698 4429 tiam
733 4377 984 4445 accepisti
1014 4386 1070 4432 et
1105 4394 1268 4434 avare
1303 4383 1576 4450 proximos
1614 4391 1734 4439 tuos
1757 4384 2083 4441 calumniata

512 4482 531 4514 ι
566 4479 647 4529 es,
674 4466 884 4535 meique
905 4466 1070 4523 oblita
1099 4484 1180 4534 es,
1205 4469 1281 4524 ait
1309 4472 1566 4529 Dominus
1593 4473 1907 4531 Deus.Ecce
1936 4491 2085 4532 com-

512 4574 532 4606 ι
570 4556 704 4625 plosi
742 4572 937 4613 manus
980 4575 1129 4627 nieas
1167 4575 1328 4631 super
1374 4564 1599 4619 avaritia
1640 4574 1763 4632 tua,
1802 4582 1964 4637 quam
2005 4567 2083 4623 fe-

511 4666 530 4698 ι
569 4648 713 4713 cisti,
741 4658 797 4703 ct
824 4664 985 4718 super
1010 4652 1325 4722 sanguinem
1353 4654 1444 4721 qui
1475 4652 1674 4710 effusus
1700 4664 1784 4711 est
1824 4657 1879 4711 in
1907 4659 2083 4714 medio

510 4754 530 4787 ι
571 4737 665 4790 tui.
698 4735 946 4807 Nunquid
973 4740 1261 4817 sustinebit,
1285 4756 1379 4797 cor
1404 4749 1576 4808 tuum,
1602 4751 1694 4797 aut
1720 4745 2084 4815 praevalebunt

512 4842 532 4876 ι
569 4841 760 4881 manus
797 4836 902 4883 tute
947 4828 1003 4883 in
1037 4827 1226 4885 diebus
1260 4846 1393 4899 quos
1430 4847 1530 4903 ego
1571 4833 1763 4889 faciam
1804 4836 1941 4891 tibi?
1983 4852 2083 4907 ego

512 4933 532 4968 ι
566 4916 823 4973 Dominus
850 4917 1062 4973 locutus
1096 4934 1215 4973 sum
1244 4928 1299 4975 et
1334 4919 1526 4977 faciam
1548 4964 1562 4987 ,
1602 4931 1659 4977 et
1696 4924 1998 4995 dispergam
2030 4934 2083 4981 te

511 5024 530 5058 ι
565 5006 619 5060 in
647 5008 909 5072 nationes,
938 5017 993 5062 et
1032 5009 1301 5065 ventilabo
1331 5018 1382 5065 te
1417 5011 1471 5065 in
1516 5020 1706 5077 terras,
1749 5023 1805 5068 et
1845 5014 2079 5071 deficere

511 5115 529 5147 ι
567 5095 757 5151 faciam
794 5097 1182 5153 immunditiam
1218 5108 1361 5155 tuam
1388 5116 1416 5155 a
1446 5110 1514 5165 te,
1548 5110 1602 5156 et
1628 5102 1912 5173 possidebo
1940 5113 1991 5159 te
2025 5104 2080 5160 in

470 5192 471 5197 ‘
511 5206 529 5237 ι
565 5196 851 5257 conspectu
876 5191 1147 5257 gentium,
1190 5201 1245 5245 et
1287 5192 1426 5247 scies
1452 5194 1575 5263 quia
1602 5208 1701 5262 ego
1729 5195 2015 5260 Dominus,
2055 5216 2073 5248 ι

506 5289 607 5333 etc.
634 5276 902 5352 (Ηίει-οιι.)
956 5280 1023 5335 Et
1048 5290 1126 5346 tu,
1148 5283 1243 5347 ait,
1267 5282 1341 5337 fili
1369 5285 1617 5350 hominis,
1643 5295 1764 5340 utar
1786 5288 1929 5342 enim
1954 5304 2083 5343 con-

504 5375 657 5422 sueto
688 5369 753 5423 ad
794 5377 844 5422 te
884 5370 1161 5435 vocabulo,
1206 5369 1385 5440 judica
1433 5374 1703 5428 civitatem
1734 5377 2077 5445 sanguinum,

504 5464 558 5510 et
584 5458 810 5511 ostende
839 5456 912 5510 illi
938 5472 1125 5513 omnes
1146 5460 1569 5517 abominationes
1595 5479 1741 5529 suas,
1770 5474 1829 5519 ut
1857 5467 1994 5521 sciat
2023 5482 2081 5521 se

505 5544 873 5599 imminentem
918 5546 1287 5615 captivitatem
1335 5551 1530 5605 merito
1576 5553 1876 5617 sustinere,
1927 5564 1981 5609 et
2026 5555 2078 5610 in

508 5632 690 5686 multis
737 5633 1084 5703 sanguinibus
1138 5636 1425 5692 adduxisse
1469 5648 1678 5708 tempus
1727 5643 1896 5697 ruinas
1944 5659 2077 5708 suat,

505 5710 734 5787 primum
775 5722 1013 5776 omnium
1056 5723 1316 5779 scelerum
1356 5741 1452 5795 pro
1494 5728 1601 5781 Deo
1645 5730 1781 5784 idola
1827 5742 2076 5786 venerata

2120 3185 2163 3248 C

2108 4526 2160 4585 D

2193 1947 2401 2005 patrem
2429 1946 2484 1991 et
2510 1947 2737 1993 matrem
2767 1940 3103 1995 contumeliis
3132 1940 3428 1996 affecerunt
3462 1944 3573 1997 sive
3605 1944 3779 1998 male-

2194 2027 2440 2083 dixerunt
2466 2030 2796 2099 parentibus,
2833 2030 3109 2102 Scriptura
3137 2034 3349 2087 dicente
3380 2050 3392 2085 :
3422 2053 3441 2084 ι
3473 2032 3573 2099 Qui
3601 2034 3771 2088 malc-

2195 2119 2389 2173 dixerit
2413 2120 2551 2188 patri
2578 2129 2632 2174 et
2653 2122 2831 2183 matri,
2860 2132 3037 2176 morte
3065 2123 3343 2177 morietur.
3370 2143 3386 2174 ι
3409 2122 3688 2182 Adveuam
3722 2137 3777 2176 et

2191 2212 2532 2280 peregrinum
2558 2223 2945 2281 oppresserunt
2967 2213 3020 2267 in
3047 2214 3223 2267 medio
3249 2215 3343 2276 tui,
3368 2216 3520 2283 quasi
3545 2230 3646 2267 non
3675 2213 3781 2268 illis

2195 2297 2461 2354 sulliceret
2489 2315 2589 2369 pro
2615 2301 2762 2355 omni
2786 2301 3031 2371 angustia
3060 2303 3424 2371 peregrinatio
3442 2312 3495 2355 et
3524 2304 3780 2357 exsilium

2193 2390 2403 2457 patrias,
2438 2389 2695 2459 pupillum
2730 2398 2786 2449 et
2811 2390 3026 2444 viduam
3053 2378 3508 2447 contristaverunt
3539 2394 3650 2447 sive
3680 2408 3778 2461 op-

2193 2483 2507 2547 presserunt
2538 2480 2677 2549 apud
2704 2488 2778 2545 te,
2806 2488 2868 2535 ut
2907 2496 3136 2550 quorum
3171 2496 3330 2535 omne
3356 2482 3664 2552 praesidiun:
3697 2494 3779 2535 est

2195 2571 2249 2624 in
2272 2570 2448 2642 legum
2472 2570 2704 2649 iustitia,
2734 2587 2842 2627 non
2872 2571 3041 2626 solum
3062 2572 3533 2634 contristarentur,
3556 2572 3649 2625 sed
3677 2585 3775 2639 0p-

2194 2663 2555 2731 primerentur
2583 2680 2614 2719 a
2658 2674 2727 2719 te.
2768 2663 3088 2719 Sanctuaria
3134 2680 3250 2719 mea
3283 2666 3393 2718 sive
3423 2676 3608 2719 sancta
3643 2680 3776 2719 cm:-

2197 2754 2511 2821 tetnpsistis,
2537 2763 2591 2807 et
2616 2754 2840 2809 sabbata
2871 2770 2989 2809 mea
3029 2754 3311 2824 polluistis,
3346 2764 3535 2809 utnon
3567 2755 3772 2809 discer-

2195 2844 2396 2897 neretis
2413 2842 2553 2899 inter
2579 2853 2821 2898 sanctum
2840 2853 2892 2899 et
2914 2843 3191 2915 pollutum,
3222 2845 3363 2897 inter
3386 2844 3659 2898 decretum
3688 2859 3778 2898 re-

2192 2933 2377 3005 ligioni
2406 2934 2568 2999 diem,
2600 2936 2875 3005 otiumque
2911 2935 3143 3000 sabbati,
3173 2936 3240 2989 ad
3275 2936 3538 2989 culturam
3568 2936 3683 2997 Dei,
3725 2944 3777 2987 et

2194 3032 2416 3080 cteteros
2440 3025 2579 3091 dies,
2612 3027 2805 3096 quibus
2833 3028 3049 3097 operari
3073 3034 3129 3081 et
3154 3027 3357 3081 servire
3384 3028 3565 3081 carnis
3588 3042 3771 3081 neces-

2194 3116 2445 3172 sitatibus
2489 3116 2604 3187 lege
2649 3111 2969 3187 permissum
3010 3125 3111 3172 est.
3148 3134 3166 3168 ι
3201 3116 3313 3169 Viri
3352 3115 3708 3181 detractores,
3754 3138 3767 3166 ι

2195 3207 2308 3261 sive
2331 3206 2484 3276 juxta
2513 3206 2893 3278 Symmachum
2922 3215 2976 3261 et
3000 3198 3422 3263 Theodotionem
3456 3226 3473 3257 ι
3509 3207 3717 3271 dolosi,
3748 3228 3768 3262 ι

2194 3297 2337 3367 quod
2365 3297 2419 3350 in
2450 3295 2675 3353 Hebraeo
2703 3297 2903 3352 dicitur
2930 3299 3117 3357 rachil.
3139 3308 3194 3353 ct
3213 3298 3495 3353 homicidae
3533 3308 3691 3353 erant
3721 3300 3773 3352 in

2192 3394 2266 3450 te,
2294 3393 2353 3439 ut
2378 3386 2815 3457 blasphemarent
2840 3387 3027 3452 Deum,
3052 3390 3166 3447 sive
3191 3398 3385 3443 cuncta
3406 3387 3529 3442 dolo
3554 3402 3775 3456 agerent

2192 3484 2285 3531 aut
2320 3476 2591 3533 violentia.
2646 3478 2712 3532 Et
2754 3480 3104 3534 comederunt
3143 3479 3196 3534 in
3241 3480 3517 3535 montibus
3545 3481 3651 3534 alta
3685 3496 3775 3535 sa-

2191 3570 2420 3638 pientes,
2448 3577 2503 3623 et
2523 3568 2715 3624 elevati
2744 3578 2928 3624 contra
2960 3570 3125 3624 Deum
3154 3570 3425 3639 superbia,
3454 3570 3633 3625 scelus
3661 3571 3775 3624 sive

2192 3659 2455 3713 incestum
2486 3659 2693 3728 operati
2724 3669 2851 3714 sunt
2879 3660 2932 3713 in
2968 3659 3142 3714 medio
3173 3660 3281 3724 tui,
3316 3667 3374 3713 ut
3409 3659 3552 3726 quod
3584 3658 3638 3712 in
3672 3673 3773 3712 au-

2190 3750 2327 3821 gulis
2368 3766 2582 3821 quoque
2628 3759 2681 3807 et
2728 3759 2936 3806 secreto
2978 3764 3100 3805 rare
3143 3750 3224 3814 fit,
3271 3750 3487 3817 quando
3533 3764 3563 3801 a
3616 3748 3774 3803 malis

2190 3839 2530 3895 conscientia:
2573 3841 2849 3895 hominum
2880 3840 3204 3903 devitantur,
3234 3839 3337 3893 hoc
3379 3846 3435 3891 tu
3482 3838 3535 3891 in
3580 3853 3773 3908 propa-

2190 3927 2302 3982 tulo
2328 3926 2538 3983 feceris.
2568 3929 2707 3995 Quid
2731 3930 2803 3983 sit
2828 3937 3011 3984 autem
3037 3930 3300 3983 incestum
3336 3942 3570 3996 sequens
3596 3942 3771 3983 sermo

2189 4017 2488 4087 significat:
2519 4036 2539 4069 ι
2587 4018 2979 4074 Verecundiora
3006 4019 3173 4089 patris
3194 4018 3536 4072 nudaverunt
3560 4019 3615 4073 in
3645 4028 3717 4081 te,
3747 4038 3766 4070 ι

2188 4124 2433 4165 noverca:
2459 4119 2645 4166 contra
2676 4110 2757 4165 fas
2780 4120 2833 4164 et
2863 4110 3065 4165 licitum
3092 4110 3358 4182 copulati,
3398 4130 3415 4161 ι
3448 4121 3504 4165 et
3534 4113 3768 4166 immun-

2185 4202 2374 4257 ditiam
2406 4213 2751 4259 menstruata:
2780 4204 3202 4260 bumiliaverunt
3237 4206 3289 4260 in
3320 4214 3402 4271 te,
3449 4226 3466 4257 ι
3505 4223 3613 4261 non
3643 4224 3766 4277 par—

2186 4302 2372 4348 centes
2397 4303 2602 4348 naturaa
2628 4309 2728 4349 nec
2763 4295 3007 4350 inducias
3036 4296 3226 4350 dantes
3251 4296 3589 4365 turpitudini,
3622 4306 3675 4352 et
3704 4300 3768 4352 ad

2186 4399 2410 4439 uxorem
2434 4386 2663 4454 proximi
2686 4386 2768 4441 sui
2800 4387 3199 4443 adhinnientes.
3226 4388 3489 4458 Quodque
3518 4389 3622 4444 hoc
3651 4405 3767 4445 sce—

2188 4474 2407 4529 leratius
2433 4485 2533 4539 est,
2557 4490 2711 4531 socer
2735 4478 2940 4531 exarsit
2964 4479 3019 4532 in
3044 4494 3260 4543 nurum,
3290 4489 3345 4533 et
3370 4478 3541 4534 frater
3567 4481 3767 4535 sororis

2180 4564 2303 4633 jura
2330 4566 2585 4631 nescivit,
2619 4576 2679 4620 ut
2706 4582 2813 4621 non
2840 4568 3103 4622 uterinam
3123 4608 3139 4634 ,
3180 4569 3274 4623 sed
3302 4570 3367 4623 de
3392 4570 3582 4624 eodem
3618 4581 3768 4641 patre

2185 4652 2409 4707 violaret
2438 4668 2700 4709 sororem.
2727 4654 3062 4724 Acceperunt
3089 4672 3313 4712 munera
3340 4667 3401 4711 ut
3427 4658 3765 4713 innocentem

2185 4742 2500 4811 sanguinem
2526 4742 2833 4809 funderent,
2863 4745 3237 4801 necessitatem
3267 4761 3564 4817 pauperum
3596 4757 3769 4802 verte-

2184 4838 2310 4883 runt
2332 4830 2386 4883 in
2412 4830 2643 4895 lucrum,
2671 4840 2731 4885 ut
2760 4847 2976 4887 usuram
3000 4834 3310 4903 accipereut
3337 4843 3391 4888 et
3433 4838 3767 4904 superabun—

2185 4920 2443 4985 dantiam,
2474 4931 2529 4976 et
2580 4930 2800 4991 propter
2853 4924 3137 4979 avaritiam
3194 4926 3397 4980 amicos
3455 4926 3763 4981 ralumniati

2180 5022 2325 5065 sunt.
2355 5011 2466 5067 Hoc
2495 5022 2693 5078 autem,
2723 5015 2915 5084 inquit,
2937 5013 3133 5079 fecisti,
3173 5032 3207 5071 o
3251 5014 3612 5082 Hierusalem,
3646 5019 3765 5087 quia

2182 5102 2285 5155 mei
2328 5102 2492 5155 oblita
2532 5118 2630 5157 es-z
2662 5105 2919 5158 memoria
2963 5106 3107 5158 enim
3150 5106 3243 5159 Dei
3294 5106 3528 5161 excludit
3572 5120 3762 5163 cuncta

2181 5190 2401 5262 flagitia.
2450 5192 2600 5248 Unde
2645 5194 2881 5249 habitum
2909 5195 3120 5250 Domini
3157 5199 3437 5254 irascentis
3474 5204 3761 5271 assumpsi,

2184 5289 2236 5333 et
2264 5280 2519 5350 complosi
2568 5297 2759 5336 manus
2805 5298 2951 5337 meas
2980 5294 3169 5337 contra
3199 5286 3477 5339 avaritiam
3513 5297 3681 5351 tuam,
3713 5302 3765 5344 et

2188 5379 2372 5423 contra
2397 5372 2738 5440 sanguinem,
2770 5373 2858 5441 qui
2890 5372 3089 5429 effusus
3133 5384 3215 5429 est
3259 5376 3313 5429 in
3360 5378 3538 5431 medio
3569 5382 3680 5441 tui,
3710 5392 3766 5434 ut

2188 5462 2450 5532 intelligas
2476 5472 2530 5516 et
2574 5472 2751 5517 mente
2795 5480 3089 5534 cognoscas
3122 5477 3303 5521 utrum
3346 5468 3430 5521 vel
3476 5471 3659 5524 animo
3688 5473 3767 5524 vel

2187 5553 2433 5607 manibus
2478 5554 2662 5629 possis
2696 5571 2869 5609 meam
2912 5557 3561 5613 iracundiam~sustincrc.
3598 5580 3615 5610 ι
3658 5562 3765 5629 Ego

2185 5642 2326 5696 enim
2369 5643 2622 5699 Dominus
2656 5627 2868 5699 locutus
2915 5662 3067 5709 sum,
3114 5656 3169 5700 et
3210 5662 3309 5717 ego
3355 5645 3583 5711 facium,
3642 5670 3658 5699 ι
3709 5627 3766 5701 ut

2188 5740 2466 5802 postquam
2495 5743 2644 5803 capta
2689 5736 2846 5789 fuerit
2888 5733 3211 5799 Jerusalem,
3262 5736 3567 5803 dispergam
3613 5744 3663 5791 lc
3712 5739 3761 5790 in
