3936 6330
171 372 275 431 737

1133 377 1484 434 COMMENT.
1528 376 1593 431 IN
1634 374 2082 430 EZECIHELEM.
2120 404 2189 415 —
2225 374 2352 430 LIB.
2394 376 2483 430 IX.

3326 372 3427 427 758

169 490 445 551 nationes,
476 499 529 542 ct
559 489 809 543 ventilem
858 488 911 542 in
941 503 1119 543 acrem
1150 488 1300 557 quasi
1337 486 1550 541 inutiles
1579 487 1759 555 paleas
1790 489 1835 545 Α
1864 498 2113 537 sermone
2153 492 2313 553 atque
2339 484 2551 553 eloquio
2578 490 2946 553 susceperunt,
2975 490 3035 537 ut
3066 482 3207 551 quod
3248 493 3427 536 mente

173 582 285 633 huc
332 581 563 649 illucque
608 579 909 648 rapiendas.
955 579 1246 647 Tantreque
1289 576 1586 632 clementiae
1617 590 1758 639 sum,

172 680 231 721 ut
251 670 459 724 saevitia
482 683 601 722 mea
623 676 866 723 vertatur
883 669 934 721 in
954 668 1394 721 misericordiam.
1412 665 1601 721 Omnia
1617 664 1761 719 enim

173 758 377 810 faciam
408 769 467 809 ut
506 756 719 809 deficiat
759 757 1094 811 immunditia
1125 766 1213 809 tua
1245 772 1274 809 a
1318 766 1399 818 te,
1448 764 1501 809 et.
1531 756 1760 825 recipias

170 850 464 915 pristinam
492 848 799 915 puritatem,
823 863 984 915 quam
1012 864 1131 905 cum
1166 848 1452 916 receperis,
1482 846 1761 917 possidebo

172 947 231 988 te
264 937 315 987 in
343 944 633 1003 conspectu
661 937 897 990 omnium
926 939 1185 1008 gentium,
1230 946 1290 991 ut
1318 954 1441 993 eum
1465 954 1491 991 a
1525 953 1610 992 me
1638 954 1762 1008 pos-

172 1042 330 1081 sessa
364 1026 551 1091 fueris,
586 1034 712 1081 tunc
740 1028 1006 1098 intelligas
1035 1030 1175 1097 quod
1210 1031 1322 1099 ipse
1351 1031 1449 1084 sint
1484 1028 1757 1084 Dominus.

256 1139 271 1167 ι
322 1120 387 1172 Ει
417 1118 615 1173 factum
646 1129 728 1173 est
767 1120 985 1173 verbum
1034 1120 1247 1173 Domini
1278 1120 1344 1174 ad
1373 1134 1479 1185 me,
1524 1120 1711 1174 dicens
1743 1136 1756 1172 :

178 1230 200 1261 ι
237 1210 341 1264 Fili
374 1211 626 1275 hominis,
671 1225 826 1264 versa
866 1221 947 1264 est
979 1212 1108 1264 mibi
1152 1212 1339 1265 domus
1366 1211 1529 1267 lsrael
1559 1214 1610 1265 in
1644 1226 1761 1266 soo-

178 1323 198 1352 ι
240 1306 399 1357 riam.
425 1302 623 1359 Omnes
650 1303 733 1357 isti
759 1318 832 1356 aes
855 1311 907 1355 et
934 1312 1181 1357 stannum
1207 1310 1261 1357 et
1283 1302 1482 1358 ferrum
1509 1312 1565 1357 et
1589 1302 1761 1373 plum-

179 1414 198 1445 ι
240 1397 370 1449 bum
420 1397 471 1449 in
504 1396 679 1449 medio
712 1394 967 1459 fornacis,
1006 1394 1179 1448 scoria
1203 1393 1410 1465 argenti
1450 1394 1574 1448 facti
1615 1402 1759 1448 sunt.

180 1503 199 1532 ι
240 1483 534 1553 Propterea
567 1500 679 1538 ηειεο
711 1485 837 1537 dicit
866 1484 1123 1537 Dominus
1151 1483 1313 1545 Deus,
1352 1498 1419 1537 eo
1442 1484 1582 1553 quod
1619 1481 1760 1537 versi

181 1593 198 1622 ι
237 1576 372 1627 estis
402 1590 587 1629 omnes
628 1578 679 1627 in
712 1576 975 1636 scoriam,
1021 1574 1222 1628 idcirco
1258 1588 1383 1627 ecce
1410 1589 1507 1645 ego
1541 1590 1763 1644 congre-

180 1683 198 1711 ι
240 1666 381 1735 gabo
411 1680 504 1719 vos
548 1666 602 1718 in
649 1665 824 1719 medio
866 1664 1163 1717 Jerusalem
1210 1665 1623 1733 congregatione
1673 1679 1761 1717 ar-

179 1777 200 1804 ι
242 1756 388 1825 genti
416 1764 469 1809 et
507 1756 627 1810 aeris
656 1765 708 1810 et
750 1755 876 1809 ferri
916 1764 969 1810 et
1010 1756 1208 1819 stanni,
1239 1763 1293 1808 et
1320 1754 1519 1823 plumbi
1566 1755 1618 1809 in
1650 1770 1759 1809 me-

181 1863 201 1892 ε
243 1844 390 1896 dium
425 1844 674 1906 fornacis,
706 1852 765 1897 ut
795 1844 1113 1897 succendam
1152 1844 1202 1896 in
1232 1858 1294 1896 ea
1326 1844 1499 1911 ignem
1530 1842 1595 1896 ad
1633 1858 1759 1897 con-

182 1952 202 1980 ι
246 1931 505 1997 fiandum,
545 1934 623 1986 sic
669 1933 1005 2002 congregabo
1049 1934 1099 1986 in
1132 1932 1311 1986 furore
1353 1948 1470 1986 meo
1501 1942 1554 1987 et
1598 1934 1649 1986 in
1682 1932 1762 1986 ira

181 2042 202 2073 ι
244 2040 384 2089 mea,
418 2034 470 2078 et
495 2026 850 2093 requiescam,
875 2033 929 2078 et
953 2022 1193 2077 conﬂabo
1223 2039 1335 2087 vos,
1364 2032 1418 2077 et
1444 2024 1763 2078 succendam

183 2131 205 2163 ι
245 2130 344 2167 vos
380 2116 431 2167 in
464 2115 585 2183 igne
622 2114 818 2167 furoris
864 2113 986 2175 mei,
1019 2122 1069 2166 et
1097 2111 1460 2167 conflabimini
1504 2112 1556 2165 in
1589 2113 1764 2167 medio

182 2220 206 2254 ι
244 2201 382 2269 ejus,
408 2212 467 2255 ut
497 2201 757 2257 conflatur
791 2210 1067 2271 argentum
1100 2202 1153 2254 in
1188 2201 1362 2254 medio
1400 2200 1653 2263 fornacis,
1686 2200 1765 2253 sic

183 2310 205 2341 ι
244 2292 398 2346 eritis
427 2292 477 2344 in
523 2293 699 2346 medio
726 2293 860 2361 ejus.
901 2291 968 2343 Et
1001 2291 1182 2344 scietis
1210 2290 1333 2359 quia
1372 2305 1471 2360 ego
1510 2289 1764 2344 Dominus

186 2403 207 2433 ε
246 2381 525 2437 efi‘uderim
559 2382 975 2452 indignationem
1011 2396 1183 2435 meam
1224 2396 1384 2449 super
1404 2396 1519 2435 vos.
1552 2399 1569 2431 ι
1596 2379 1764 2433 Porro

178 2473 393 2536 scoria,
424 2473 611 2527 sordes
635 2480 690 2527 et
717 2480 1064 2541 purgamenta
1105 2470 1439 2525 metallorum
1480 2478 1655 2523 sonat.
1698 2468 1765 2522 Et

179 2571 576 2633 consequenter
607 2562 914 2631 captivitate
941 2560 1144 2623 vicina,
1186 2560 1294 2614 into
1326 2561 1637 2615 imminente
1678 2576 1761 2613 ur-

179 2657 268 2711 itis
288 2657 519 2721 excidio,
543 2656 680 2726 ignis
709 2655 1013 2719 adhibetur,
1045 2662 1103 2705 ut
1130 2654 1228 2707 sub
1263 2651 1608 2706 translatione
1632 2667 1763 2707 con-

179 2750 416 2803 ﬂatiunis
472 2764 664 2819 purum
722 2756 1001 2819 argentum
1055 2756 1366 2810 remaneat,
1420 2746 1562 2814 quod
1617 2761 1761 2808 .ere,

178 2849 397 2900 stanno,
422 2836 583 2901 ferro,
614 2837 936 2907 plumboque
964 2835 1179 2890 mistum
1223 2835 1396 2888 fuerat
1422 2844 1582 2903 atque
1602 2834 1765 2886 viola-

180 2936 319 2981 tum.
352 2927 589 2993 Quorum
620 2926 720 2980 tria
761 2942 853 2988 (es,
895 2934 1146 2979 stannum
1174 2931 1227 2977 et
1253 2922 1526 2993 plumbum
1547 2963 1560 2985 ,
1594 2922 1763 2975 fusilis

182 3018 427 3073 materia:
456 3026 599 3081 sunt,
633 3028 687 3073 et
731 3018 839 3089 igni
877 3016 1191 3081 solvuntur;
1222 3015 1424 3071 ferrum
1472 3030 1596 3069 vero
1625 3016 1764 3070 inter

180 3111 432 3164 incudem
462 3118 516 3163 et
550 3110 796 3164 malleum
826 3107 1089 3163 mollescit
1118 3115 1278 3176 atque
1308 3115 1575 3171 tenuatur,
1602 3117 1656 3160 et
1680 3108 1761 3161 di-

1861 575 2244 643 conceperint,
2307 574 2488 629 verbis
2547 574 2829 643 explicent.
2890 573 2966 627 De
3011 579 3232 643 argento
3292 571 3427 641 legi-

1859 676 2012 727 mus,
2055 681 2073 713 ι
2109 662 2330 731 Eloquia
2377 662 2626 727 Domini,
2664 661 2873 731 eloquia
2923 669 3105 725 casta,
3144 669 3423 733 argentum

1860 750 1982 819 igne
2027 751 2415 817 examinatum,
2461 752 2740 819 probatum
2794 760 2967 814 terrae,
3013 756 3297 819 purgatum
3343 761 3431 802 se-

1858 838 2104 909 ptuplum
2133 855 2184 904 ;»
2213 836 2279 893 de
2301 854 2431 894 auro
2491 837 2738 893 similiter
2792 846 2846 891 et
2891 848 3109 908 argento
3157 838 3423 909 sexagesi-

1860 942 1981 982 mus
2030 929 2289 997 septimus
2338 929 2579 984 continet
2621 927 2865 982 Psalmus
2910 926 2959 979 in
3008 942 3112 995 quo
3166 928 3425 996 scriptum

1859 1024 1940 1069 est
1974 1029 1989 1068 :
2018 1013 2076 1070 Si
2113 1015 2443 1071 dormieritis
2482 1017 2624 1070 inter
2658 1016 2863 1070 medios
2904 1015 3077 1069 eleros
3117 1030 3303 1083 pennis
3339 1031 3429 1068 co-

1858 1102 2054 1159 lumba;
2113 1104 2492 1175 deargentattc,
2550 1112 2603 1158 et
2649 1104 2947 1171 posteriora
3003 1105 3116 1158 sive
3171 1104 3427 1159 interiora

1859 1192 2002 1247 dorsi
2034 1190 2152 1260 ejus
2202 1192 2257 1246 in
2300 1193 2478 1246 virore
2526 1201 2616 1245 aut
2647 1192 2849 1260 pallore
2891 1193 3027 1246 auri.
3064 1192 3250 1247 Omnis
3284 1193 3427 1247 enim

1858 1280 2031 1350 gloria
2053 1279 2174 1334 filiae
2212 1280 2353 1351 regis
2397 1264 2739 1343 intrinsecus,
2776 1294 2894 1349 qua:
2934 1281 3172 1350 loquitur
3200 1281 3252 1335 in
3282 1280 3425 1335 Can—

1861 1371 1970 1425 tico
1999 1371 2334 1426 canticorum
2374 1388 2387 1424 :
2424 1389 2442 1421 ι
2478 1371 2781 1425 Introduxit
2806 1387 2891 1425 me
2919 1386 3008 1425 rex
3044 1373 3093 1425 in
3127 1373 3427 1426 cubiculum

1860 1476 2034 1515 suum.
2067 1480 2087 1513 ι
2120 1460 2219 1527 Qui
2248 1461 2389 1515 inter
2412 1462 2516 1517 duo
2545 1461 2820 1515 dormierit
2840 1470 2894 1515 et
2917 1462 3241 1530 requieverit
3268 1471 3430 1517 testa-

1860 1558 2070 1615 menta,
2099 1550 2279 1605 statim
2308 1551 2596 1618 assumpsit
2636 1564 2839 1619 pennas
2885 1550 3142 1603 columbae
3176 1552 3432 1619 deargen—

1860 1647 1984 1694 tata!
2010 1640 2234 1708 aurique
2260 1638 2312 1691 in
2345 1639 2525 1693 cordis
2553 1640 2808 1693 thesauro
2841 1638 3043 1709 fulgore
3071 1640 3315 1694 radiabit.
3348 1640 3429 1694 Ad

1860 1727 2001 1783 hunc
2029 1743 2244 1783 sensum
2278 1743 2401 1783 reor
2434 1735 2488 1785 et
2522 1728 2609 1781 illa
2655 1742 2774 1782 esse
2808 1728 3083 1783 referenda
3129 1731 3267 1798 quod
3305 1744 3427 1798 pec—

1791 1834 1834 1891 B
1861 1817 2133 1873 catoribus
2179 1826 2235 1871 et
2282 1818 2372 1887 qui
2424 1828 2733 1873 meruerunt
2786 1817 3042 1872 offensam
3092 1820 3204 1883 Dei,
3233 1820 3427 1873 cmlum

1863 1922 2092 1973 aeneum,
2124 1916 2265 1963 terra
2288 1907 2359 1963 sit
2384 1906 2580 1969 ferrea,
2606 1917 2660 1961 et
2694 1908 2923 1961 maxime
2951 1916 3091 1961 terra
3123 1908 3335 1978 Egypti
3366 1910 3431 1964 de

1864 2012 1969 2066 qua
1992 1997 2174 2052 eduxit
2200 1997 2455 2058 Dominus
2480 1996 2663 2061 Israel,
2714 1998 2867 2067 quasi
2900 1998 2965 2053 de
2994 1998 3209 2054 fornace
3235 1998 3429 2054 ferrea.

1863 2087 1919 2142 ln
1951 2089 2208 2145 Zacharia
2236 2106 2447 2160 quoque
2490 2092 2743 2160 iniquitas
2782 2092 2931 2146 sedet
2967 2107 3127 2162 super
3170 2094 3427 2148 talentum

1864 2179 2088 2249 plumbi.
2115 2181 2179 2234 Et
2214 2182 2267 2235 in
2293 2182 2459 2235 Exodi
2489 2182 2696 2235 cantico
2724 2182 2935 2245 dicitur,
2971 2200 2988 2232 ι
3021 2183 3259 2237 Demersi
3304 2195 3430 2239 sunt

1864 2270 2018 2338 quasi
2052 2269 2327 2338 plumbum
2353 2272 2405 2324 in
2436 2286 2570 2340 aqua
2594 2271 2996 2327 violentissima.
3040 2292 3057 2323 ι
3091 2272 3251 2328 Gravi
3283 2276 3426 2329 enim

1862 2371 2206 2430 peccatorum
2232 2363 2465 2432 pondere
2498 2366 2880 2433 premebantur
2909 2374 2963 2419 et
2989 2365 3132 2432 loqui
3162 2376 3428 2437 poterant,

1870 2469 1888 2500 ι
1910 2450 2071 2516 Quasi
2097 2468 2231 2506 onus
2244 2468 2404 2523 grave
2426 2463 2656 2522 gravata:
2674 2462 2795 2507 sunt
2818 2470 2976 2523 super
2992 2472 3094 2511 me.
3120 2476 3137 2508 ι
3157 2455 3432 2524 Quomodo

1865 2550 2041 2596 autem
2069 2543 2185 2596 auri
2216 2544 2447 2613 speciem
2481 2544 2779 2598 adulterina
2812 2546 2935 2599 aeris
2965 2545 3257 2601 similitudo
3286 2562 3433 2603 men-

1866 2632 2015 2695 titur,
2044 2633 2124 2686 sic
2164 2635 2371 2702 argenti
2408 2634 2692 2687 candorem
2728 2642 2975 2688 stannum
3005 2636 3240 2701 simulat,
3291 2639 3428 2707 quod

1865 2722 2088 2791 simplex
2119 2732 2172 2777 et
2202 2724 2433 2779 rusticus
2459 2740 2561 2778 non
2590 2723 2744 2778 facile
2774 2726 3055 2794 dignoscit.
3082 2728 3144 2780 Et
3166 2744 3304 2797 smpe
3336 2726 3428 2785 'ac-

1864 2810 1991 2864 cidit
2015 2820 2072 2863 ut
2095 2827 2282 2865 aurum
2314 2820 2367 2865 et
2397 2822 2674 2881 argentum
2704 2814 2953 2867 haeretica
2985 2817 3246 2883 pravitate
3277 2833 3427 2871 com-

1864 2901 2101 2961 mistuni,
2138 2902 2257 2971 igne
2297 2901 2527 2969 Spiritus
2558 2902 2726 2955 sancti
2766 2912 2817 2955 et
2861 2903 3067 2957 Domini
3110 2906 3310 2973 judicio
3338 2921 3427 2960 se-

1863 2998 2102 3061 paretur,
2134 2999 2187 3046 Εῒ
2229 3005 2420 3060 purum
2451 3005 2637 3043 πυτιιιιι
2684 3000 2987 3055 remaneat,
3037 3000 3091 3046 et
3124 3003 3427 3064 argentum,

1863 3082 1928 3135 de
1948 3095 2053 3149 quo
2076 3082 2203 3136 dicit
2224 3083 2481 3151 propheta
2508 3100 2519 3135 :
2546 3102 2562 3132 ι
2594 3082 2720 3135 Dedi
2744 3084 2822 3137 eis
2846 3099 3035 3138 aurum
3058 3096 3112 3139 et
3130 3096 3427 3157 argentum,

178 3214 370 3253 versas
396 3198 592 3268 accipit
612 3198 831 3261 formas,
863 3205 1023 3265 prout
1050 3197 1298 3250 voluntas
1320 3194 1545 3250 artificis
1572 3194 1757 3249 fuerit.

1865 3173 1962 3241 ipsi
1994 3183 2174 3228 autem
2212 3174 2453 3229 fecerunt
2493 3190 2555 3228 ex
2593 3176 2670 3229 eis
2712 3174 2855 3229 Baal.
2897 3196 2914 3227 ι
2951 3175 3050 3232 Cui
3088 3178 3261 3235 simile
3306 3191 3428 3246 est,

184 3288 340 3343 Sicut
367 3288 531 3359 igitur
555 3294 857 3356 argentum,
888 3286 1029 3354 quod
1066 3284 1370 3354 supradicta
1398 3284 1613 3338 metalla
1641 3284 1758 3337 vio-

180 3383 385 3445 larunt,
420 3382 474 3434 in
504 3379 776 3433 fornacem
822 3377 1085 3440 mittetur,
1116 3386 1176 3429 ut
1217 3375 1409 3430 ablatis
1433 3375 1679 3429 sordibus
1706 3382 1762 3427 et

179 3469 497 3524 adulterinis
546 3467 787 3522 materiis
827 3481 1017 3535 purum
1073 3474 1376 3529 remaneat,
1428 3465 1533 3529 ita,
1566 3464 1757 3533 inquit,

180 3556 520 3628 congregabo
546 3570 641 3610 vos
685 3555 737 3609 in
775 3555 1012 3609 medium
1050 3552 1344 3608 Jerusalem
1390 3561 1444 3605 et
1474 3552 1759 3622 Babylonia

179 3647 463 3719 obsidione
492 3645 854 3709 circumdabo,
884 3652 944 3697 ut
972 3645 1290 3699 succendam
1325 3644 1375 3697 in
1406 3643 1555 3697 vobis
1584 3644 1759 3714 ignem

179 3738 248 3791 ad
275 3735 631 3790 conflandutn.
664 3732 925 3803 Quodque
960 3734 1029 3786 ibi
1068 3732 1195 3787 facit
1226 3731 1563 3786 ﬂammarum
1600 3732 1762 3785 ardor

182 3828 501 3889 immensus,
547 3825 634 3879 hic
682 3823 852 3878 fames
874 3830 928 3876 et
953 3822 1255 3892 pestilentia
1284 3822 1465 3885 faciet,
1512 3829 1569 3873 ut
1614 3833 1761 3890 post~

179 3932 343 3983 quam
385 3928 779 3984 congregavero
820 3928 915 3966 vos
957 3921 1117 3980 atque
1161 3910 1489 3965 succendero
1539 3911 1591 3964 in
1640 3913 1760 3980 igne

180 4006 401 4071 furoris,
431 4017 556 4079 tunc
579 4007 935 4075 requiescam,
972 4014 1026 4059 et
1054 4012 1337 4059 contentus
1376 4005 1609 4059 dolorem
1648 4018 1761 4074 pte—

180 4114 375 4152 narum
408 4107 707 4153 vestrarum
741 4098 941 4151 ultione
964 4112 1320 4167 compescam.
1351 4098 1417 4150 Et
1452 4099 1553 4151 hoc
1588 4106 1762 4151 totum

183 4188 379 4243 faciam
416 4199 473 4241 ut
514 4199 795 4257 postquam
839 4186 1075 4242 eﬂudero
1117 4188 1535 4258 indignationem
1584 4204 1760 4243 meam

181 4292 347 4347 super
386 4292 511 4341 vos,
566 4277 688 4332 finis
743 4278 905 4332 vestri
956 4278 1227 4331 cruciatus
1276 4278 1379 4332 mei
1430 4278 1619 4331 notitia
1668 4279 1756 4333 sit.

184 4366 251 4419 Et
277 4367 463 4421 sciatis
496 4368 618 4437 quia
653 4383 751 4437 ego
788 4383 904 4421 sum
938 4366 1197 4421 Dominus
1230 4364 1393 4433 judex
1429 4367 1668 4421 omnium
1706 4375 1760 4421 et

184 4457 497 4509 retributor.
543 4456 694 4522 Quod
724 4466 902 4510 autem
928 4458 1140 4511 dicatur
1163 4470 1283 4510 esse
1308 4454 1588 4519 confiator,
1622 4464 1676 4509 et
1703 4457 1757 4511 in

1861 3262 2030 3317 Eduxi
2053 3278 2146 3318 eos
2171 3264 2226 3317 in
2252 3273 2474 3334 argento
2502 3274 2555 3319 et
2581 3280 2731 3328 auro,
2756 3274 2811 3319 et
2841 3282 2944 3319 non
2968 3278 3083 3321 erat
3114 3269 3165 3321 in
3190 3270 3431 3327 tribubus

1859 3368 2047 3407 eorum
2110 3354 2371 3408 infirmus.
2428 3353 2682 3424 Finisque
2739 3371 3021 3425 poenarum
3079 3363 3313 3415 omnium
3361 3366 3432 3418 sit

1861 3457 2021 3497 nosse
2041 3444 2182 3511 quod
2214 3444 2325 3512 ipse
2356 3444 2719 3499 sitDominus.
2743 3445 2917 3517 (Creg.
2949 3448 3025 3501 De
3051 3448 3174 3502 Cur.
3208 3463 3428 3519 βίαιοι-η

1860 3548 1906 3583 c.
1926 3531 2036 3601 Η.)
2056 3552 2071 3582 ι
2097 3530 2315 3593 Omnes,
2333 3533 2522 3601 inquit,
2548 3535 2635 3587 isti
2657 3546 2778 3589 sunt
2805 3537 2954 3601 mihi,
2974 3552 3065 3601 ses,
3083 3548 3349 3605 stannum,
3380 3557 3431 3596 et

1861 3619 2086 3684 ferrum,
2109 3632 2164 3675 et
2184 3622 2453 3690 plumbum
2483 3624 2533 3675 in
2558 3625 2731 3676 medio
2758 3622 3007 3679 fornacis.
3031 3626 3143 3679 »Ας
3173 3630 3216 3679 si
3247 3640 3430 3696 aperte

1861 3709 2040 3762 dicat:
2067 3709 2303 3777 Purgare
2337 3725 2427 3763 eos
2454 3726 2550 3778 per
2578 3711 2750 3780 ignem
2792 3712 3150 3768 tribulationis
3186 3716 3348 3780 volui,
3377 3730 3431 3772 et

1861 3806 2140 3867 argentum
2171 3799 2287 3852 illos
2329 3798 2410 3852 vel
2440 3814 2627 3851 aurum
2676 3799 2789 3853 fieri
2832 3803 3073 3869 quaesivi,
3116 3805 3207 3858 sed
3236 3805 3288 3858 in
3319 3806 3401 3861 for

1860 3904 1993 3943 nace
2018 3889 2146 3942 mihi
2172 3889 2222 3942 in
2250 3904 2342 3952 aes,
2378 3898 2646 3953 stannum,
2681 3890 2879 3945 ferrum
2904 3901 2953 3947 et
2990 3894 3259 3963 plumbum
3290 3903 3427 3955 versi

1861 3987 2005 4041 sunt,
2055 3979 2177 4048 quia
2207 3994 2312 4032 non
2356 3978 2420 4032 ad
2451 3980 2721 4043 virtutem,
2768 3983 2859 4037 sed
2908 3983 2973 4036 ad
3013 3985 3139 4037 vitia
3173 3987 3334 4041 etiam
3372 3991 3422 4043 in

1863 4066 2203 4121 tribulatione
2222 4078 2599 4137 proruperunt.
2625 4068 2722 4123 1E5
2742 4071 2935 4138 quippe
2959 4071 3083 4124 dum
3108 4077 3426 4141 percutitur,

1862 4156 2091 4224 amplius
2131 4156 2359 4209 metallis
2400 4157 2609 4210 caeteris
2639 4158 2870 4211 sonitum
2913 4159 3101 4213 reddit.
3136 4160 3235 4227 Qui
3267 4163 3430 4233 igitur

1862 4246 1913 4299 in
1939 4249 2284 4315 percussione
2312 4248 2518 4316 positus
2548 4249 2779 4317 erumpit
2808 4249 2872 4303 ad
2902 4250 3137 4305 sonitum
3183 4269 3426 4309 murmu-

1862 4336 2106 4401 rationis,
2131 4338 2184 4391 in
2207 4352 2281 4391 ms
2301 4352 2488 4391 versus
2508 4347 2584 4391 est
2610 4339 2661 4392 in
2692 4339 2865 4394 medio
2892 4339 3153 4408 fornacis;
3180 4352 3427 4401 stannum

1862 4442 1991 4482 vero
2019 4443 2140 4482 cum
2162 4444 2227 4483 ex
2259 4436 2373 4483 arte
2403 4430 2756 4496 componitur,
2786 4432 2991 4498 argenti
3019 4434 3247 4501 speciem
3280 4451 3432 4491 men-

184 4544 371 4598 multis
400 4505 613 4613 quidem
643 4546 762 4600 aliis
798 4547 927 4600 locis
955 4586 969 4611 ,
1023 4545 1115 4600 sed
1144 4544 1376 4597 maxime
1415 4545 1468 4597 in
1498 4544 1758 4597 Malachia
1787 4505 1837 4564 Β
1864 4520 2011 4613 fit?“
2040 4519 2139 4586 Q'“
2165 4534 2291 4589 ergo
2322 4519 2677 4613 5i"_‘"l““°"i5
2698 4520 2832 4613 δίίξθ
2862 4535 2965 4575 ηθη
2995 4531 3143 4577 “rei
3172 4523 3224 4577 ί¹¹
3257 4526 3427 4580 "ibu'

182 4648 238 4691 et
266 4636 401 4689 lsaia
423 4635 670 4707 legimus,
692 4651 916 4705 quorum
948 4636 1116 4691 alter:
1140 4655 1157 4685 ‹
1185 4635 1343 4698 Ecce,
1363 4634 1556 4703 inquit,
1582 4634 1761 4686 Domi-

183 4741 291 4779 nus
319 4725 590 4794 egreditur
638 4726 787 4793 quasi
821 4726 957 4795 ignis
987 4722 1307 4788 eonfiatorii,
1335 4733 1387 4779 et
1412 4725 1551 4778 sicut
1592 4722 1759 4777 herba

182 4813 502 4878 lavantium,
553 4824 607 4867 et
638 4814 841 4868 sedebit
880 4812 1117 4868 conflans
1148 4813 1303 4882 quasi
1345 4828 1535 4866 aurum
1581 4819 1635 4865 et
1674 4828 1760 4866 ar-

182 4912 435 4968 genium,
460 4912 515 4959 et
537 4902 791 4959 conflabit
818 4902 952 4957 filios
978 4902 1125 4956 Levi.
1153 4922 1171 4953 ι
1200 4903 1348 4956 Alter
1373 4920 1385 4955 :
1420 4920 1438 4951 ι
1468 4902 1533 4955 Ει
1562 4901 1762 4955 lavabit

184 4994 445 5047 Dominus
466 4994 653 5048 sordes
679 4992 908 5045 filiorum
937 5000 990 5044 et
1012 4991 1240 5045 ﬁliarum
1267 4990 1395 5046 Sion
1416 5034 1429 5056 ,
1460 5000 1513 5045 et
1546 4992 1760 5062 sangui-

184 5098 311 5137 nem
336 5083 612 5139 mundabit
635 5083 699 5137 de
734 5082 907 5135 medio
927 5096 1113 5136 eorum
1147 5082 1338 5151 spiritu
1355 5082 1542 5151 jndicii
1574 5092 1629 5135 et
1653 5082 1760 5150 spi-

185 5175 297 5228 ritu
320 5173 723 5227 eombustionis.
752 5171 817 5225 Et
840 5180 967 5242 puto
991 5171 1115 5225 illud
1145 5184 1338 5225 sonare
1364 5173 1504 5239 quod
1531 5172 1583 5224 in
1613 5170 1757 5240 psal-

185 5266 293 5319 mis
316 5264 509 5319 dicitur
532 5281 545 5316 :
576 5283 592 5313 ι
611 5263 784 5318 Proba
804 5278 912 5328 me,
939 5263 1181 5325 Domine,
1206 5272 1260 5318 et
1288 5270 1432 5316 tenta
1457 5278 1571 5326 me;
1596 5281 1615 5314 ι
1641 5269 1763 5332 post

184 5354 330 5423 quod
360 5351 604 5416 infertur,
650 5371 668 5403 ι
708 5352 815 5408 Ure
843 5367 997 5406 renes
1025 5366 1175 5405 meos
1202 5359 1255 5403 et
1284 5366 1378 5404 cor
1412 5366 1612 5415 meum,
1648 5368 1667 5401 ι
1701 5359 1760 5402 ιιι

187 5446 438 5501 universa
469 5445 769 5499 lumborum
800 5447 942 5500 noxii
968 5446 1019 5499 in
1050 5459 1134 5498 me
1170 5444 1409 5499 humoris
1432 5442 1620 5512 pituita
1655 5442 1759 5497 sic-

186 5544 363 5593 cetur.
403 5535 559 5602 Quod
583 5536 648 5590 de
674 5534 967 5589 Jerusalem
994 5534 1375 5604 intelleximus,
1400 5533 1760 5603 intelligamus

188 5627 260 5682 de
286 5627 589 5681 animarum
612 5633 752 5679 statu
772 5665 786 5688 ,
834 5640 952 5694 quze
980 5639 1125 5694 pura:
1150 5638 1178 5677 a
1210 5624 1318 5676 Deo
1353 5622 1581 5677 conditae
1609 5630 1755 5687 sunt,

192 5731 493 5786 aurumque
524 5716 574 5768 in
605 5729 763 5769 sensu
793 5722 951 5784 atque
979 5714 1260 5783 sapientia,
1306 5721 1362 5768 et
1394 5722 1671 5783 argentum
1702 5713 1755 5767 in

1864 4610 2080 4675 latione,
2112 4619 2359 4663 stannum
2386 4608 2559 4665 factus
2586 4618 2670 4665 est
2696 4612 2747 4664 in
2779 4611 3013 4668 fornace.
3046 4613 3214 4670 Ferro
3248 4626 3424 4673 autem

1864 4704 2050 4767 utitur,
2099 4704 2186 4771 qui
2232 4704 2356 4757 vitae
2382 4706 2614 4773 proximi
2658 4706 2957 4760 insidiatur.
2997 4708 3217 4763 Ferrum
3249 4712 3428 4782 itaque

1863 4795 1916 4849 in
1956 4795 2169 4849 fornace
2203 4803 2286 4849 est
2322 4796 2412 4866 qui
2450 4796 2677 4851 nocendi
2725 4797 2980 4851 malitiam
3010 4814 3114 4853 non
3145 4802 3340 4855 amittit
3371 4804 3425 4857 in

1864 4883 2228 4938 tribulatione.
2264 4884 2541 4939 Plumbum
2581 4900 2792 4953 quoque
2832 4887 3041 4940 caeteris
3078 4888 3309 4943 metallis
3346 4901 3427 4945 est

1862 4973 2095 5041 gravius.
2130 4972 2183 5025 In
2212 4972 2426 5026 fornace
2454 4988 2582 5043 ergo
2607 4973 2879 5042 plumbum
2911 4976 3203 5041 invenitur,
3229 4963 3319 5047 qui
3344 4981 3423 5034 sic

1861 5064 2065 5132 peccati
2112 5064 2191 5116 sui
2233 5063 2465 5131 pondere
2507 5063 2799 5131 premitur,
2834 5073 2894 5118 ut
2921 5065 3083 5119 etiam
3110 5066 3164 5119 in
3206 5068 3426 5122 tribula-

1862 5154 2005 5206 tione
2055 5153 2291 5221 positus,
2349 5168 2377 5206 a
2434 5153 2663 5209 terrenis
2719 5154 2997 5211 desideriis
3040 5172 3145 5211 non
3197 5157 3421 5213 levetur.

1861 5241 1998 5296 llinc
2025 5257 2236 5295 rursum
2264 5242 2521 5311 scriptum
2548 5251 2629 5296 est
2662 5260 2675 5295 :
2710 5260 2728 5293 ι
2771 5242 2934 5298 Multo
2963 5244 3142 5300 labore
3178 5247 3423 5304 sudatum

1861 5341 1975 5395 est,
2003 5340 2056 5384 et
2078 5346 2182 5384 non
2216 5330 2381 5384 exivit
2407 5333 2471 5386 de
2499 5347 2563 5386 eo
2591 5332 2753 5386 nimia
2781 5334 2965 5403 rubigo
2999 5335 3115 5403 ejus
3137 5352 3306 5406 neque
3328 5355 3424 5408 per

1860 5424 2065 5495 ignem;
2104 5441 2121 5473 ι
2155 5422 2331 5493 ignem
2359 5423 2553 5493 quippe
2591 5423 2746 5478 nobis
2772 5424 3127 5479 tribulationis
3155 5427 3419 5493 admovet,

1861 5522 1920 5567 ut
1947 5514 1999 5567 in
2028 5512 2184 5567 nobis
2221 5512 2520 5583 rubiginem
2550 5513 2798 5567 vitiorum
2825 5522 3037 5582 purget,
3076 5514 3168 5567 sed
3198 5530 3297 5569 nec
3326 5532 3423 5585 per

1858 5602 2035 5672 ignem
2086 5600 2387 5672 rubiginem
2444 5601 2757 5662 amittimus.
2801 5601 3014 5669 quando
3048 5610 3102 5656 et
3145 5603 3283 5657 inter
3328 5603 3426 5657 Πει-

1858 5691 1992 5763 gella
2021 5690 2152 5746 vitio
2181 5705 2287 5745 non
2315 5706 2579 5745 caremus.
2608 5690 2742 5745 illnc
2762 5690 3019 5759 pr0plicta
3046 5689 3208 5743 dicit:
3240 5709 3255 5739 ι
3286 5690 3421 5747 Frn.
