3936 6352
509 379 610 434 739

1168 377 1230 428 Β.
1274 374 1523 428 {MBAN
1566 373 1781 429 MAURI
1823 371 2137 427 AIiClILEP.
2180 368 2488 427 MOGUNT.
2529 370 2811 427 OPERUM
2852 371 3029 425 PARS
3070 371 3128 424 ιι.

3667 370 3764 424 τω

503 504 617 549 stra
665 489 913 546 conﬂavit
962 486 1249 549 conﬂatur,
1304 486 1523 540 malitiae
1549 499 1752 540 eorum
1807 498 1912 548 non
1957 492 2083 538 sunt
2110 490 2155 546 Α
2187 492 2337 537 mant
2374 496 2473 538 nec
2512 476 2787 553 patientiae
2834 484 3203 537 nmdcramiua
3245 497 3343 552 per
3380 482 3582 537 mentis
3620 492 3770 539 tran-

506 590 854 650 consuniptaz.
1212 656 1216 660 Α
1442 622 1443 625 η

576 692 594 722 ι
627 672 692 725 Et
739 670 943 723 factum
981 674 1063 720 est
1093 664 1312 720 verbum
1351 664 1562 723 Domini
1590 664 1655 718 ad
1697 671 1812 728 me,
1853 662 2076 716 dicens:

508 784 525 813 ι
553 760 654 814 Fili
680 757 933 822 hominis,
961 756 1047 810 dic
1071 756 1140 817 ei,
1169 754 1247 807 Tu
1286 769 1355 809 es
1374 764 1525 813 terra,
1556 753 1849 816 immunda,
1897 759 1951 806 et
1976 766 2081 805 non

509 872 526 902 ‹
561 848 831 916 compluta
854 847 907 900 in
948 846 1034 900 die
1074 842 1287 898 furoris.
1338 842 1650 911 Conjuratio
1697 844 2082 911 prophetarum

510 943 614 996 riu
660 940 833 995 medio
861 940 976 1009 ejus
998 980 1011 1001 ,
1057 938 1198 992 sicut
1232 937 1315 991 leo
1347 938 1564 1006 rugiens
1595 936 1917 1005 rapiensque
1948 949 2085 1004 pra:—

510 1051 527 1083 ι
558 1034 703 1096 dam,
741 1031 950 1085 animas
987 1030 1417 1082 devoraverunt:
1448 1041 1579 1096 opes
1623 1021 1948 1105 et-pretium
1994 1038 2085 1077 ac-

510 1142 527 1175 ι
566 1128 840 1192 ceperunt,
881 1119 1070 1173 viduas
1113 1117 1230 1185 ejus
1278 1117 1769 1186 multiplicaverunt
1810 1116 1865 1169 in
1908 1114 2085 1169 medio

511 1234 528 1264 ε
559 1213 718 1267 illius.
749 1209 1069 1265 Sacerdotes
1089 1206 1204 1275 ejus
1220 1214 1660 1276 contempserunt
1684 1206 1854 1273 legem
1882 1219 2080 1269 meam,

511 1320 527 1351 ι
564 1310 619 1355 et
666 1299 972 1371 polluerunt
1016 1296 1322 1364 sanctuaria
1374 1311 1511 1348 mea.
1554 1295 1699 1349 Inter
1746 1302 1988 1347 sanctum
2029 1302 2084 1348 et

512 1412 530 1443 ς
564 1390 845 1462 profanum
891 1403 996 1443 non
1050 1376 1286 1440 habuere
1308 1386 1635 1449 distantiam,
1662 1385 1803 1438 inter
1822 1384 2083 1453 pollutum

512 1503 529 1532 ι
561 1491 617 1537 et
640 1480 898 1535 mundum
941 1492 1045 1532 non
1084 1476 1481 1537 intellexerunt,
1512 1482 1564 1528 et
1599 1489 1631 1526 a
1675 1474 1913 1538 sabbatis
1951 1474 2087 1527 meis

513 1592 530 1621 ‹
561 1576 869 1625 averterunt
896 1567 1081 1622 oculos
1110 1580 1253 1631 suos,
1297 1572 1350 1619 et
1385 1565 1775 1633 eoinquinahar
1814 1565 1865 1617 in
1910 1564 2086 1617 medio

514 1678 533 1709 ‹
569 1668 777 1713 eorum.
824 1656 1101 1724 Principes
1124 1655 1247 1724 ejus
1288 1654 1341 1707 in
1374 1654 1549 1708 medio
1582 1654 1723 1707 illius
1773 1655 1925 1723 quasi
1971 1652 2086 1723 lupi

515 1768 532 1799 ε
568 1748 839 1817 rapientes
873 1745 1105 1815 praedam
1144 1745 1210 1799 ad
1239 1743 1617 1799 effundendum
1650 1744 1987 1810 sanguinem,
2031 1736 2087 1797 et

2184 573 2503 643 quillitatem
2539 584 2775 629 servant.
2806 573 2871 627 Et
2913 589 3051 642 saepe
3094 573 3183 627 alii
3214 573 3614 627 exhortationis
3649 591 3765 629 ver-

2186 666 2310 718 bum
2342 666 2395 719 in
2422 666 2727 735 semetipsis
2752 666 3073 734 suscipiunt,
3118 666 3299 719 carnis
3324 663 3434 731 jam
3473 666 3750 722 immundi-

2188 752 2318 807 tiam
2366 754 2624 817 vincunt,
2660 768 2856 822 corpus
2893 753 3233 813 incastitate
3285 755 3623 818 custodiunt;
3670 772 3771 809 nec

2174 852 2367 896 tamen
2416 843 2591 898 adhuc
2634 843 2845 896 animos
2893 843 3257 897 sicutdehent
3296 842 3349 895 in
3388 844 3664 912 proximos
3692 844 3772 896 in-

2187 931 2403 995 clinant,
2448 932 2543 986 sed
2573 946 2669 1001 per
2700 931 2935 1001 rigorem
2980 930 3246 999 superbia:
3271 932 3323 985 in
3356 933 3683 1000 cogitatione
3714 946 3773 986 se

2186 1011 2416 1074 elevant.
2468 1020 2525 1073 in
2560 1020 2680 1075 istis
2715 1018 2857 1088 pars
2883 1036 2991 1073 una
3027 1020 3295 1087 compluta
3337 1029 3437 1082 est,
3491 1038 3615 1092 quae
3658 1021 3773 1075 frué

2187 1120 2332 1164 etum
2360 1109 2508 1173 fecit,
2527 1118 2582 1162 et
2605 1124 2731 1179 pars
2752 1124 2871 1177 qua:
2902 1108 3170 1177 compluta
3199 1125 3306 1163 non
3335 1114 3419 1164 est
3438 1113 3610 1176 aruit;
3642 1112 3773 1181 quia

2182 1200 2581 1254 exhortationis
2617 1199 2843 1252 verbum
2873 1214 2980 1253 non
3021 1199 3173 1268 plene
3216 1201 3535 1269 suscipiens,
3568 1217 3598 1255 a
3622 1202 3767 1256 bono

2188 1295 2350 1357 Opere
2383 1289 2584 1343 sterilis
2610 1288 2891 1342 remansit.
2922 1287 3218 1359 (Ηὶενοη.)
3255 1290 3381 1344 Dies
3407 1300 3585 1345 autem
3618 1291 3771 1345 Iuro-

2189 1380 2265 1433 ris
2288 1388 2391 1442 est,
2423 1392 2581 1447 quem
2617 1378 2719 1433 sibi
2744 1379 3116 1449 unusquisque
3143 1381 3396 1435 conciliat
3428 1383 3776 1439 multitudine

2187 1477 2553 1539 peccatorum.
2607 1467 2760 1523 Scire
2802 1469 3047 1538 cupimus
3097 1472 3330 1540 quae_sit
3375 1471 3527 1525 urbis
3574 1474 3770 1538 scoria,

2166 1575 2307 1628 qum
2339 1568 2494 1613 terra:
2520 1559 2826 1614 durissimae
2868 1568 2923 1613 et
2961 1559 3132 1629 plenae
3158 1561 3402 1630 veprium
3431 1564 3773 1632 sentiumque

2188 1649 2425 1718 squalor.
2451 1648 2781 1719 Conjuratio,
2806 1649 3011 1717 inquit,’
3038 1650 3442 1719 prophetarum,
3482 1653 3593 1719 sive
3617 1652 3775 1720 juxta

2192 1737 2568 1808 Septuaginta,
2598 1737 2796 1791 ducum
2820 1736 2871 1789 in
2900 1736 3076 1791 medio
3104 1737 3221 1807 ejus
3245 1738 3555 1793 habentium
3586 1740 3776 1793 simili-

514 1855 533 1887 ι
565 1835 865 1906 perdendas
902 1836 1132 1898 animas,
1179 1841 1234 1887 et
1264 1847 1425 1887 avare
1462 1833 1713 1886 sectanda
1744 1832 1913 1886 lucra.
1949 1831 2084 1887 Pro-
2116 1849 2162 1906 Β
2191 1832 2431 1885 tudinem
2455 1829 2646 1896 leonis,
2691 1830 2756 1885 de
2790 1844 2896 1898 quo
2925 1830 3144 1898 scripsit
3169 1838 3223 1885 et
3249 1831 3441 1886 Petrus
3473 1849 3487 1884 :
3521 1852 3542 1882 ι
3568 1831 3777 1886 Adver-

514 1949 531 1976 ‹
566 1929 741 1996 phetae
769 1935 946 1980 autem
984 1925 1101 1993 ejus
1141 1924 1401 1979 liniebant
1435 1940 1530 1979 eos
1575 1925 1778 1994 absque
1822 1934 2090 1994 tempera-

517 2034 533 2064 ι
570 2022 772 2078 mento,
799 2014 1043 2068 videntes
1066 2028 1203 2066 vana
1224 2020 1278 2067 et
1299 1998 1601 2066 divinantes
1625 2012 1706 2066 eis
1728 2011 2085 2075 mendacium,
2115 2079 2118 2082 ἢ

520 2123 538 2153 ι
580 2104 839 2167 dicentes,
874 2102 995 2157 Haec
1032 2103 1160 2157 dicit
1200 2102 1457 2156 Dominus
1485 2101 1647 2165 Deus,
1676 2116 1799 2156 cum
1835 2102 2091 2157 Dominus

518 2213 536 2246 ι
573 2209 679 2249 non
724 2194 793 2248 sit
840 2193 1053 2247 loeutus
1080 2210 1092 2246 :
1124 2192 1382 2261 P0pulum
1432 2200 1589 2245 terra:
1626 2191 2092 2270 calumniahantur

516 2304 537 2338 ι
569 2285 862 2347 calumnia,
892 2292 946 2337 et
978 2284 1259 2352 rapiebant
1304 2283 1588 2347 violenter,
1618 2297 1845 2353 egenum
1873 2293 1938 2347 et,
1960 2298 2091 2352 pau-

514 2395 746 2451 cperem
798 2378 1137 2449 afﬂigebant,
1186 2385 1242 2431 et
1278 2378 1539 2431 advenam
1588 2377 1965 2445 Opprimebant
2003 2390 2093 2429 ca-

517 2489 537 2523 ι
574 2470 775 2524 lumuia
818 2469 1019 2537 absque
1050 2466 1275 2535 judicio.
1323 2466 1387 2519 Et
1427 2467 1649 2535 qumsivi
1694 2467 1765 2529 de
1808 2468 1887 2521 eis
1914 2466 2089 2520 virum

516 2577 535 2610 ι
569 2558 662 2629 qui
702 2558 1067 2625 interponeret
1093 2571 1295 2624 sepem,
1323 2564 1376 2609 et
1413 2564 1579 2609 staret
1599 2555 1876 2625 oppositus
1904 2567 2090 2609 contra

518 2669 535 2701 ι
569 2664 657 2703 me
682 2664 780 2719 pro
811 2656 974 2713 terra,
1015 2661 1082 2701 ne
1118 2646 1434 2714 dissiparem
1477 2661 1614 2709 eam,
1655 2654 1709 2699 ct
1748 2661 1852 2699 non
1888 2645 2087 2700 inveni.

519 2758 537 2789 ι
570 2738 638 2794 Et
674 2738 830 2793 elfudi
870 2753 1032 2807 super
1058 2752 1151 2792 eos
1181 2736 1600 2806 indignationem
1634 2751 1807 2791 meum
1833 2776 1845 2800 ,
1886 2737 1938 2790 in
1968 2737 2092 2806 igne

519 2848 537 2879 ι
576 2829 669 2881 irae
695 2842 825 2881 meas
855 2826 1159 2894 consumpsi
1181 2840 1293 2879 eos.
1325 2824 1476 2877 Viam
1517 2840 1703 2879 eorum
1732 2827 1785 2879 in
1822 2832 1981 2893 caput
2001 2840 2093 2880 eo-

519 2936 538 2968 ι
570 2934 688 2972 rum
712 2919 933 2977 reddidi,
968 2918 1043 2971 ait
1064 2916 1318 2970 Dominus
1356 2915 1515 2969 Deus.
1540 2934 1556 2965 ι
1584 2913 1851 2987 (Ηὶενοη.)
1876 2914 2094 2968 Poterat

512 3008 738 3077 diligens
780 3007 992 3060 auditor
1022 3008 1290 3076 inquirere
1330 3020 1449 3074 qum
1475 3014 1618 3060 esset
1656 3006 1829 3060 scoria
1852 3021 1971 3074 quae
2000 3021 2089 3059 ar-

515 3098 660 3167 genti
684 3097 960 3151 violaverit
983 3096 1291 3165 puritatem,
1311 3103 1365 3149 et
1383 3109 1510 3160 aere,
1535 3102 1591 3149 et
1612 3095 1849 3163 plumbo,
1874 3104 2087 3160 stanno,

2192 1923 2368 1977 sarius
2425 1928 2610 1975 noster
2659 1919 2905 1974 diabolus
2953 1921 3106 1989 quasi
3158 1920 3242 1975 leo
3301 1922 3516 1991 rugiens
3570 1922 3765 1976 circuit

2194 2012 2211 2081 (
2228 2011 2257 2065 Ι
2285 1998 2431 2067 Patr.
2456 2010 2545 2083 v-),
2584 2030 2602 2063 ι
2634 2012 2725 2081 qui
2756 2010 2839 2065 leo
2864 2025 3156 2080 omnesque
3185 2012 3317 2067 socii
3339 2013 3455 2083 ejus
3490 2027 3597 2069 non
3623 2027 3778 2082 qua:-

2194 2109 2320 2155 runt
2360 2088 2585 2170 Corpora
2637 2100 2919 2164 devorare,
2960 2100 3055 2155 sed
3099 2101 3340 2165 animas,
3396 2104 3775 2172 accipiuntque

2193 2189 2493 2254 mercedes,
2523 2197 2578 2243 et
2602 2189 2827 2258 pecunia
2858 2198 3052 2242 cuncta
3085 2187 3399 2257 dijudicant,
3426 2192 3570 2259 quod
3596 2192 3652 2244 in
3680 2190 3771 2245 illo

2194 2284 2408 2353 quidem
2454 2290 2695 2350 tempore
2746 2281 3008 2335 accidisse
3044 2281 3240 2351 populo
3281 2281 3587 2336 Iudaeorum
3637 2281 3773 2336 nulli

2152 2374 2153 2377 “
2193 2374 2413 2428 dubium
2444 2381 2546 2425 est.
2593 2372 2821 2448 Propter
2861 2356 3168 2427 sacerdotes
3213 2374 3359 2427 enim
3406 2382 3462 2429 et
3497 2375 3776 2443 principes

2191 2473 2247 2520 ct
2293 2460 2593 2535 PrOpltetas
2631 2464 2853 2519 adduxit
2889 2464 3149 2519 Dominus
3193 2480 3355 2535 super
3399 2481 3495 2520 eos
3545 2465 3768 2520 malum.

2195 2556 2303 2611 Sed
2331 2557 2383 2610 in
2412 2566 2599 2610 nostra
2625 2553 2921 2610 Jerusalem
2955 2556 3057 2610 hoc
3099 2571 3239 2625 smpe
3264 2558 3649 2627 conspicimus,
3681 2561 3773 2628 qui

2189 2646 2343 2715 juxta
2375 2644 2726 2716 Septuaginta
2775 2646 3033 2700 devorant
3066 2647 3278 2701 animas
3321 2648 3375 2701 iu
3403 2650 3641 2717 potentia
3670 2689 3686 2715 ,
3720 2656 3776 2703 et

2195 2735 2426 2804 pretium
2469 2735 2774 2804 accipiunt,
2820 2745 2879 2789 ut
2925 2735 3123 2791 multas
3154 2736 3340 2792 viduas
3379 2738 3605 2804 faciant,
3653 2755 3776 2808 qua:

2193 2840 2449 2895 sponsum
2478 2827 2761 2881 Dominum
2788 2826 3158 2894 perdiderunt.
3187 2826 3388 2881 Horum
3432 2838 3611 2881 autem
3645 2845 3773 2898 pro-

2194 2918 2483 2986 phetarum
2534 2916 2700 2971 factio
2753 2926 2837 2971 cst
2874 2924 2927 2972 et
2971 2916 3271 2985 conjuratio
3314 2927 3377 2972 ut
3418 2920 3645 2975 invicem
3692 2922 3774 2976 sui

2194 3006 2437 3061 fautores
2462 3008 2587 3069 sint,
2636 3014 2689 3061 et
2725 3008 2907 3060 omnia
2952 3007 3120 3076 turpis
3164 3007 3298 3062 lucri
3349 3024 3512 3063 causa
3553 3009 3773 3065 faciant.

2196 3094 2515 3150 Sacerdotes
2543 3095 2634 3164 qui
2666 3094 2919 3165 praesules
2954 3094 3141 3164 templi
3171 3110 3290 3151 esse
3318 3096 3595 3161 deberent,
3626 3108 3681 3153 et
3710 3115 3775 3154 ex

516 3187 766 3256 ferroque
790 3186 1083 3240 miscuerit.
1114 3184 1266 3251 Quod
1287 3185 1358 3238 ibi
1386 3185 1549 3252 igitur
1568 3187 1667 3240 sub
1693 3200 1921 3255 persona
1944 3186 2091 3239 urbis
2112 3187 2165 3249 7C,
2197 3201 2426 3255 quorum
2454 3200 2548 3239 ore
2580 3185 2932 3254 notitia-legis
2953 3186 3259 3254 inquiritur,
3293 3187 3502 3243 violant
3521 3200 3774 3244 sanctua-

514 3284 569 3331 et
598 3275 829 3329 fornacis
869 3289 1183 3345 eXpressum
1207 3314 1220 3337 ,
1253 3283 1307 3327 et
1334 3274 1424 3329 hic
1452 3275 1550 3327 sub
1578 3274 1756 3344 specie
1786 3283 1944 3328 terra:
1971 3287 2093 3343 quae

516 3381 621 3419 non
649 3365 719 3418 sit
756 3365 949 3433 rigata,
980 3378 1079 3417 nec
1106 3362 1340 3432 pluviam
1381 3362 1693 3430 susceperit.
1725 3363 2049 3431 prazdicatur
2076 3380 2088 3416 :

515 3456 728 3511 Pluvias
755 3454 870 3507 illas
904 3455 1161 3508 debemus
1184 3452 1487 3521 intelligere
1513 3452 1578 3506 de
1608 3452 1801 3520 quibus
1829 3452 2089 3522 scriptum

522 3564 540 3597 ι
561 3554 642 3599 est
664 3560 678 3597 :
707 3544 966 3598 Mandabo
990 3543 1220 3597 nubibus
1243 3557 1309 3595 ne
1328 3543 1511 3611 pluant
1537 3558 1698 3613 super
1718 3558 1837 3597 eam
1867 3544 2089 3597 imbrem

516 3635 669 3707 (Isa.
714 3637 802 3704 v),
829 3654 846 3685 ι
876 3647 1033 3702 quem
1075 3642 1451 3702 exspectamus
1478 3634 1694 3701 quando
1734 3634 1892 3687 datur
1938 3633 2092 3686 nobis

514 3733 691 3802 pluvia
714 3741 1056 3799 temporanea
1087 3737 1141 3782 et
1167 3729 1425 3791 serotina,
1458 3729 1523 3781 de
1551 3743 1652 3796 qua
1685 3728 1944 3796 scriptum
1967 3733 2085 3779 est:

523 3840 542 3872 ι
577 3820 817 3873 Pluviam
852 3818 1205 3872 voluntariam
1252 3816 1577 3885 segregabis,
1608 3814 1763 3877 Deus,
1790 3812 2089 3867 hmreditati

516 3919 620 3964 tua:
650 3907 833 3979 (Paul.
888 3906 1090 3974 LXVII).
1126 3924 1165 3979 »η
1199 3904 1422 3976 [ϐινφ]
1471 3904 1757 3959 Videamus
1804 3904 1907 3957 hoc
1947 3902 2087 3971 quod

519 4014 614 4067 per
653 4000 970 4066 prophetam
1006 3996 1169 4049 alium
1213 4004 1394 4049 narrat
1434 3995 1689 4049 Dominus
1717 3995 1859 4062 quod
1900 3992 2089 4047 fecerit

518 4088 689 4140 iratus
714 4102 835 4140 cum
879 4086 1009 4138 dicit
1041 4102 1052 4136 :
1090 4104 1107 4135 ι
1132 4084 1245 4137 Plui
1289 4099 1450 4153 super
1481 4083 1754 4137 civitatem
1797 4098 1980 4146 unam,
2031 4089 2086 4135 et

513 4192 674 4244 super
712 4177 935 4229 alteram
979 4175 1247 4236 civitatem
1297 4189 1401 4226 non
1443 4172 1549 4240 plui
1584 4189 1598 4224 :
1641 4164 1767 4241 pars
1810 4187 1914 4224 una
1941 4185 2089 4224 com-

515 4264 663 4334 pluta
690 4273 793 4326 est,
820 4275 874 4318 et
892 4278 1017 4331 pars
1045 4262 1460 4332 quzecompluta
1488 4276 1591 4315 non
1612 4273 1695 4316 est
1712 4262 1856 4314 aruit
1886 4262 1904 4329 (
1927 4260 2084 4314 Amos

516 4369 567 4406 ιν
594 4354 634 4423 ).
672 4372 689 4404 ι
720 4354 851 4406 Cum
900 4354 1043 4406 enim
1096 4360 1296 4406 sancta:
1338 4350 1732 4405 exhortationis
1773 4352 1936 4404 verba
1980 4351 2083 4404 alia

517 4458 669 4496 mens
701 4442 941 4509 suscipit,
989 4441 1093 4494 alia
1119 4440 1406 4508 suscipere
1441 4449 1678 4505 recusat,
1720 4454 1881 4509 super
1920 4454 2080 4492 unam

2196 3277 2299 3341 ria,
2329 3276 2801 3345 nullamqueinter
2839 3284 3085 3331 sanetum
3129 3286 3184 3332 et
3223 3277 3510 3347 profanum
3542 3282 3642 3334 nisi
3682 3297 3776 3351 pe-

2195 3368 2369 3422 cuniae
2392 3369 2593 3422 habent
2620 3367 2948 3433 distantiam,
2970 3375 3223 3421 avertunt
3249 3369 3433 3423 oculos
3455 3384 3485 3423 a
3514 3372 3774 3435 sabbatis,

2193 3466 2248 3511 et
2269 3457 2362 3511 Dei
2387 3458 2624 3526 requiem
2657 3473 2779 3527 quas
2807 3458 2860 3512 in
2893 3458 3083 3512 notitia
3109 3457 3511 3528 Scripturarum
3537 3470 3640 3525 est,
3665 3478 3773 3516 non

2194 3550 2511 3620 recogitant,
2544 3565 2644 3605 nec
2670 3551 2856 3604 dicunt
2881 3565 3004 3604 cum
3028 3549 3294 3619 Propheta
3319 3568 3331 3604 :
3361 3568 3381 3601 ι
3412 3550 3611 3605 Revela
3643 3567 3775 3607 ocu-

2166 3637 2275 3693 los
2322 3653 2507 3702 meos,
2562 3648 2617 3692 et
2664 3638 3013 3693 considerabo
3078 3639 3343 3694 mirabilia
3402 3642 3470 3695 de
3519 3642 3633 3711 lege
3681 3651 3771 3697 tua

2194 3724 2381 3798 (Psal.
2410 3728 2632 3799 cxvnt).
2667 3746 2685 3777 ι
2720 3728 2903 3795 Neque
2926 3727 3054 3780 illud
3082 3728 3319 3797 Apostoli
3353 3748 3365 3782 :
3397 3747 3417 3781 ι
3447 3728 3558 3785 Nos
3590 3739 3771 3785 autem

2192 3833 2381 3872 omnes
2426 3818 2660 3872 revelata
2712 3818 2848 3872 facie
2894 3818 3119 3887 gloriam
3171 3819 3384 3873 Domini
3438 3822 3770 3890 contempla-

2194 3921 2313 3959 mur
2346 3902 2555 3974 tllCor.
2592 3907 2710 3976 ιιι).
2739 3906 2883 3959 Inter
2919 3906 3051 3961 tales
3085 3908 3375 3976 prophetas
3414 3916 3471 3961 et
3521 3910 3773 3964 sacerdo-

2192 4007 2273 4051 tes
2310 3997 2516 4051 medius
2564 3998 2822 4052 Dominus
2862 3997 3208 4065 inquinatur,
3250 3999 3316 4053 de
3357 4014 3465 4067 quo
3505 4000 3771 4069 scriptum

2188 4095 2312 4141 est:
2345 4104 2361 4136 ι
2401 4086 2605 4141 Medius
2644 4087 2786 4140 inter
2831 4101 2925 4140 vos
2976 4095 3107 4151 stat,
3155 4102 3315 4157 quem
3357 4102 3455 4142 vos
3504 4088 3767 4158 ignoratis

2190 4172 2383 4245 (Joan.
2426 4173 2507 4244 ι).
2545 4192 2564 4225 ›
2612 4173 2891 4242 Propheta:
2942 4175 3105 4245 igitur
3152 4178 3267 4231 sive
3318 4177 3483 4231 duces
3520 4175 3773 4232 leonibus

2187 4272 2594 4332 comparantur,
2636 4265 2905 4333 principes
2943 4273 3120 4321 autem
3168 4282 3307 4337 quos
3343 4266 3618 4322 inferioris
3646 4283 3772 4338 gra-

2187 4355 2287 4410 dus
2334 4356 2577 4411 homines
2610 4355 2989 4426 intelligimus,
3033 4356 3277 4426 luporum
3315 4359 3597 4414 imitantur
3623 4361 3771 4429 rapi-

2187 4461 2332 4510 nam,
2380 4455 2437 4498 ut
2489 4445 2759 4499 etfundant
2791 4447 3104 4514 sanguinem
3158 4462 3263 4500 non
3310 4462 3621 4517 corporum,
3672 4450 3769 4503 sed

514 4532 788 4586 civitatem
822 4531 1077 4584 Dominus
1099 4531 1251 4599 pluit,
1282 4543 1335 4583 et
1364 4544 1525 4598 super
1548 4529 1769 4584 alteram
1797 4544 1900 4582 non
1924 4529 2076 4599 pluit;
2109 4523 2158 4581 D
2186 4533 2519 4596 animarum,
2570 4542 2625 4587 et
2675 4550 2835 4588 avare
2870 4545 3146 4589 sectantur
3189 4536 3336 4592 lucra
3356 4578 3371 4602 ,
3421 4554 3767 4607 nequaquam

514 4636 638 4676 cum
684 4634 813 4673 vero
848 4632 901 4674 et
939 4621 1049 4687 ipse
1090 4619 1368 4686 proximus
1403 4618 1496 4684 qui
1540 4617 1707 4679 audit,
1752 4618 1821 4669 ab
1863 4616 1983 4670 aliis
2020 4630 2079 4670 se

516 4710 660 4763 vitiis
694 4708 939 4778 corrigit,
979 4718 1140 4777 atque
1183 4708 1250 4760 ab
1286 4707 1404 4760 aliis
1435 4708 1720 4761 emendare
1765 4707 2079 4770 contemnit,

518 4816 622 4852 una
650 4800 942 4866 eademque
969 4798 1158 4851 civitas
1185 4804 1238 4851 et
1272 4810 1337 4849 ex
1376 4804 1526 4865 parte
1555 4796 1906 4863 compluitur,
1933 4803 1985 4849 ct
2015 4810 2082 4849 ex

515 4898 668 4958 parte
704 4889 851 4942 arida
888 4895 1147 4950 remanet,
1186 4888 1236 4939 in
1259 4900 1365 4953 qua
1396 4900 1424 4937 a
1456 4900 1515 4938 se
1545 4884 1943 4952 praedicationis
1970 4884 2084 4953 plu-

516 4979 655 5030 viam
700 4976 923 5045 repellit.
957 4974 1096 5028 Sunt
1125 4975 1265 5028 enim
1307 4975 1543 5042 quidam,
1573 4973 1664 5041 qui
1694 4973 2082 5027 exhortationis

516 5068 677 5120 verba
707 5066 924 5118 omnino
954 5080 1058 5117 non
1089 5064 1331 5126 audiunt,
1372 5064 1423 5115 hi
1454 5063 1664 5131 penitus
1693 5061 1925 5131 pluviam
1962 5078 2082 5117 sus-

516 5166 694 5234 cipere
723 5162 927 5217 nolunt.
960 5162 1027 5215 Et
1066 5170 1191 5215 sunt
1224 5161 1437 5229 quidam
1474 5161 1560 5228 qui
1609 5160 1861 5220 audiunt,
1908 5168 1961 5213 et
1999 5168 2081 5213 ta-

516 5270 639 5311 men
676 5256 788 5307 haec
818 5252 1123 5305 medullitus
1159 5267 1261 5304 non
1290 5260 1603 5319 sequuntur,
1653 5250 1778 5318 quia
1808 5248 1911 5302 alia
1938 5250 1991 5302 in
2021 5264 2080 5304 se

514 5345 641 5398 vitia
668 5350 930 5404 resccant,
964 5342 1056 5395 sed
1086 5341 1139 5393 in
1169 5341 1555 5409 aliisograviter
1580 5340 1890 5407 perdurant.
1926 5337 2078 5406 Stepe

516 5434 658 5489 enim
696 5432 953 5501 quosdam
990 5430 1230 5483 videmus
1268 5430 1359 5498 qui
1397 5443 1492 5497 per
1532 5426 1927 5495 pmdicationis
1960 5442 2080 5480 vcr-

515 5522 639 5576 bum
669 5537 698 5573 a
726 5521 1027 5587 semetipsis
1051 5519 1290 5571 avaritia:
1327 5526 1514 5572 aestum
1562 5516 1853 5584 repellunt,
1889 5524 1942 5568 et
1974 5530 2078 5569 non

514 5612 686 5665 solum
720 5610 889 5663 aliena
912 5608 1023 5676 jam
1060 5624 1168 5661 non
1211 5607 1442 5675 rapiunt,
1489 5606 1579 5660 sed
1610 5615 1663 5659 et
1690 5604 1905 5674 propria
1936 5604 2077 5658 indi-

515 5706 760 5767 gentibus
804 5702 1132 5773 largiuntur;
1176 5716 1273 5755 nec
1314 5709 1489 5754 tamen
1534 5701 1623 5753 ira:
1670 5698 1915 5752 stimulos
1952 5698 2080 5751 edo-

2186 4622 2276 4676 illo
2305 4623 2540 4678 contenti
2566 4640 2578 4675 :
2610 4642 2626 4673 ι
2648 4623 2745 4689 Qui
2774 4624 3013 4678 serviunt
3044 4624 3221 4689 altari,
3243 4626 3430 4680 vivunt
3453 4627 3518 4681 de
3534 4627 3718 4689 altari,
3742 4647 3761 4678 ι

2187 4713 2279 4766 sed
2307 4720 2585 4781 postquam
2609 4713 2674 4766 ad
2705 4714 3061 4767 ministerium
3087 4714 3180 4767 Dei
3212 4716 3563 4777 accesserint,
3588 4715 3763 4770 Crmsi

2188 4803 2401 4857 divitias
2429 4812 2775 4872 congregant.
2808 4804 3091 4873 Propheta:
3121 4820 3332 4874 quoque
3376 4806 3450 4859 illi
3488 4807 3581 4875 qui
3627 4822 3764 4861 ven-

2191 4904 2309 4948 tura
2359 4896 2740 4963 praenuntiant,
2789 4894 3048 4949 liniebant
3093 4911 3187 4951 eos
3238 4899 3440 4965 absque
3493 4906 3764 4965 tempera-

2188 4993 2388 5048 mento,
2416 4987 2480 5038 de
2509 4999 2614 5053 quo
2642 4999 2803 5053 supra
2820 4985 3072 5046 diximus,
3093 4987 3499 5040 vaticinantium
3521 4988 3756 5057 prophe-

2187 5081 2362 5126 tarmn
2410 5073 2499 5142 qui
2546 5075 2747 5142 absque
2786 5076 3157 5130 commistione
3198 5076 3466 5145 palearum
3500 5077 3761 5131 linierunt

2182 5164 2462 5233 parietem,
2512 5164 2603 5231 qui
2658 5166 2919 5219 imbribus
2954 5164 3267 5234 dissipatur.
3317 5167 3624 5222 Istiusmodi
3676 5169 3762 5223 Vi-

2185 5254 2312 5305 dent
2346 5267 2515 5317 vana,
2550 5260 2604 5305 et
2642 5267 2746 5306 non
2788 5264 2897 5307 tam
2936 5258 3257 5325 prophetam
3309 5272 3469 5324 quam
3511 5258 3759 5312 divinant

2184 5340 2536 5403 mendacium,
2592 5341 2827 5395 dicentes
2874 5352 3031 5396 terra:
3079 5345 3413 5398 miserabili:
3458 5346 3583 5399 [Lee
3622 5347 3757 5402 dicit

2181 5430 2457 5494 Dominus,
2488 5431 2586 5484 ista
2616 5432 2882 5499 promittit
2909 5448 3029 5485 cum
3062 5433 3317 5488 Dominus
3362 5450 3466 5489 non
3506 5436 3575 5488 sit
3600 5435 3752 5489 locu-

2181 5528 2266 5573 tus
2289 5519 2353 5572 ad
2385 5535 2498 5575 eos.
2540 5521 2771 5591 Populus
2836 5533 3011 5577 autem
3056 5533 3211 5579 terra:
3250 5540 3590 5594 nequaquam
3634 5527 3752 5585 Dei.

2180 5609 2275 5661 sed
2314 5616 2648 5663 terrenarum
2687 5597 2931 5679 operum,
2956 5615 3255 5682 principum
3299 5630 3362 5668 ac
3406 5617 3753 5668 sacerdotum

2180 5699 2459 5754 tumulatur
2523 5702 2907 5771 cxistcns,pcr
2964 5705 3282 5759 calumniam
3335 5713 3391 5758 et
3451 5705 3752 5773 potentiam
