3936 6324
94 380 97 381 ⁷
152 365 248 418 741

1111 350 1462 409 COMMENT.
1503 349 1567 403 IN
1606 348 2057 402 EZI‘ZCIIIELEBI.
2100 376 2167 387 -—
2210 346 2331 400 LIB.
2372 345 2464 400 IX.

3296 351 3394 414 7i2

157 482 344 529 cuncta
396 473 639 533 faciebat,
684 484 791 522 non
838 465 1047 529 divites,
1103 463 1195 517 sed
1236 474 1499 531 pauperes
1546 458 1725 527 oppri—
1754 464 1798 519 Α
1829 467 1936 509 stra
1968 464 2124 510 sonat
2150 455 2573 511 tabernaculum.
2600 452 2898 509 Jerusalem
2926 468 3053 508 vero
3070 454 3401 519 Ooliba’,boc

153 578 327 617 mens.
390 563 473 617 De-
510 562 705 630 quibus
756 558 1015 624 scriptum
1069 565 1194 607 est:
1234 571 1249 602 1
1282 552 1575 620 Paupertas
1620 564 1724 601 non

154 653 385 708 sustinet
412 650 917 709 comminationem,
964 654 1015 698 et
1042 643 1356 711 Redemptio
1394 642 1586 694 animus
1624 639 1725 693 viri

152 745 385 814 111-01111111
411 742 608 795 divitiae
632 738 823 810 (Prov.
855 753 948 790 xm
968 735 1008 807 ).
1046 754 1064 785 1
1096 735 1370 787 Advenam
1406 743 1616 800 quoque
1647 737 1727 781 at-

150 848 256 903 que
306 830 670 902 peregrinum,
715 827 806 895 qui
856 826 1083 878 necdum
1136 824 1270 876 civis
1319 820 1560 874 ecclesiae
1613 833 1723 885 sua:

152 918 586 980 fuerateﬂ'ectus,
624 916 717 970 sed
748 923 955 967 tantum
992 912 1223 973 auditor,
1251 919 1305 963 et
1333 903 1536 963 habens
1573 907 1724 959 initia

150 1013 296 1076 ﬁdei,
326 1008 698 1079 opprimebant
730 1003 1026 1065 calumnia,
1070 1011 1130 1054 ut
1170 1005 1453 1069 postquam
1505 995 1726 1050 circuis-

151 1109 275 1155 sent
304 1113 451 1153 mare
494 1106 551 1151 et
602 1096 804 1149 aridam
833 1134 846 1157 ,
899 1092 1135 1146 facerent
1174 1104 1338 1143 unum
1372 1088 1721 1157 proselytum,

150 1191 394 1245 facerent
417 1203 539 1243 eum
580 1186 744 1239 ﬁlium
774 1174 1047 1253 gehennre.
1077 1180 1227 1233 Inter
1262 1187 1406 1231 tanta
1434 1185 1613 1245 autem
1639 1175 1725 1228 vi-

150 1288 225 1340 tia
255 1294 310 1341 et
331 1284 592 1339 scelerum
636 1278 1049 1339 multitudinem,
1084 1274 1294 1345 qutt’sivi
1330 1273 1394 1325 de
1421 1274 1495 1325 eis
1535 1272 1721 1335 virum,

148 1379 243 1447 qui
293 1380 404 1432 1110·
434 1391 568 1431 meas
614 1382 795 1445 posset
839 1372 1110 1432 resistere,
1159 1377 1213 1422 et
1254 1368 1425 1421 inStar
1473 1364 1634 1433 Moysi
1671 1372 1725 1417 et

148 1471 355 1533 Aaron,
386 1476 439 1523 et
470 1465 736 1521 Samuelis
768 1462 873 1533 igni
909 1475 1048 1536 meo,
1083 1466 1137 1512 et
1176 1456 1423 1510 incendio
1459 1469 1516 1515 se
1562 1468 1725 1522 Oppo-

149 1573 304 1620 uere,
336 1567 391 1611 et
430 1571 535 1610 non
562 1554 709 1623 potui
748 1550 1003 1621 reperire.
1039 1549 1331 1617 Propterea
1369 1554 1534 1599 totam
1564 1559 1725 1613 super

149 1666 246 1703 eos
290 1647 449 1702 effudi
495 1632 1131 1716 indignationem‘meam
1169 1650 1222 1694 et
1255 1640 1559 1709 consumpsi
1609 1653 1721 1699 eos,

150 1754 262 1792 non
303 1738 503 1805 absque
549 1749 796 1789 mensura
839 1718 999 1801 atque
1040 1730 1263 1800 judicio,
1312 1729 1402 1783 sed
1436 1736 1494 1781 ut
1540 1727 1727 1780 redde-

152 1845 271 1884 rem
296 1828 409 1880 vias
436 1841 622 1881 eorum
663 1824 715 1877 in
748 1823 924 1892 capita
970 1822 1198 1880 illorum,
1236 1819 1316 1871 vel
1358 1816 1570 1886 propria
1600 1830 1723 1884 pec-
1754 1803 1797 1861 Β
1915 1794 2087 1892 ﬁculis
2114 1793 2248 1892 διξίδς

150 1929 274 1974 cata
298 1934 417 1987 qua:
464 1916 721 1977 fecerant,
764 1913 1071 1967 auctoribus
1105 1911 1363 1971 tribuens,
1388 1908 1470 1960 vel
1492 1915 1636 1961 certe
1669 1906 1721 1958 in

151 2008 331 2078 Capita
386 2006 564 2076 populi
588 2045 602 2069 ,
662 2004 865 2068 ducis,
892 2001 1169 2071 principis
1197 2005 1278 2065 ac‘
1310 1998 1721 2067 Prophetarum,

151 2114 384 2169 quorum
413 2096 589 2151 nullus
617 2094 719 2149 fuit
744 2095 835 2167 qui
878 2091 1127 2146 irascenti
1152 2089 1376 2144 Domino
1397 2087 1618 2140 auderet
1642 2099 1726 2138 re-

151 2191 367 2251 sistere,
418 2195 472 2239 et
496 2169 723 2255 quorum
759 2196 921 2236 causa
970 2189 1112 2234 terra
1163 2177 1405 2247 squalida
1443 2184 1603 2243 atque
1636 2174 1724 2228 de-

152 2290 301 2334 serta
333 2276 559 2331 imbrem
593 2272 803 2329 Domini
827 2266 1098 2340 suscipere
1120 2286 1224 2324 non
1250 2268 1463 2322 meruit.

718 2383 942 2439 CAPUT
969 2381 1152 2435 XXIII.

153 2476 340 2532 Sermo
370 2474 577 2527 Domini
603 2484 783 2526 contra
816 2472 1019 2526 Oollam
1051 2482 1094 2523 et
1124 2467 1362 2522 Oolibam
1390 2482 1593 2520 sorores
1620 2482 1725 2519 me—

221 2546 457 2604 re.rices,
477 2550 539 2597 de
560 2543 902 2596 immunditiis
932 2542 1205 2611 ipsarum:
1233 2538 1296 2591 de
1318 2538 1508 2589 ultione
1540 2536 1635 2588 Dei
1662 2537 1717 2588 in

221 2616 349 2668 itlas
377 2631 470 2684 pro
491 2613 666 2666 idolis.

227 2744 243 2774 1
277 2725 347 2778 Iit
382 2723 553 2776 factus
590 2731 670 2775 est
693 2735 869 2776 sermo
900 2719 1110 2775 Domini
1153 2720 1218 2772 ad
1253 2733 1338 2773 me
1372 2718 1553 2773 dicens
1585 2736 1597 2773 :
1624 2718 1724 2771 Fili

157 2838 171 2866 1
204 2815 461 2878 hominis,
492 2813 609 2867 dua:
639 2811 888 2865 mulieres
926 2809 1047 2863 ﬁlia:
1075 2808 1263 2862 matris
1285 2808 1439 2861 unius
1484 2810 1720 2872 luerunt,

155 2928 172 2958 1
210 2918 267 2962 et
308 2908 587 2961 fornicata!
615 2916 739 2959 sunt
781 2906 830 2957 in
863 2902 1119 2972 ngypto,
1146 2902 1197 2954 in
1228 2899 1581 2977 adolescentia
1627 2914 1723 2952 sua

158 3019 175 3050 1
212 3000 494 3054 fornicata:
540 3008 699 3061 sunt,
737 2996 810 3049 ibi
862 2996 1082 3049 subacta
1114 3001 1241 3047 sunt
1281 2993 1445 3045 ubera
1487 3006 1672 3044 earum
1706 3008 1717 3042 :

155 3113 170 3142 1
209 3102 266 3144 01
295 3090 481 3144 fracta:
507 3098 631 3142 sunt
656 3102 901 3141 mamma:
928 3084 1224 3154 pubertatis
1252 3096 1468 3145 earum;
1500 3080 1719 3133 nomina

157 3202 171 3232 1
207 3197 398 3236 earum
433 3178 582 3235 Oolla
634 3177 824 3246 major,
864 3185 918 3229 et
946 3175 1133 3229 Ooliba
1165 3188 1317 3227 soror
1343 3171 1479 3240 ejus.

155 3291 173 3322 1
202 3271 299 3325 bui
345 3285 437 3323 cas
480 3278 534 3323 01
562 3274 884 3337 pepererunt
927 3264 1066 3318 ﬁlios
1102 3274 1155 3317 et
1199 3262 1355 3326 ﬁlias,
1404 3269 1459 3314 et
1504 3260 1720 3313 nomina

156 3381 171 3412 1
213 3375 404 3415 earum
449 3356 695 3413 Samaria
722 3354 892 3416 Oolla,
932 3362 986 3407 et
1021 3350 1317 3405 Jerusalem
1342 3347 1550 3403 Ooliba.
1585 3346 1733 3425 For-1

158 3469 173 3499 1
210 3451 388 3503 1110010
440 3458 523 3500 051
562 3446 724 3514 igitur
751 3456 913 3512 super
946 3456 1033 3495 me.
1071 3439 1244 3502 00110,
1287 3446 1341 3490 01
1375 3435 1629 3490 insanivit
1655 3432 1723 3486 ad

156 3560 172 3589 ‹
207 3546 483 3592 amatores
519 3550 644 3590 suos
684 3534 735 3587 in
777 3532 1045 3602 Assyrios,
1099 3530 1189 3599 qui
1225 3524 1725 3596 appropinquabant

156 3648 173 3678 1
213 3629 265 3682 01
296 3627 522 3681 vestitos
565 3624 943 3694 hyacinthinis,
972 3621 1239 3690 principes
1266 3628 1320 3671 et
1357 3618 1723 3686 magistratus,

156 3740 171 3770 1
205 3721 438 3791 juvenes
492 3717 775 3786 cupidinis,
813 3715 1093 3768 universos
1149 3711 1355 3779 equites
1410 3722 1724 3762 ascensores

157 3827 173 3859 1
210 3823 515 3876 equorum;
561 3815 617 3859 et
655 3805 799 3859 dedit
826 3802 1208 3856 fornicationes
1251 3814 1374 3853 suas
1413 3812 1574 3865 super
1608 3810 1720 3859 eos,

157 3915 175 3946 ι
214 3895 420 3949 0100105
447 3894 584 3948 ﬁlios
613 3894 948 3963 Assyriorum
978 3891 1271 3951 universos,
1310 3894 1362 3941 et
1398 3888 1448 3940 in
1476 3886 1723 3940 omnibus

156 4007 174 4037 σ
203 4000 371 4054 super
405 4000 539 4054 quos
588 3984 839 4038 insanivit
886 3984 939 4036 in
986 3980 1341 4036 immunditiis
1384 3980 1585 4048 polluta
1622 3988 1721 4033 est.

158 4077 432 4143 «Insuper
476 4083 533 4129 et
574 4072 953 4129 fornicationes
1004 4086 1129 4126 suas
1179 4086 1313 4140 quas
1357 4071 1620 4124 habuerat
1669 4068 1722 4122 in

157 4185 173 4217 1
208 4166 446 4236 :Egypto
475 4180 579 4217 non
616 4164 849 4231 reliquit.
881 4162 1011 4215 Nam
1042 4170 1096 4216 et
1130 4161 1203 4214 illi
1234 4160 1564 4214 dormierant
1603 4173 1723 4212 cum

159 4278 175 4310 1
208 4274 274 4313 00
300 4258 354 4311 111
381 4255 737 4310 adolescentia
778 4253 916 4321 ejus,
944 4262 999 4306 et
1027 4252 1400 4320 confregerant
1426 4252 1588 4304 ubera
1630 4264 1726 4317 pu-

158 4369 176 4398 ι
219 4347 452 4401 bertatis
492 4345 650 4407 illius,
683 4352 736 4397 et
776 4342 1078 4397 effuderunt
1120 4339 1527 4394 fornicationem
1572 4351 1724 4391 suam

159 4459 175 4488 ι
210 4452 375 4506 super
404 4433 875 4501 illam.Proptere‘a
903 4431 1094 4485 tradidi
1120 4430 1259 4483 illam
1289 4430 1341 4483 in
1369 4444 1561 4482 manus
1580 4442 1725 4480 ama-

160 4544 177 4577 1
212 4535 395 4580 torum
438 4537 677 4584 suorum,
723 4522 778 4575 in
825 4536 1013 4573 manus
1050 4519 1279 4572 ﬁliorum
1327 4516 1516 4580 Assur,
1565 4532 1726 4584 super

161 4637 177 4667 ι
209 4628 446 4684 quorum
516 4610 768 4665 insanivit
824 4610 1061 4663 libidine.
1092 4608 1197 4677 Ipsi
1247 4608 1727 4674 discooperuerunt

159 4726 178 4756 1
218 4704 567 4774 ignominiam
600 4699 735 4766 ejus,
780 4697 916 4751 ﬁlios
945 4708 997 4751 et
1028 4697 1164 4750 ﬁlias
1203 4696 1342 4749 illius
1383 4695 1636 4756 tulerunt,
1676 4701 1729 4747 et

158 4817 175 4848 1
215 4797 390 4865 ipsam
441 4792 751 4845 occiderunt
797 4788 992 4856 gladio.
1037 4786 1103 4838 Et
1138 4786 1293 4839 facta:
1342 4786 1465 4839 511111
1510 4782 1728 4836 famosa:

161 4907 178 4938 1
213 4886 493 4947 mulieres,
518 4891 566 4936 et
592 4881 790 4948 judicia
830 4880 1072 4932 fecerunt
1101 4877 1152 4929 in
1175 4892 1290 4940 ea,»
1322 4886 1425 4930 010.
1461 4874 1727 4943 (Hier-om)

157 4974 450 5030 Duodecim
495 4973 664 5024 11111115
709 4969 867 5022 Israel
906 4984 1024 5037 qnze
1054 4966 1269 5020 fuerunt
1302 4967 1500 5034 juncta:
1547 4967 1599 5020 in
1632 4966 1728 5019 ,Ἐ-

156 5075 319 5135 gypto
352 5069 534 5131 postea
560 5074 677 5113 esse
706 5059 903 5113 divisas
936 5058 989 5109 in
1040 5057 1191 5117 duas,
1240 5065 1295 5108 et
1341 5057 1525 5109 decem
1554 5057 1726 5108 tribus

156 5154 562 5225 appellatasque
590 5149 778 5204 Judam
812 5158 864 5201 et
906 5147 1061 5201 Israel
1094 5146 1297 5215 Regum
1342 5155 1397 5199 01
1442 5145 1723 5217 ιιαραλιπό-

157 5268 312 5314 μηνον
365 5244 641 5311 Scriptura
678 5249 923 5294 testatur.
976 5237 1126 5292 Judze
1168 5237 1407 5306 regnavit
1455 5236 1519 5288 de
1562 5236 1727 5301 stirpe

160 5335 361 5399 David,
411 5332 650 5387 Roboam
688 5332 824 5384 ﬁlius
870 5330 1121 5384 Salomon
1166 5330 1219 5382 in
1259 5326 1590 5391 Jerusalem,
1637 5325 1727 5379 ubi

158 5434 274 5479 erat
318 5425 569 5493 templum
610 5433 666 5478 et
691 5423 1014 5483 sacerdotes,
1064 5428 1119 5473 et
1158 5434 1349 5488 magna
1397 5432 1524 5486 pars
1559 5416 1728 5470 tribus

161 5518 309 5572 Levi.
363 5516 557 5569 Decem
611 5521 789 5566 autem
836 5511 1003 5563 tribus
1052 5510 1106 5562 in
1154 5508 1397 5561 Samaria
1444 5505 1728 5560 Jeroboant

164 5609 303 5663 ﬁlius
346 5606 575 5669 Nabadi,
617 5604 682 5657 110
709 5603 848 5655 tribu
891 5600 1139 5669 Ephraim
1168 5607 1220 5652 et
1250 5597 1463 5665 Joseph,
1500 5610 1727 5664 quarum

166 5699 408 5753 Samaria
438 5710 578 5751 nunc
616 5692 912 5761 appellatur
941 5689 1122 5755 Uolla,
1160 5687 1300 5756 quod
1330 5686 1382 5740 in
1419 5686 1597 5754 lingua
1632 5700 1729 5740 11οο

1827 555 1912 599 051
1943 544 2344 598 tabernaculum
2372 557 2548 611 meum
2574 542 2623 595 in
2647 558 2731 605 ea,
2763 542 3023 610 siquidem
3055 542 3182 595 etin
3216 541 3397 595 decem

1826 635 2070 689 tribubus
2093 632 2656 695 crattabernaeulum,
2685 646 2790 684 non
2838 631 2931 684 Dei
2979 631 3073 684 sed
3114 630 3393 685 idolorum.

1824 721 2030 775 Aureos
2059 721 2199 775 enim
2228 719 2511 774 Jeroboam
2541 730 2599 772 ut
2628 718 2878 787 populum
2908 727 3176 780 averteret
3196 736 3224 772 a
3252 720 3397 773 cultu

1827 809 1942 874 Dei,
1996 809 2192 863 vitulos
2220 809 2513 863 collocarat
2565 808 2615 861 in
2653 807 2765 859 Dan
2812 816 2865 861 et
2896 808 3099 861 Bethcl.
3146 795 3431 861 Dicamus

1824 913 1952 969 ergo
1979 900 2045 952 (10
2075 888 2316 967 singulis.
2349 884 2473 951 Duae
2514 897 2626 951 ista:
2649 897 2922 959 mulieres,
2956 896 3197 950 Samaria
3236 906 3289 950 et
3314 896 3376 948 Je

1826 990 2079 1051 rusalcm,
2107 987 2228 1041 ﬁliae
2261 987 2475 1041 fuerunt
2503 987 2695 1039 matris
2728 986 2885 1039 unius
2930 986 2992 1039 de
3032 984 3192 1039 Israel
3231 988 3397 1054 stirpe

1824 1088 2111 1150 generatae.
2137 1085 2191 1130 et
2218 1076 2494 1130 fornicatze
2522 1083 2644 1129 sunt
2667 1074 2718 1128 in
2748 1073 2981 1143 Egypto
3008 1076 3057 1127 111
3088 1075 3397 1129 adolescen-

1827 1168 1899 1221 tia
1942 1182 2057 1219 sua.
2107 1165 2289 1235 Neque
2318 1165 2460 1218 enim
2502 1166 2836 1235 accepissent
2883 1154 3051 1234 legem
3091 1165 3293 1218 eductae
3331 1166 3397 1219 de

1825 1255 2055 1324 [Egyplo
2107 1256 2159 1308 in
2201 1262 2380 1319 monte
2422 1252 2573 1314 Sina,
2598 1254 2974 1322 prohibentem
3024 1268 3117 1307 eos
3152 1256 3396 1308 venerari

1826 1344 1962 1398 idola
1997 1345 2096 1398 nisi
2140 1344 2191 1397 in
2220 1344 2450 1413 {Egypto
2481 1341 2705 1395 fuissent
2736 1342 2989 1412 {Egyptia
3021 1351 3265 1411 portenta
3302 1358 3395 1397 ve-

1828 1436 2256 1490 neratae-Potest
2279 1446 2457 1489 autem
2492 1444 2665 1487 mater
2708 1435 2983 1488 ambarum
3014 1432 3134 1489 0550
3161 1434 3392 1498 Cetluea,

1826 1528 1891 1581 de
1926 1542 2027 1596 qua
2054 1541 2212 1595 supra
2240 1524 2495 1595 legimus:
2519 1543 2535 1573 1
2562 1510 2721 1577 Pater
2752 1536 2934 1577 vester
2963 1524 3327 1587 Amorrhznus,
3344 1533 3398 1579 et

1827 1626 1998 1670 mater
2028 1624 2206 1670 vestra
2236 1614 2449 1686 Cethaza
2482 1613 2714 1683 ('Ezech.
2750 1612 2923 1682 1111).»
2955 1613 3058 1680 Sed
3095 1622 3149 1668 et
3186 1616 3399 1683 quando

1829 1707 2024 1759 dicitur
2040 1723 2050 1756 :
2076 1725 2093 1755 1
2120 1704 2497 1772 Unusquisque
2514 1700 3167 1771 abominationesEgypti
3189 1700 3399 1755 auferat

2272 1811 2290 1842 1
2318 1792 2420 1845 1100
2444 1790 2709 1857 signiﬁcat
2732 1792 2871 1859 quod
2904 1791 2956 1843 in
2979 1790 3213 1860 Egypto
3238 1791 3401 1845 Israel

1828 1884 1984 1939 idolis
2028 1884 2294 1946 servierit,
2344 1891 2398 1936 et
2437 1883 2508 1936 ibi
2558 1882 2869 1947 ceciderint,
2923 1883 3035 1936 sive
3082 1881 3247 1937 fracta
3284 1883 3403 1949 _sint

1825 1974 1992 2029 ubera
2023 1974 2342 2044 virginitatis
2369 1972 2503 2041 ejus.
2533 1971 2807 2041 Majorque
2839 1970 3081 2025 Samaria
3121 1972 3318 2026 dicitur
3347 1981 3402 2027 et

1826 2066 2026 2130 senior,
2066 2066 2148 2119 vel
2182 2073 2403 2134 propter
2448 2063 2843 2117 multitudinem
2885 2064 3070 2118 decem
3113 2064 3392 2117 tribuum:

1824 2155 1904 2209 vel
1940 2156 2065 2224 quia
2098 2164 2218 2223 post
2254 2162 2477 2207 mortem
2508 2152 2676 2222 Moysi
2709 2154 2773 2207 de
2812 2153 3062 2221 Ephraim
3104 2153 3244 2207 tribu
3270 2152 3396 2208 Jesu

1826 2247 1967 2300 ﬁlius
2011 2245 2155 2299 Nave
2190 2245 2385 2315 pepulo
2415 2242 2642 2313 praefuit.
2697 2242 2846 2297 Unde
2885 2252 2939 2297 et
2967 2243 3272 2305 Jeroboam,
3304 2246 3394 2312 qui

1824 2336 1983 2389 scidit
2018 2350 2131 2399 eas,
2170 2350 2199 2387 a
2238 2335 2395 2387 domo
2433 2332 2600 2386 David
2636 2332 2801 2386 fuisse
2836 2333 3079 2402 legimus,
3121 2343 3176 2387 et
3215 2335 3401 2389 habuit

1824 2442 1915 2482 eas
1947 2427 2105 2491 Deus,
2132 2426 2242 2481 sive
2274 2424 2428 2479 factae
2464 2433 2587 2478 sunt
2616 2422 2731 2490 ejus
2773 2425 2988 2493 quando
3018 2426 3402 2496 ingemuerunt

1826 2520 1893 2572 ab
1918 2518 2170 2588 operibus
2208 2516 2417 2587 ,Εεγοιί
2440 2558 2453 2580 ,
2495 2516 2606 2569 11110
2636 2517 2782 2585 prius
2813 2524 2867 2569 et
2891 2505 3043 2569 lateri
3074 2516 3394 2579 servientes,

1826 2624 1944 2677 qua:
1975 2616 2158 2677 postea
2187 2607 2261 2660 illi
2293 2607 2429 2660 ﬁlios
2458 2615 2512 2660 01
2540 2606 2676 2661 ﬁlias
2700 2605 2784 2660 vel
2825 2607 2877 2659 in
2906 2605 3212 2672 solitudine,
3240 2607 3324 2661 vel
3345 2606 3399 2660 in

1828 2698 2265 2772 repromissionis
2302 2705 2446 2751 terra
2484 2706 2800 2767 genuerunt.
2840 2697 3187 2765 Primumque
3232 2698 3400 2752 forni-

1826 2800 1945 2842 cata
1979 2796 2059 2848 est
2084 2786 2254 2851 Oolla,
2286 2786 2337 2840 id
2365 2793 2447 2841 est
2477 2786 2741 2849 Samaria,
2766 2801 2928 2855 super
2955 2785 3119 2840 Deum
3138 2826 3151 2849 ,
3184 2788 3396 2856 quando

1827 2878 2077 2931 insanivit
2112 2877 2163 2930 in
2198 2875 2448 2946 Assyrios
2475 2874 2773 2944 qui'vestiti
2808 2885 2962 2932 erant
3004 2876 3392 2944 hyaeinthinis,

1824 2978 1880 3022 et
1909 2984 2013 3021 non
2042 2966 2309 3036 quoslibet
2346 2967 2411 3019 de
2436 2964 2650 3035 populo,
2699 2966 2791 3019 sed
2833 2967 2995 3020 duces
3024 2974 3078 3019 et
3116 2968 3399 3036 magistra-

1829 3066 1933 3119 tus,
1967 3071 2063 3110 nec
2093 3063 2248 3109 aetate
2279 3054 2571 3118 confectos,
2596 3056 2686 3109 sed
2709 3054 2936 3123 juvenes
2963 3070 3168 3117 omnes,
3191 3058 3398 3124 equites

1524 3170 1589 3223 Ει
1621 3169 1719 3222 ιω,
1748 3137 1792 3199 C
1824 3148 2040 3210 electos,
2089 3141 2317 3215 q'uorum
2360 3156 2543 3199 secuta
2572 3153 2655 3199 est
2682 3145 2842 3209 idola,
2888 3153 2941 3199 et
2976 3160 3005 3198 a
3043 3146 3235 3214 quibus
3265 3162 3395 3200 con—

1824 3247 1905 3291 tra
1929 3237 2225 3305 jussionem
2258 3236 2350 3289 Dei
2382 3234 2670 3304 postulavit
2697 3235 2984 3299 auxilium;
3012 3236 3101 3303 qui
3131 3245 3396 3290 venerunt

1822 3338 1875 3382 et
1904 3330 2211 3398 polluerunt
2240 3342 2380 3390 eam,
2410 3334 2469 3379 ut
2496 3326 2753 3396 quidquid
2786 3327 2838 3379 in
2871 3326 3229 3381 adolescentia
3261 3326 3401 3381 fece-

1825 3430 1910 3473 rat
1939 3422 1990 3474 in
2023 3419 2278 3489 A‘ngpto,
2303 3433 2409 3471 non
2440 3418 2787 3485 relinqueret.
2837 3415 2969 3469 Nam
3010 3416 3245 3487 [Egyptii
3272 3432 3402 3470 cou-

1823 3510 2121 3565 eubuerant
2150 3522 2272 3561 eum
2300 3498 2369 3561 ea
2394 3506 2448 3560 in
2475 3505 2837 3559 adolescentia
2868 3504 3007 3573 ejus,
3055 3520 3281 3574 quorum
3323 3506 3397 3557 si-

1824 3599 2061 3653 mulacra
2106 3605 2360 3652 venerata
2406 3605 2506 3659 est,
2564 3596 2741 3665 ibique
2790 3595 3121 3664 devirginata
3166 3602 3219 3647 et
3264 3609 3393 3647 con-

1824 3690 1994 3743 fracta
2019 3698 2142 3742 sunt
2166 3678 2328 3741 ubera
2364 3685 2522 3749 illius,
2548 3694 2600 3739 et
2624 3692 2767 3737 tanta
2803 3683 2902 3738 fuit
2926 3685 3249 3738 abundantia
3276 3683 3390 3739 for-

1825 3777 2124 3838 nicationis,
2146 3784 2203 3829 ut
2230 3790 2331 3828 non
2359 3773 2605 3829 fornicati
2627 3788 2745 3827 cum
2770 3788 2852 3837 ea,
2877 3774 2969 3829 sed
2993 3773 3396 3827 fornicationem

1824 3882 1974 3921 suam
1998 3881 2157 3935 super
2176 3865 2319 3919 illam
2336 3863 2589 3918 elfudisse
2610 3864 2871 3917 dicantur.
2894 3863 3179 3932 Propterea
3204 3864 3399 3918 tradita

1825 3966 1908 4012 est
1933 3957 2064 4027 ipsis
2086 3956 2415 4009 amatoribus
2436 3955 2547 4008 suis
2576 3954 2701 4023 plml
2733 3962 2788 4007 et
2811 3954 2851 4005 Τ
2855 3953 3317 4023 eglathphalassar
3343 3962 3399 4008 01

1828 4046 2191 4109 Salmanasar,
2242 4046 2293 4099 in
2338 4059 2562 4112 quorum
2594 4044 2848 4097 insanivit
2878 4043 3151 4096 libidinem
3172 4082 3186 4105 ,
3218 4051 3273 4096 et
3296 4043 3397 4111 ipsi

1828 4139 2303 4206 discooperuerunt
2323 4136 2670 4205 ignominiam
2691 4134 2827 4202 ejus,
2844 4134 3227 4209 τροπολοιγιχώς,
3244 4135 3399 4202 quasi

1828 4229 2069 4293 mulieris
2093 4227 2413 4281 meretricis.
2466 4225 2744 4280 Revelatio
2773 4234 2951 4279 autem
3000 4225 3149 4278 urbis
3177 4225 3401 4294 captivi-

1828 4329 1911 4372 tas
1939 4326 2043 4382 est,
2074 4318 2166 4387 qui
2193 4317 2329 4371 ﬁlios
2351 4325 2404 4371 et
2435 4316 2570 4371 ﬁlias
2595 4332 2778 4370 earum
2810 4317 3009 4369 duxere
3051 4317 3313 4385 captivas,
3342 4324 3398 4368 et

1829 4406 2001 4476 ipsam
2040 4406 2215 4475 gladio
2249 4405 2604 4468 trucidarunt,
2650 4406 2723 4458 ita
2751 4412 2808 4457 ut
2836 4404 2887 4457 in
2921 4404 3158 4457 omnium
3209 4404 3397 4458 mulie-

1829 4512 1948 4550 rum
1992 4497 2292 4565 exemplum
2334 4495 2573 4565 jugulata
2622 4495 2713 4559 sit,
2758 4503 2813 4548 et
2851 4495 2903 4547 in
2946 4495 3139 4547 malam
3189 4505 3397 4563 partem

1829 4594 2142 4639 cunctarum
2170 4591 2419 4637 serm’one
2449 4582 2787 4645 celebretur;
2812 4583 2900 4648 qui
2924 4579 3126 4646 judicia
3164 4580 3401 4633 01111110-

1827 4692 1926 4731 nes
1958 4675 2200 4729 fecerunt
2227 4675 2278 4727 in
2305 4690 2390 4737 ca,
2433 4683 2491 4726 ut
2527 4673 2658 4726 nihil
2698 4673 2750 4724 in
2783 4671 2868 4723 illa
2898 4671 3087 4725 salutis
3132 4671 3399 4738 relinque-

1830 4775 1968 4827 rent,
2012 4764 2105 4818 sed
2136 4779 2305 4830 usque
2353 4762 2509 4817 hodie
2556 4762 2739 4815 decem
2772 4761 2942 4814 tribus
2986 4760 3295 4827 captivitate
3321 4767 3401 4812 te-

1830 4866 2060 4913 neantur
2086 4859 2138 4911 in
2167 4858 2437 4911 montibus
2475 4854 2801 4921 urbibusque
2841 4852 3137 4913 Medorum,
3166 4854 3233 4905 ad
3264 4867 3403 4919 quas

1834 4951 2104 5005 translatae
2146 4958 2288 5003 sunt.
2343 4947 2503 5001 Juxta
2557 4949 2797 5018 ὰνανογήν
2846 4945 2897 4996 111
2955 4942 3091 4999 0500
3141 4946 3397 5012 propheta

1832 5040 1959 5107 quid
2016 5038 2279 5108 signiﬁcet
2321 5036 2516 5104 Joseph
2564 5035 2816 5102 Ephraim
2866 5032 3109 5087 Samaria
3137 5073 3149 5095 ,
3194 5031 3407 5085 Jezracl

1832 5136 1886 5181 et
1908 5128 2084 5188 Israel,
2129 5134 2183 5179 01
2207 5126 2472 5196 quomodo
2497 5123 2780 5177 contraria:
2806 5123 2911 5175 sint
2936 5122 3113 5175 domui
3143 5121 3309 5175 David
3343 5131 3398 5175 et

1831 5217 2150 5278 Jerusalem,
2186 5231 2305 5285 quae
2344 5214 2612 5285 signiﬁcat
2650 5212 2952 5273 ecclesiam,
2988 5211 3197 5280 plenius
3236 5211 3404 5263 disse-

1836 5309 2077 5360 ruimus:
2111 5306 2175 5359 de
2211 5306 2407 5373 quibus
2434 5312 2487 5357 et
2513 5301 2934 5370 septuagesimus
2962 5301 3219 5367 septimus
3262 5299 3403 5368 psal-

1836 5412 1955 5449 mus
1980 5403 2135 5449 sonat
2168 5413 2178 5447 :
2216 5414 2232 5445 (
2272 5394 2391 5446 Filii
2432 5393 2685 5462 Ephraim
2718 5392 3054 5445 intendentes
3098 5400 3149 5445 et
3184 5391 3399 5443 mitten-

1837 5496 1917 5541 tes
1945 5501 2153 5550 areum,
2205 5486 2450 5539 conversi
2477 5492 2600 5537 sunt
2643 5491 2937 5537 retrorsum
2984 5483 3035 5535 in
3078 5480 3164 5536 die
3197 5480 3341 5534 belli,
3379 5500 3395 5531 1

1837 5577 1901 5629 Et
1932 5577 2124 5629 iterum
2158 5593 2168 5627 :
2204 5592 2221 5624 ‹
2256 5574 2467 5644 Repulit
2508 5572 2906 5627 tabernaculum
2937 5570 3155 5639 Joseph,
3203 5579 3257 5624 et
3296 5569 3404 5623 ele-

1837 5666 1913 5735 git
1953 5664 2149 5718 tribum
2182 5661 2335 5717 Juda.
2371 5683 2389 5714 »
2441 5661 2613 5729 Elegit
2655 5661 2796 5714 enim
2822 5661 2961 5715 Deus
3008 5660 3221 5715 domum
3274 5674 3403 5713 cun-
