3936 6346
524 353 631 416 743

1171 360 1229 414 Β.
1271 359 1524 415 RADANI
1568 359 1782 415 MAUIH
1823 357 2141 414 ARCHIEP.
2183 355 2490 412 MOGU'NT.
2528 353 2811 411 OPERCM
2848 353 3027 407 PARS
3063 353 3124 406 ll.

3687 354 3790 406 744

522 479 775 535 fessionis
799 474 1099 535 ecclesiam,
1127 481 1180 525 ct
1215 471 1410 541 repulit
1438 469 1842 527 tabernaculum
1876 469 2093 540 Jusrph,
2127 475 2171 531 Λ
2209 486 2226 517 ι
2276 476 2393 529 tum,
2420 467 2633 537 quando
2681 466 2903 523 subacta
2932 476 3057 523 sunt
3098 469 3153 523 .‘n
3177 468 3409 540 Egypto
3452 468 3619 525 ubera
3674 480 3787 533 tua.

520 568 663 639 quod
687 569 1070 636 interpretatur
1092 574 1463 633 augmentum;
1485 564 1576 633 qui
1598 564 1959 635 praetermissa
1982 562 2097 633 lege

520 657 615 711 Dei
644 654 1104 709 aureos.culturte
1134 666 1243 706 sua:
1282 650 1479 707 vitulos
1503 650 1865 714 addiderunt,
1914 660 1969 705 et
1998 665 2084 719 ap-

520 746 789 816 pellantur
815 742 989 808 Oolla,
1040 743 1095 799 id
1124 751 1227 807 est,
1261 741 1666 797 tabernaculum
1705 756 1811 795 non
1855 742 1969 804 Dei,
2004 743 2097 796 sed

520 825 722 891 erroris
772 844 827 890 et
869 836 1209 897 daemonum,
1266 840 1323 887 et
1376 846 1533 887 soror
1585 832 1757 901 major
1807 846 1870 886 ac
1916 830 2097 885 senior

518 936 741 995 propter
782 924 1179 978 multitudinem
1229 932 1285 976 et
1332 922 1699 990 captivitatem
1747 922 1815 975 ab
1860 920 2096 991 Assyriis

520 1015 786 1070 fornicata
808 1023 894 1069 est
923 1022 1111 1069 contra
1156 1013 1344 1075 Deum,
1379 1012 1502 1080 quia
1528 1010 1817 1079 dereliquit
1856 1010 1978 1063 ﬁdei
2007 1023 2096 1063 ve-

519 1108 764 1169 ritatem,‘
790 1114 843 1159 et
866 1102 1123 1157 insanivit
1152 1102 1206 1155 in
1244 1101 1621 1156 hmreticorum
1654 1099 1924 1168 principes
1951 1114 2098 1151 ama-

518 1204 666 1250 tores
707 1208 852 1259 suos,
900 1194 991 1262 qui
1023 1193 1202 1247 vestiti
1248 1200 1405 1245 erant
1451 1190 1835 1261 hyacinthinis,
1884 1189 2096 1243 excelsa

518 1289 620 1343 sibi
651 1297 703 1343 et
732 1288 971 1343 omlestia
1012 1286 1405 1357 promittentes,
1446 1298 1501 1340 et
1534 1298 1850 1339 ascensores
1876 1284 1939 1338 de
1972 1283 2093 1351 qui-

516 1381 618 1436 bus
669 1381 872 1434 dictum
924 1386 1045 1433 est:
1081 1397 1099 1429 ι
1131 1377 1193 1433 Hi
1232 1378 1303 1455 'in
1351 1376 1598 1431 curribus
1645 1383 1700 1429 et
1748 1374 1803 1427 hi
1844 1375 1895 1427 in
1941 1374 2096 1442 equis

518 1470 538 1540 (
562 1468 711 1523 Psal.
740 1486 829 1523 xix
856 1468 895 1540 ).
923 1469 1133 1524 Eiectos
1158 1467 1300 1521 ﬁlios
1337 1467 1707 1538 Assyriorum,
1753 1475 1808 1519 et
1836 1466 2003 1519 duces
2033 1479 2096 1518 ac

519 1563 865 1632 magistratus
896 1561 984 1629 qui
1033 1561 1312 1616 scientiam
1369 1558 1471 1613 sibi
1511 1566 1565 1613 et
1615 1558 1975 1628 eloquentiam
2006 1572 2093 1611 re—

516 1652 857 1722 promittunt.
906 1650 1018 1705 Hoc
1045 1658 1223 1704 autem
1260 1658 1544 1719 prepterea
1584 1646 1742 1711 fecit,
1790 1646 1931 1715 quod
1978 1660 2095 1699 eas-

516 1743 636 1796 dem
664 1739 1045 1795 fornicationes
1068 1754 1205 1809 quas
1226 1738 1492 1792 habuerat
1517 1737 1571 1791 in
1603 1736 1859 1806 Egypto,
1906 1735 1958 1788 id
1984 1742 2089 1797 est,

2211 575 2230 608 ι
2274 567 2329 612 et
2357 555 2648 613 confracta:
2679 565 2805 613 sunt
2830 572 3076 612 mamma:
3116 558 3411 627 pubertatis
3439 568 3563 625 tum,
3601 580 3619 614 ι
3673 570 3787 615 etc.

2200 643 2359 701 Juxta
2395 646 2632 702 litteram
2672 645 2846 701 facilis
2893 648 3264 717 interpretatio
3288 659 3391 715 est,
3423 653 3565 721 quod
3593 654 3792 707 videns

2200 735 2407 802 Ooliba,
2441 736 2496 792 id
2524 746 2625 801 est,
2659 734 2957 792 Jerusalem
2997 739 3050 792 in
3077 755 3184 809 qua
3231 749 3349 793 erat
3379 741 3472 795 Dei
3524 743 3786 813 taberna-

2199 829 2398 894 culum,
2428 829 2612 900 plagas
2638 830 2863 894 sororis,
2895 844 2999 883 non
3038 840 3121 885 est
3155 831 3399 901 exemplo
3428 835 3787 898 commonita,

2198 927 2258 971 ut
2286 917 2589 972 retraheret
2619 918 2687 971 ab
2711 932 2896 971 errore
2926 918 3114 987 pedem
3150 934 3327 985 suum,
3359 922 3452 975 sed
3480 922 3628 975 auxit
3653 936 3787 993 ger-

2199 1022 2371 1061 mana:
2415 1005 2853 1062 fornicationem.
2901 1006 2993 1060 illa
3022 1009 3165 1062 enim
3198 1011 3361 1063 semel
3390 1018 3444 1063 et
3474 1010 3602 1065 foris
3638 1012 3787 1065 idola

2198 1096 2459 1152 fabricata
2485 1107 2570 1152 est
2608 1098 2659 1151 in
2686 1097 2800 1151 Dan
2836 1106 2891 1152 et
2932 1098 3141 1165 Bethel,
3172 1100 3274 1153 ista
3299 1111 3476 1155 autem
3504 1102 3699 1157 crebro
3727 1106 3788 1158 iu

2198 1186 2451 1251 excelsis,
2484 1196 2540 1240 et
2582 1187 2638 1240 in
2680 1186 2877 1256 templo
2901 1186 2997 1241 Dei
3028 1188 3273 1242 adoravit
3316 1199 3547 1245 statuam
3576 1191 3785 1256 Baulis,

2198 1288 2252 1331 et
2285 1294 2407 1332 cum
2443 1278 2677 1348 Assyriis
2724 1279 2987 1333 fornicata
3026 1288 3128 1333 est.
3176 1278 3380 1335 [domui
3415 1292 3594 1337 autem
3648 1284 3785 1339 Baal

2198 1372 2310 1425 sive
2357 1370 2471 1436 Bel,
2515 1380 2570 1425 et
2616 1380 2676 1424 ut
2719 1371 2959 1439 apertius
3007 1372 3181 1426 dicam
3231 1371 3391 1435 Belis,
3431 1372 3783 1444 Assyriorum

2197 1461 2385 1529 religio
2438 1471 2541 1525 est,
2589 1471 2903 1516 consecrata
2950 1462 3001 1515 in
3051 1462 3311 1518 honorem
3355 1465 3524 1533 patris
3576 1480 3607 1518 a
3640 1465 3780 1521 Nino

2194 1550 2336 1605 Belis
2372 1550 2519 1605 ﬁlio:
2557 1560 2610 1604 et
2645 1550 3053 1606 fornicationem
3099 1567 3250 1605 suam
3281 1551 3516 1622 Assyriis
3545 1554 3784 1622 prmbuit

2196 1643 2535 1713 impudenter
2603 1643 2826 1697 ducibus
2882 1654 2937 1697 et
2988 1644 3391 1712 magistratibus
3428 1627 3541 1714 ἰιιιὶ
3604 1646 3785 1700 induti

2195 1742 2350 1787 erant
2376 1743 2524 1787 veste
2553 1732 2701 1786 varia
2733 1743 2788 1787 et
2826 1733 3146 1803 multicolo'ri
3166 1774 3180 1797 ,
3218 1735 3489 1803 equitibus
3518 1743 3574 1789 et
3598 1734 3785 1790 adole-

517 1839 805 1900 antequam
826 1830 1094 1893 crederet,
1138 1837 1195 1883 et
1233 1828 1409 1881 adhuc
1436 1828 1491 1881 in
1520 1826 1716 1881 sceculo
1751 1825 2085 1886 versabatur,
2119 1809 2166 1867 Β
2194 1822 2469 1877 scentibus
2518 1821 2689 1907 forma
2747 1823 2958 1877 cunctis
2991 1824 3226 1893 egregia,
3283 1825 3357 1878 ita
3401 1833 3460 1879 ut
3497 1825 3784 1907 ambarum

515 1922 678 1975 etiam
704 1920 758 1973 in
783 1919 973 1974 haeresi
998 1918 1262 1982 exercuit,
1297 1925 1351 1971 et
1383 1916 1730 1986 devirginata:
1756 1922 1882 1968 sunt
1906 1930 1935 1966 a
1963 1913 2094 1967 viris

515 2012 753 2083 Assyriis
780 2011 869 2081 qui
900 2010 955 2064 in
987 2008 1186 2063 malitia
1228 2014 1601 2080 perseverant,
1630 2006 1745 2060 sive
1779 2004 2044 2059 ultoribus
2077 2022 2089 2056 :

514 2082 869 2155 Adversarius
897 2100 1042 2154 enim
1086 2105 1271 2153 noster
1298 2096 1544 2151 diabolus
1580 2098 1692 2165 ipse
1718 2104 1801 2149 est
1842 2094 2092 2148 inimicus

514 2201 568 2245 et
598 2190 759 2245 ultor.
799 2188 878 2242 llli
908 2188 1291 2258 confregerunt
1329 2188 1490 2241 ubera
1532 2183 1809 2247 Samaria),
1855 2192 1909 2235 et
1936 2181 2094 2252 virgis

516 2283 738 2334 nitatem
766 2279 884 2349 ejus
912 2293 1070 2348 quam
1100 2279 1365 2332 habuerat
1386 2276 1439 2330 in
1462 2274 1691 2331 ecclesia
1718 2273 2087 2343 perdiderunt.

515 2372 807 2441 Propterea
839 2363 1030 2424 tradita
1060 2377 1145 2424 est
1174 2369 1505 2423 amatoribus
1543 2367 1655 2421 suis
1682 2364 1835 2434 juxta
1862 2365 2092 2434 Aposto-

516 2465 646 2529 hun,
681 2464 772 2532 qui
814 2464 1002 2517 scribit
1034 2480 1047 2515 ι
1081 2480 1100 2513 ι
1130 2459 1348 2515 Tradidi
1388 2474 1482 2514 eos
1509 2457 1745 2521 Satanas,
1786 2465 1846 2511 ut
1882 2458 2091 2511 discant

517 2571 621 2610 non
672 2554 1049 2624 blasphemare
1081 2551 1153 2625 (1
1190 2552 1323 2611 Tim.
1368 2551 1439 2623 ι).
1478 2570 1495 2601 ι
1528 2550 1643 2604 Et:
1682 2569 1699 2600 ι
1737 2547 1955 2603 Tradidi
1996 2560 2091 2600 eos

517 2646 570 2697 in
611 2643 886 2697 interitum
918 2642 1099 2697 carnis
1147 2640 1208 2713 (Ι
1240 2639 1360 2694 Cor.
1385 2640 1451 2711 v)
1481 2680 1496 2704 ,
1538 2646 1596 2692 ut
1644 2634 1868 2709 spiritus
1911 2635 2089 2690 salvus

517 2735 628 2788 flat.
663 2733 740 2786 Illi
772 2733 1254 2802 discooperueruut
1281 2727 1630 2800 ignominiam
1665 2728 1877 2782 misera:
1901 2725 2090 2781 Sama-

518 2827 631 2889 rizc,
673 2834 727 2878 et
750 2839 964 2879 omnem
994 2822 1136 2877 illius
1163 2820 1515 2877 ostenderunt
1560 2818 1968 2889 turpitudinem.
2000 2816 2087 2871 Εἰ-

515 2917 721 2985 liosque
761 2924 817 2971 et
856 2916 995 2969 ﬁlias
1024 2914 1116 2985 qui
1152 2915 1217 2969 de
1254 2914 1341 2968 illa
1378 2914 1615 2983 generati
1659 2920 1813 2976 sunt,
1863 2910 2086 2965 scientia

516 3004 792 3074 praeditos,
824 3010 881 3057 et
908 3000 1179 3070 simplices
1220 3010 1383 3068 atque
1424 2999 1723 3068 imperitos,
1754 3000 1959 3053 duxere
2000 3012 2089 3051 ca-

515 3095 711 3164 ptivos,
728 3101 783 3148 et
814 3094 980 3163 ipsam
1016 3089 1401 3146 interfecerunt
1429 3090 1607 3161 gladio
1634 3088 1879 3160 Spiritali,
1898 3088 2089 3143 totius-

521 3200 625 3254 que
650 3184 830 3238 mundi
861 3184 912 3236 in
947 3181 1141 3236 malam
1158 3189 1361 3251 partem
1378 3195 1625 3235 sermone
1642 3180 2003 3245 celebrantur,
2033 3189 2088 3235 et
2115 3147 2159 3209 Ε

524 3275 657 3328 ﬁunt
672 3274 891 3328 famosa:
912 3273 1054 3327 inter
1073 3280 1269 3327 cuncta
1286 3271 1463 3326 saeculi
1480 3271 1750 3342 dogmata,
1766 3281 1826 3324 ut
1848 3271 1899 3324 in
1915 3286 2093 3325 exem-

523 3365 667 3432 plum
698 3363 938 3417 omnium
974 3362 1294 3416 feminarum
1331 3362 1603 3430 turpitudo
1640 3360 1784 3415 illius
1817 3362 2088 3429 puniatur.

595 3471 611 3501 ι
644 3452 794 3517 Quod
830 3466 950 3504 cum
982 3449 1203 3504 vidisset
1227 3464 1382 3504 soror
1404 3447 1520 3518 ejus
1544 3449 1754 3514 Ooliba,
1784 3450 1904 3519 plus
1928 3465 2089 3518 quam

521 3560 536 3590 ι
585 3541 674 3594 illa
718 3540 971 3593 insanivit
1010 3539 1249 3605 libidine,
1294 3548 1350 3593 et
1376 3538 1790 3601 fornicationem
1827 3556 1979 3595 suam
2007 3557 2095 3594 su-

523 3655 538 3681 ι
581 3648 673 3700 per
718 3629 1130 3684 fornicationem
1167 3631 1369 3685 sororis
1412 3646 1522 3685 suae
1570 3632 1637 3685 ad
1679 3630 1815 3686 ﬁlios
1849 3631 2098 3701 Assyrio-

522 3743 537 3772 ‹
588 3737 703 3776 rum
745 3721 969 3789 prmbuit
1019 3720 1356 3789 impudenter
1383 3737 1394 3769 :
1421 3720 1645 3776 ducibus
1680 3732 1735 3776 et
1769 3723 2095 3792 magistrati—

522 3834 538 3863 ι
585 3816 680 3867 bus
702 3814 766 3866 ad
791 3827 848 3866 se
871 3812 1211 3867 venientibus
1235 3813 1437 3868 indutis
1456 3823 1605 3869 veste
1624 3815 1792 3880 varia,
1822 3815 2096 3885 equitibus

523 3925 539 3954 ι
576 3904 665 3973 qui
704 3905 1054 3959 vectabantur
1093 3905 1278 3973 equis,
1330 3913 1384 3959 et
1427 3903 1875 3969 adolescentibus,
1925 3903 2095 3959 forma

523 4015 538 4044 ι
577 3994 786 4049 cunctis
804 3994 1036 4063 egregia.
1072 3994 1136 4047 Et
1164 3995 1272 4047 vidi
1302 3995 1446 4064 quod
1474 3994 1675 4063 polluta
1707 4003 1853 4050 esset
1876 3996 1964 4049 via
1988 4012 2095 4050 una

524 4110 538 4133 ι
570 4086 880 4147 ambarum,
909 4094 963 4138 et
986 4086 1129 4138 auxit
1168 4083 1551 4140 fornicationes
1574 4101 1718 4141 suas.
1746 4085 1989 4155 Cumque
2014 4088 2097 4141 vi-

524 4196 540 4224 ι
589 4175 757 4229 disset
781 4176 928 4228 vicos
950 4175 1188 4244 depictos
1211 4176 1263 4229 in
1288 4177 1513 4245 pariete,
1541 4175 1802 4246 imagines
1826 4176 2101 4232 Cbaldmo—

526 4287 542 4315 ι
591 4281 706 4317 rum
730 4280 1013 4332 expressas
1033 4265 1318 4325 coloribus,
1338 4275 1393 4320 et
1412 4266 1681 4321 accinctos
1708 4267 1900 4321 balteis
1922 4282 2096 4329 renes,

529 4372 545 4402 ι
592 4362 645 4406 et
676 4354 839 4407 tiaras
864 4355 1060 4407 tinctas
1086 4355 1138 4407 in
1166 4354 1428 4424 capitibus
1451 4369 1636 4409 eorum
1662 4369 1677 4407 :
1709 4354 1882 4409 forma
1908 4356 2101 4409 ducum

2194 1926 2441 1967 sororum
2493 1928 2601 1965 una
2622 1894 2805 1967 ‘tieret
2850 1910 3157 1968 fornicatio.
3202 1913 3261 1968 In
3304 1928 3370 1967 eo
3409 1923 3586 1969 autem
3627 1900 3787 1967 auxit

2190 1999 2490 2056 Jerusalem
2540 2001 2925 2058 fornicationes
2974 2019 3119 2066 suas,
3174 2005 3317 2073 quod
3348 2005 3535 2058 videns
3582 2006 3634 2058 in
3683 2022 3780 2075 pa-

2192 2090 2417 2144 rietibus
2460 2090 2722 2159 imagines
2762 2088 3136 2145 Chaldaeorum
3165 2132 3179 2156 ,
3230 2092 3477 2146 insanivit
3532 2093 3779 2158 libidine,

2191 2189 2247 2235 et
2293 2181 2462 2235 ferina
2514 2196 2702 2235 eorum
2755 2182 3058 2252 vestituque
3103 2184 3348 2252 decepta,
3380 2183 3526 2236 misit
3566 2183 3630 2236 ad
3683 2198 3784 2239 eos

2191 2270 2413 2324 nuntios
2447 2268 2708 2323 auxilium
2739 2271 3036 2339 postulans,
3068 2272 3158 2341 qui
3187 2280 3450 2341 venerunt
3490 2279 3546 2326 et
3570 2270 3783 2341 pollue-

2190 2370 2317 2414 runt
2360 2374 2500 2414 eam.
2536 2358 2604 2413 Et
2651 2360 2775 2429 quia
2806 2359 3049 2430 voluptas
3084 2374 3191 2415 non
3231 2369 3314 2415 est
3358 2370 3637 2431 perpetua,
3682 2362 3783 2416 sed

2190 2448 2300 2503 cito
2352 2447 2509 2503 affert
2549 2448 2875 2514 satietatem,
2926 2448 3127 2519 polluta
3181 2458 3237 2503 et
3281 2459 3523 2505 saturata
3554 2451 3608 2506 in
3658 2466 3778 2517 eos,

2192 2539 2416 2594 recessit
2459 2538 2526 2593 ab
2574 2554 2761 2595 eorum
2812 2538 3033 2597 foedere.
3120 2539 3273 2596 Unde
3308 2550 3362 2596 et
3404 2556 3502 2612 ego
3549 2557 3781 2609 cernens

2192 2628 2552 2698 turpitudines
2599 2636 2655 2683 et
2703 2626 3094 2684 fornicationes
3144 2632 3395 2687 omnibus
3447 2631 3775 2701 pnblicatas,

2190 2722 2391 2777 recessi
2460 2722 2528 2776 ab
2557 2736 2644 2787 ea,
2688 2729 2748 2775 ut
2781 2737 2900 2792 qua:
2941 2724 3147 2778 sororis
3180 2722 3379 2779 scelera
3408 2724 3631 2788 vicerat,
3662 2738 3781 2793 ptr-

2191 2832 2383 2873 narum
2404 2831 2620 2888 quoque
2642 2832 2884 2872 sororem
2912 2817 3283 2889 magnitudine
3305 2826 3621 2886 superaret;
3656 2832 3781 2887 qua:

2192 2915 2353 2963 tantae
2367 2906 2711 2976 procacitatis
2726 2905 2845 2971 fuit,
2864 2914 2923 2960 ut
2936 2913 3160 2961 cunctos
3174 2920 3385 2960 errores
3398 2904 3779 2960 adolescentim

2190 3013 2300 3053 suae
2328 2998 2392 3058 in
2417 2998 2653 3067 graviori
2678 2996 2791 3067 jam
2819 3006 2976 3052 tetate
3022 2997 3407 3058 committeret.
3449 2995 3777 3068 etEgyptia

2190 3088 2322 3143 vitia
2338 3088 2393 3143 in
2407 3087 2777 3152 Chaldteorum
2798 3102 3009 3157 quoque
3034 3086 3251 3141 libidine
3278 3093 3599 3141 sectaretur.
3624 3085 3777 3140 lusa-

2190 3180 2325 3234 nivit
2353 3179 2497 3233 enim
2524 3179 2793 3248 quondam
2821 3179 2875 3232 in
2900 3177 3183 3231 concubitu
3208 3174 3608 3248 Egyptiorum,
3632 3192 3777 3245 quo-

2190 3285 2309 3323 rum
2338 3283 2531 3325 carnes
2564 3278 2691 3323 sunt
2720 3267 2783 3322 ad
2821 3267 3223 3322 similitudinem
3254 3268 3549 3331 asinorum,
3578 3275 3631 3322 et
3663 3276 3776 3321 tam

2192 3358 2373 3429 largus
2408 3358 2672 3414 seminum
2696 3356 2889 3422 fluxus,
2909 3358 3021 3411 sive
3049 3357 3281 3411 verenda
3309 3364 3415 3410 tam
3443 3358 3693 3429 grandia,
3722 3369 3776 3411 ut

2194 3465 2455 3518 equorum
2490 3458 2753 3517 superent
2776 3444 3191 3502 deformitatem.
3214 3447 3323 3502 Nec
3344 3448 3575 3502 cessavit
3600 3448 3778 3501 scelus

2195 3540 2566 3595 adolescentiae
2598 3537 2735 3606 ejus,
2768 3538 2875 3593 imo
2904 3554 3121 3593 reversa
3168 3549 3251 3593 est
3296 3549 3578 3608 postquam
3628 3537 3775 3592 facta

2195 3639 2280 3685 est
2308 3630 2462 3694 mihi,
2492 3638 2550 3683 ut
2591 3638 2647 3683 et
2691 3629 2743 3683 in
2774 3643 2975 3689 eremo,
3007 3637 3061 3682 et
3090 3630 3143 3683 in
3171 3638 3314 3683 terra
3341 3630 3777 3699 repromissionis

2196 3722 2494 3792 suspiraret
2544 3720 2823 3787 antiquam
2863 3718 3159 3784 libidinem,
3195 3719 3246 3772 in
3292 3734 3396 3787 qua
3438 3720 3775 3788 devirginata

2196 3820 2301 3876 est,
2330 3821 2384 3864 et
2412 3808 2584 3864 fracta
2624 3816 2749 3862 sunt
2778 3810 2939 3863 ubera
2968 3807 3106 3876 ejus,
3132 3817 3186 3865 et
3220 3808 3397 3863 omnis
3423 3809 3586 3863 decor
3613 3810 3781 3879 periit

2199 3900 2494 3970 virginalis.
2534 3896 2736 3971 (Greg.)
2767 3897 2902 3963 Quia
2926 3900 3069 3953 enim
3099 3899 3496 3954 luxuriosorum
3524 3901 3779 3968 petulan-

2201 3992 2272 4047 tia
2309 3991 2583 4060 asinorum
2637 3991 2997 4060 appellatione
3025 4007 3121 4059 per
3170 3994 3625 4061 comparationem
3678 4011 3777 4048 ex-

2199 4084 2467 4153 primitur,
2498 4091 2621 4152 apte
2648 4083 2972 4149 declaratur,
3001 4100 3121 4139 cnm
3164 4100 3260 4153 per
3286 4084 3608 4155 Prophetam
3643 4088 3777 4144 dici-

2205 4182 2310 4238 tur,
2340 4188 2567 4243 quorum
2607 4186 2796 4229 carnes
2834 4184 2958 4230 sunt
2986 4186 3044 4229 ut
3068 4190 3260 4231 carnes
3289 4178 3584 4231 asinorum.
3621 4177 3785 4249 (Ηίθ-

2204 4260 2344 4334 ron.)
2376 4262 2544 4318 Porro
2588 4263 2880 4318 secundum
2906 4265 3255 4336 tropologiam
3302 4266 3528 4322 diﬁicilis
3574 4268 3770 4324 intclii.

2204 4355 2402 4425 gentia,
2433 4356 2702 4426 quomodo
2744 4355 2982 4411 Ecclesia
3036 4357 3342 4413 hzereticam
3371 4362 3549 4414 vincat
3595 4360 3776 4415 libidi-

528 4464 545 4494 ι
592 4446 831 4497 omnium
877 4444 1227 4499 similitudine
1256 4445 1488 4500 ﬁliorum
1517 4446 1803 4517 Babylonis
1834 4456 2098 4516 terrasque
2124 4487 2175 4546 Ι)
2205 4462 2352 4513 nem,
2382 4448 2483 4501 nisi
2510 4445 2648 4501 forte
2674 4449 2942 4517 possimus
2976 4448 3076 4503 hoc
3109 4448 3307 4516 dicere,
3337 4452 3478 4520 quod
3536 4471 3554 4501 ι
3588 4466 3781 4506 servus

529 4556 547 4585 ι
593 4535 965 4589 Chaldzeorum
1006 4536 1057 4589 in
1084 4551 1187 4605 qua
1216 4536 1319 4590 orti
1356 4546 1499 4591 sunt.
1551 4537 1617 4591 Et
1653 4538 1907 4591 insanivit
1937 4553 2099 4607 super

528 4647 546 4677 ε
593 4642 687 4681 eos
733 4627 1170 4695 concupiscentia
1219 4629 1499 4683 oculorum
1542 4644 1789 4693 suorum,
1847 4638 1901 4683 et
1954 4629 2101 4683 misit

532 4736 551 4769 ιι
595 4717 812 4771 nuntios
846 4717 913 4770 ad
954 4732 1048 4771 cos
1084 4718 1136 4771 in
1167 4717 1491 4771 Chaldmam.
1546 4717 1788 4787 Cumque
1829 4717 2103 4771 venissent

533 4824 552 4856 ι
598 4806 664 4859 ad
691 4821 810 4861 eam
840 4805 932 4858 filii
959 4805 1244 4877 Babylonis
1273 4806 1337 4860 ad
1368 4806 1540 4861 cubile
1570 4822 1952 4869 mammarum,
1981 4806 2098 4877 pol-

532 4915 551 4946 ι
595 4894 810 4957 luerunt
848 4909 966 4948 eam
1007 4897 1205 4965 stupris
1239 4896 1371 4960 suis,
1398 4904 1453 4950 et
1477 4895 1676 4966 polluta
1705 4908 1789 4953 est
1829 4897 1882 4951 in
1912 4895 2016 4962 eis,
2044 4904 2100 4952 et

531 5004 549 5036 ι
597 4994 839 5040 saturata
889 4992 968 5039 est
1015 4985 1193 5039 anima
1244 4984 1361 5054 ejus
1410 4987 1478 5041 ab
1525 4986 1647 5041 illis.
1694 4985 2097 5054 Denudavitque

532 5092 550 5124 ι
598 5072 980 5128 fornicationes
1025 5089 1175 5137 suas,
1231 5083 1285 5128 et
1334 5075 1696 5142 discooperuit
1748 5073 2097 5140 ignominiam

533 5183 552 5213 ι
604 5177 778 5218 suam.
808 5162 873 5215 Et
902 5163 1123 5216 recessit
1156 5163 1337 5217 anima
1364 5178 1483 5217 mea
1510 5163 1577 5217 ab
1598 5178 1682 5229 ea,
1710 5165 1850 5219 sicut
1880 5162 2100 5217 recessit

534 5270 555 5303 ι
600 5252 775 5305 anima
806 5267 922 5305 mea
958 5267 988 5305 a
1015 5267 1199 5306 sorore
1225 5255 1358 5325 ejus.
1387 5253 1751 5323 Multiplicavit
1773 5254 1915 5309 enim
1934 5252 2101 5308 forni-

536 5360 552 5393 l
598 5342 838 5395 cationes
864 5356 1013 5405 suas,
1038 5343 1325 5396 recordans
1349 5343 1554 5396 dierum
1578 5342 1947 5396 adolescentite
1968 5356 2098 5405 suae,

537 5451 552 5478 ι
600 5430 793 5497 quibus
821 5427 1083 5483 fornicata
1111 5438 1194 5483 est
1229 5431 1282 5483 in
1315 5440 1457 5484 terra
1479 5428 1727 5500 zEgypti,
1765 5439 1819 5484 et
1846 5430 2104 5484 insanivit

536 5538 553 5568 ι
596 5519 814 5573 libidine
855 5534 1015 5587 super
1060 5521 1343 5575 concubitu
1379 5536 1596 5585 eorum,
1648 5534 1874 5589 quorum
1912 5534 2103 5574 carnes

538 5633 552 5661 ι
602 5619 725 5664 sunt
748 5620 805 5664 ut
826 5628 1015 5667 carnes
1035 5612 1328 5677 asinorum,
1360 5622 1413 5666 et
1437 5613 1577 5667 sicut
1604 5611 1775 5665 ﬂuxus
1813 5626 2097 5679 equorum,

536 5716 553 5749 ι
601 5701 773 5755 fluxus
824 5717 1031 5756 eorum.
1110 5700 1175 5755 Et
1230 5700 1454 5757 visitasti
1507 5700 1681 5757 scelus
1724 5698 2098 5753 adolescentiae

2201 4539 2294 4608 qui
2338 4538 2439 4592 scit
2467 4538 2794 4593 voluntatem
2828 4540 3029 4594 domini
3076 4540 3179 4605 sui,
3210 4550 3265 4595 et
3300 4555 3407 4594 non
3454 4541 3585 4595 facit
3631 4558 3775 4602 eam,

2200 4626 2473 4696 vapulabit
2512 4627 2696 4682 multis
2744 4627 2894 4699 (Luc.
2926 4628 3047 4698 xu),
3080 4638 3136 4682 et
3168 4633 3307 4699 quod
3356 4632 3592 4686 hmrctici
3635 4631 3776 4687 foris

2203 4716 2430 4770 nefanda
2461 4718 2821 4779 committant,
2849 4726 2903 4772 et
2946 4730 3097 4773 extra
3144 4735 3325 4775 arcam
3356 4720 3466 4775 Noe
3495 4721 3776 4792 nanfragie

2202 4814 2446 4876 pereant.
2498 4806 2861 4862 Ecclesiastici
2913 4817 3124 4873 autem,
3174 4810 3218 4863 si
3266 4826 3447 4864 veram
3487 4810 3641 4866 ﬁdem
3695 4830 3781 4867 se-

2202 4904 2445 4966 quentes,
2491 4895 2713 4966 Assyria
2769 4907 2931 4966 atque
2978 4897 3227 4952 Chaldiea
3286 4900 3561 4954 imitentur
3621 4903 3774 4964 vitia,

2202 4995 2257 5041 et
2284 4985 2577 5040 discolores
2608 4995 2901 5056 sequantur
2928 4988 3185 5056 imagines
3210 4997 3572 5056 peccatorum,
3604 4990 3775 5058 maje—

2202 5076 2353 5130 ribus
2380 5075 2525 5144 digni
2570 5076 2680 5129 sint
2710 5077 3057 5131 cruciatibus.
3104 5078 3183 5130 An
3211 5094 3316 5132 non
3344 5079 3608 5133 mittimus
3640 5096 3778 5132 nui;-

2207 5168 2307 5221 tios
2334 5165 2400 5220 ad
2421 5165 2721 5230 Chaldmos,
2744 5167 2834 5236 qui
2864 5168 3284 5236 interpretantur
3304 5168 3458 5235 quasi
3484 5170 3771 5223 daemones

2206 5256 2416 5323 quando
2442 5256 2722 5324 pandimus
2746 5257 2824 5310 eis
2855 5264 3013 5325 atque
3043 5258 3343 5325 praebemus
3380 5256 3675 5327 frangenda
3722 5262 3775 5313 in

2208 5351 2421 5411 pectore
2460 5344 2647 5407 ubera,
2695 5344 2785 5397 ubi
2837 5344 3031 5399 mentis
3070 5345 3358 5413 bespitiuin
3398 5356 3502 5407 est.
3543 5356 3599 5399 et
3630 5360 3779 5400 satu-

2210 5432 2305 5484 rati
2354 5430 2735 5500 voluptatibus,
2792 5432 2860 5487 ab
2913 5432 3033 5487 aliis
3084 5433 3375 5487 transimus
3431 5435 3498 5488 ad
3533 5436 3694 5499 alias,
3726 5449 3778 5489 et

2208 5535 2309 5572 non
2348 5529 2455 5573 tam
2486 5519 2889 5575 fornicationem
2920 5538 3079 5591 quam
3113 5522 3459 5577 meretricum
3492 5538 3778 5577 numerum

2206 5609 2589 5673 desideramus,
2619 5619 2675 5665 et
2702 5611 2768 5665 ad
2800 5618 3000 5664 tantam
3029 5611 3273 5666 venimus
3315 5612 3547 5668 rabiem.
3574 5622 3631 5664 ιιι
3659 5623 3776 5680 post

2208 5696 2369 5751 multa
2413 5708 2648 5769 tempora
2679 5698 2967 5755 Dominica:
3001 5699 3307 5767 servitutis,
3350 5708 3686 5755 revertamur
3715 5706 3779 5753 εει
