3936 6340
189 399 295 455 745

1109 411 1459 467 (ΣΟΜΡΑΕΝΤ.
1500 413 1565 466 IN
1602 412 2053 468 EZEClIlliLEfd.
2097 445 2159 454 —
2198 412 2320 468 LIB.
2365 414 2452 466 lX.

3326 413 3429 467 ἨΟ

188 514 505 587 Egyptum,
541 526 593 572 ct
624 535 684 573 ca
729 519 986 577 faciamus
1023 536 1142 593 qua:
1185 540 1237 577 ιιι
1284 523 1478 579 smculo
1515 522 1757 590 fecimus,
1790 531 1835 587 Α
1865 524 2161 591 nudabunt,
2190 525 2380 595 inquit,
2403 534 2452 579 Ic
2476 525 2807 579 vestimentis
2838 525 2960 588 tuis,
2984 527 3177 593 quibus
3199 533 3250 578 te
3267 539 3431 579 orna-

184 616 477 677 antequam
503 624 696 665 nomen
727 612 848 667 ﬁdei
874 614 1274 685 acciperemus?

264 714 284 747 ι
330 695 642 767 Propterea,
693 700 904 768 Ooliba,
960 705 1076 759 haec
1125 705 1257 759 dicit
1296 706 1553 761 Dominus
1582 707 1761 761 Deus:

193 802 209 839 t
254 786 394 843 Ecce
416 804 514 857 ego
531 793 803 847 suscitabo
826 810 1012 851 omnes
1039 805 1309 852 amatores
1334 804 1453 851 tuos
1475 805 1661 877 contra
1692 806 1763 860 te,

190 892 213 931 ι
258 878 325 933 de
348 879 541 948 quibus
565 882 758 937 satiata
785 892 867 938 est
891 884 1068 939 anima
1101 894 1207 949 tua,
1232 895 1287 941 et
1314 887 1652 958 congregabo
1674 901 1766 941 eos

188 983 211 1018 ι
257 967 544 1023 adversum
573 978 626 1025 te
666 972 719 1025 in
749 972 976 1028 circuitu
1003 993 1016 1028 :
1048 974 1187 1031 ﬁlios
1212 976 1523 1047 Babylonis,
1560 984 1613 1031 et
1640 976 1764 1031 uni-

190 1074 210 1108 ι
258 1073 444 1114 versos
464 1058 760 1125 Chaldaeos,
789 1062 995 1119 nobiles
1016 1074 1383 1137 tyrannosque
1401 1076 1455 1122 et
1474 1068 1763 1137 principes,

188 1165 207 1199 ι
252 1163 441 1204 omnes
477 1150 614 1206 ﬁlios
647 1151 1022 1222 Assyriorum,
1050 1156 1278 1225 juvenes
1320 1158 1488 1213 forma
1529 1159 1762 1230 egregia,

186 1259 205 1291 ι
255 1240 419 1295 duces
450 1249 503 1294 et
536 1242 912 1312 magistratus,
949 1246 1227 1302 universos
1255 1248 1525 1319 principes
1565 1249 1765 1319 princi-

184 1348 204 1379 ‹
253 1344 402 1399 pum,
428 1340 479 1383 et
497 1332 799 1388 nominatos
817 1348 1133 1391 ascensores
1157 1353 1439 1407 equorum.
1466 1339 1532 1393 Et
1553 1341 1766 1395 venient

184 1436 201 1468 ι
251 1434 414 1488 super
440 1428 491 1475 te
513 1421 759 1477 instructi
786 1439 969 1492 curru,
997 1436 1053 1481 et
1082 1436 1193 1483 tota
1225 1430 1512 1485 multitudo
1540 1432 1765 1503 populo-

182 1528 201 1559 ι
250 1526 392 1576 rum,
414 1511 579 1567 lorica
598 1522 652 1568 et
675 1513 861 1585 clypeo
882 1524 935 1571 et
951 1517 1100 1588 galea
1129 1520 1487 1575 armabuntur
1507 1530 1692 1577 contra
1715 1531 1766 1578 te

180 1618 201 1651 ‹
251 1602 511 1673 undique.
535 1604 757 1660 Etdalio
780 1620 964 1661 coram
981 1609 1057 1663 eis
1070 1606 1355 1677 judicium,
1379 1621 1435 1666 et
1444 1610 1767 1680 judicabunt

180 1708 200 1740 ι
253 1699 307 1745 te
355 1690 575 1760 judiciis
622 1696 757 1750 suis.
804 1696 870 1750 Et
906 1712 1102 1767 ponam
1150 1700 1322 1755 zelum
1363 1701 1540 1755 meu‘in
1578 1702 1632 1758 in
1676 1712 1763 1769 te,

179 1800 198 1833 ι
249 1798 411 1854 quem
451 1794 707 1840 exercent
747 1796 923 1843 tecum
955 1789 1009 1843 in
1049 1788 1249 1846 furore.
1294 1790 1494 1847 Nasum
1532 1800 1679 1847 tuum
1713 1801 1767 1847 et

1871 632 2077 680 veram,
2109 624 2163 670 et
2189 617 2331 671 vasis
2359 614 2539 687 glorim
2565 622 2685 679 tute,
2715 629 2832 683 qua:
2862 614 2953 669 tibi
2995 615 3059 675 ad
3086 613 3432 669 caeremonias

1872 708 2050 778 templi
2082 723 2243 762 aurea
2295 716 2654 776 argenteaque
2697 717 3087 769 concesseram,
3143 705 3207 759 de
3240 702 3434 773 quibus

1869 801 2125 868 scriptum
2167 807 2285 851 est:
2319 818 2336 847 ι
2367 798 2476 867 Ego
2514 797 2635 852 dedi
2676 796 2755 851 eis
2790 811 2979 850 aurum
3024 802 3082 850 et
3126 800 3435 863 argentum,

1869 899 1921 945 et
1950 890 2052 961 ipsi
2079 890 2314 944 fecerunt
2340 905 2400 943 ea
2426 888 2552 941 Baal
2570 886 2713 958 (Ose.
2740 886 2854 955 ιι).›
2898 884 3019 940 Haec
3049 892 3228 939 autem
3252 882 3433 938 omnia

1868 978 2083 1042 faciam,
2112 986 2170 1032 ut
2208 978 2416 1047 perdita
2457 976 2857 1047 pulchritudine
2905 984 2960 1029 et
3002 974 3149 1029 vultu
3194 971 3435 1027 veneﬁco

1869 1067 2170 1135 deturpato,
2201 1066 2444 1135 quiescat
2473 1065 2761 1135 aliquando
2802 1064 2977 1120 scelus
3020 1072 3189 1127 tuum,
3229 1070 3285 1116 et
3325 1061 3426 1118 foro

1868 1157 2086 1222 nicatio,
2138 1171 2297 1225 quam
2326 1155 2553 1211 didicisti
2586 1163 2639 1211 et
2667 1154 2957 1209 exercuisti
3001 1154 3055 1207 in
3081 1152 3329 1223 Egypto,
3374 1160 3436 1205 ut

1866 1256 2151 1317 postquam
2197 1261 2385 1300 nasum
2438 1258 2702 1313 auresque
2748 1244 3067 1316 perdideris,
3098 1256 3433 1312 nequaquam

1867 1341 2065 1394 audeas
2098 1337 2282 1392 oculos
2318 1343 2438 1390 tuos
2468 1334 2648 1390 levare
2676 1335 2743 1389 ad
2768 1334 3065 1401 Chaldzeos,
3091 1343 3146 1389 et
3178 1334 3435 1405 amatorj-

1865 1430 1967 1483 bus
2011 1428 2255 1499 pristinis
2303 1426 2587 1482 ostendere
2632 1426 2927 1482 fmditatem
2980 1435 3146 1492 tuam,
3203 1440 3301 1480 nec
3346 1439 3437 1480 re—

1866 1519 2107 1576 corderis
2167 1517 2394 1588 amplius
2441 1516 2817 1589 Egyptiorum
2873 1516 3151 1582 libidinis,
3206 1530 3437 1585 quorum

1867 1608 2233 1679 magnitudine
2282 1606 2523 1662 carnium
2575 1607 2950 1662 delectabaris.
3018 1608 3146 1674 Quae
3188 1604 3440 1661 universa

1866 1697 2242 1757 dicuntur'sub
2270 1700 2618 1755 translatione
2647 1698 2905 1755 adulteraa
2947 1707 3001 1754 et
3031 1706 3249 1769 prepter
3282 1699 3442 1758 adul-

1869 1791 2064 1849 terium
2095 1792 2408 1860 deturpatae,
2457 1798 2515 1845 ut
2548 1806 2885 1859 nequaquam
2914 1790 3055 1845 ultra
3092 1790 3349 1860 glorietur
3384 1790 3436 1843 in

180 1892 197 1921 ι
248 1888 411 1927 aures
452 1881 569 1927 tuas
594 1876 909 1944 prtecident,
950 1889 1007 1932 et
1048 1895 1169 1948 qua:
1204 1881 1565 1935 remanserint
1594 1880 1769 1951 gladio
1799 1873 1843 1931 Β
1870 1881 2065 1936 decore
2094 1896 2210 1946 suo,
2261 1882 2354 1937 sed
2386 1883 2670 1937 erubescat
2705 1882 2757 1936 in
2808 1880 3070 1945 foeditate,
3111 1896 3271 1950 quam
3320 1896 3439 1933 ma-

177 1978 198 2009 σ
246 1962 555 2018 concident.
587 1964 689 2036 lpsi
723 1964 864 2021 ﬁlios
898 1975 1016 2021 tuos
1041 1976 1096 2022 et
1124 1967 1261 2023 ﬁlias
1295 1977 1417 2025 tuas
1446 1971 1684 2040 capient,
1714 1982 1769 2026 et

178 2069 194 2102 ι
248 2053 605 2111 novissimum
630 2064 779 2111 tuum
802 2056 1152 2112 devorabitur
1172 2058 1302 2128 igni.
1328 2058 1397 2113 Et
1422 2060 1771 2115 denudabunt

176 2159 195 2193 ι
249 2157 304 2205 te
329 2147 670 2204 vestimentis
698 2146 823 2213 tuis,
866 2156 922 2203 et
957 2147 1143 2204 tollent
1174 2164 1301 2204 vasa
1332 2149 1516 2221 gloriae
1547 2159 1669 2205 tuae.
1703 2150 1769 2206 Et

178 2258 198 2293 ι
248 2239 593 2308 requiescere
619 2236 812 2293 faciam
835 2237 1009 2293 scelus
1031 2246 1179 2293 tuum
1202 2240 1267 2294 de
1287 2250 1354 2305 te,
1377 2249 1432 2295 et
1450 2238 1764 2297 fornicatio-

177 2348 196 2383 ι
246 2344 374 2384 nem
397 2336 544 2384 tuam
566 2327 631 2383 de
654 2334 795 2382 terra
820 2326 1061 2399 Egypti.
1092 2329 1201 2383 Nec
1218 2328 1420 2384 levabis
1443 2329 1628 2386 oculos
1645 2338 1767 2386 tuos

176 2440 197 2474 ι
248 2421 317 2476 ad
342 2437 455 2487 eos,
474 2429 527 2477 et
551 2420 769 2491 Egypti
792 2437 897 2477 non
926 2422 1296 2479 recordaberis
1312 2424 1561 2495 amplius.
1583 2444 1601 2477 ι
1628 2424 1765 2492 Quia

174 2514 556 2585 [Egyptiarum
581 2514 823 2568 carnium
853 2515 1138 2570 recordata
1167 2529 1246 2581 es,
1274 2524 1329 2571 et
1359 2516 1568 2571 imitata
1594 2517 1768 2586 turpi-

174 2606 421 2660 tudinem
443 2604 619 2677 gentis
638 2604 951 2671 immundae,
970 2622 1089 2676 quae
1118 2608 1357 2662 omnium
1379 2608 1677 2663 bestiarum
1694 2608 1769 2664 si-

172 2694 418 2751 mulacra
469 2702 792 2760 veneratur,
836 2705 1120 2765 propterea
1165 2696 1427 2752 adducam
1480 2706 1669 2755 contra
1715 2708 1768 2756 te

172 2796 448 2843 amatores
484 2794 622 2853 tuos,
659 2804 887 2859 quorum
917 2790 1111 2847 satiata
1144 2792 1425 2861 complexu
1445 2833 1459 2859 ,
1493 2794 1766 2851 recessisti

169 2876 247 2934 ab
285 2891 471 2931 eorum
510 2877 735 2943 foedere,
779 2888 839 2934 ut
862 2890 1095 2949 quantus
1121 2882 1273 2952 prius
1302 2899 1455 2937 amor
1482 2884 1677 2953 fuerat,
1710 2886 1763 2941 in

171 2978 330 3024 tanta
345 2969 467 3025 odia
482 2972 792 3036 vertereris;
812 2970 969 3037 ﬁlios,
986 2973 1540 3047 inquam,Babylonis,
1556 2993 1768 3035 omnes-

169 3073 285 3131 que
296 3058 598 3126 Chaldaeos,
615 3060 838 3127 nobiles,
858 3072 1135 3133 tyrannos,
1152 3074 1204 3120 et
1216 3066 1764 3137 principesmOmnes,

172 3151 374 3221 inquit,
392 3150 641 3222 Assyrios
657 3152 882 3222 equites,
903 3162 959 3207 et
971 3154 1198 3223 juvenes
1225 3155 1398 3211 forma
1419 3160 1655 3230 egregia,
1674 3159 1767 3214 du-

172 3256 273 3298 ces
304 3249 357 3296 et
386 3243 736 3312 magistratus
769 3243 882 3297 sive
911 3244 1173 3309 tristatas,
1201 3262 1338 3316 quos
1382 3262 1480 3302 nos
1503 3248 1763 3319 principes

170 3330 471 3401 principum
502 3331 838 3402 interpretati
867 3349 1075 3401 sumus,
1108 3336 1173 3390 de
1198 3336 1394 3406 quibus
1419 3346 1474 3393 et
1504 3338 1556 3392 in
1578 3338 1763 3394 Exodo

176 3419 335 3493 (Cap.
389 3421 479 3491 xv)
531 3421 791 3492 legimus:
828 3445 845 3477 ι
876 3425 1090 3482 Electos
1152 3444 1471 3485 ascensores
1521 3432 1765 3488 trislatas

178 3511 538 3588 [τροτάτοιςῇ
586 3528 684 3581 pro
729 3515 925 3582 quibus
949 3516 1138 3571 Latina
1183 3519 1497 3588 simplicitas
1528 3540 1548 3573 ι
1584 3529 1766 3580 ternos

174 3609 415 3655 statores
439 3621 456 3652 ι
487 3602 778 3657 transtulit.
816 3603 1064 3660 Tristatae
1092 3616 1269 3661 autem
1302 3625 1493 3665 nomen
1519 3619 1603 3666 est
1626 3613 1767 3681 apud

176 3691 440 3748 llebneos
482 3695 703 3750 secundi
748 3696 965 3766 gradus,
1000 3705 1121 3767 post
1176 3701 1377 3771 regiam
1426 3702 1761 3773 dignitatem.

175 3782 484 3853 Dequibus
537 3786 796 3854 scriptum
840 3795 964 3841 est:
1020 3805 1038 3837 ι
1071 3789 1477 3855 Verumtamen,
1537 3794 1604 3848 ad
1656 3802 1766 3849 tres

175 3889 289 3929 non
316 3874 562 3944 pervenit
591 3874 671 3946 (Il
699 3874 825 3946 Reg.
856 3876 1032 3949 χχιιι),
1063 3897 1080 3930 ι
1112 3879 1203 3947 qui
1229 3880 1498 3952 principes
1522 3884 1765 3954 equitum

176 3964 535 4037 peditumque
581 3974 755 4028 erant,
786 3974 841 4019 et
871 3966 1236 4035 tribunorum,
1272 3985 1406 4039 quos
1453 3988 1553 4029 nos
1598 3976 1767 4046 magi-

178 4063 392 4112 stratus
420 4060 703 4125 utriusque
746 4056 951 4111 militia:
980 4067 1035 4111 et
1060 4060 1344 4127 praefectos
1382 4064 1664 4119 annonar-ii
1697 4066 1766 4121 ti-

179 4142 281 4199 tuli
320 4143 684 4199 nominamus.
718 4144 938 4211 Omnes,
985 4148 1178 4217 inquit,
1217 4166 1270 4204 in
1312 4154 1581 4219 curribus,
1612 4163 1667 4209 et
1714 4155 1766 4209 in

178 4234 362 4303 equis,
402 4230 569 4311 lorica
596 4235 817 4299 armati,
840 4235 991 4305 galea
1035 4248 1090 4292 et
1119 4238 1327 4309 clypeo,
1358 4242 1686 4298 obsederunt
1718 4253 1768 4300 te

118 4350 123 4351 ί
180 4338 283 4393 per
307 4322 622 4388 circuitum,
651 4332 707 4378 et
754 4325 893 4379 dabo
932 4326 1012 4382 eis
1060 4327 1342 4397 judicium,
1377 4341 1591 4401 utquos
1644 4336 1767 4389 reli-

179 4425 404 4479 queras,
437 4419 489 4464 et
522 4426 751 4479 quorum
800 4412 1012 4468 irritum
1062 4414 1272 4471 feceras
1303 4428 1541 4487 pactum,
1588 4424 1656 4476 ab
1685 4424 1769 4478 his

174 4500 461 4569 judiceris.
523 4520 539 4551 ι
588 4501 651 4554 Et
701 4501 1019 4571 judicabunt
1063 4512 1113 4559 te
1150 4504 1369 4573 jn‘diciis
1421 4510 1553 4573 suis,
1610 4512 1760 4580 quasi

1871 1973 2150 2042 gnitudine
2196 1974 2394 2029 meruit
2449 1974 2805 2043 voluptatum.
2857 1973 3126 2043 Quidquid
3171 1974 3237 2029 de
3278 1971 3440 2028 Jeru-

1871 2064 2038 2119 salem
2068 2073 2317 2140 τροπικῶς
2347 2065 2567 2129 dicitur,
2592 2072 2645 2119 et
2668 2064 2733 2119 ad
2761 2065 2994 2118 animam
3026 2062 3215 2119 referri
3242 2072 3439 2133 potest,

1867 2172 1989 2227 qua:
2016 2158 2308 2213 virtutibus
2339 2156 2431 2212 Dei
2461 2157 2646 2227 juncta
2699 2155 3020 2225 complexui,
3052 2163 3237 2225 postea
3285 2153 3439 2208 adul-

1868 2249 2063 2303 teravit
2097 2249 2152 2304 in
2177 2249 2331 2313 vitia,
2360 2257 2416 2303 et
2450 2248 2672 2303 recessit
2706 2248 2772 2302 ab
2801 2262 2885 2311 eo,
2914 2253 2969 2301 et
3000 2244 3285 2315 patefactis
3323 2238 3443 2298 uni-

1869 2342 2040 2397 versis
2058 2339 2353 2396 sceleribus
2382 2340 2519 2411 ejus,
2544 2339 2809 2394 denudata
2832 2346 2915 2393 est
2935 2346 3096 2407 atque
3130 2343 3360 2406 turpata,
3388 2342 3445 2389 et

1868 2439 2085 2487 ostensa
2103 2430 2371 2494 omnibus,
2396 2438 2503 2485 uta
2527 2430 2729 2485 scelere
2753 2444 2851 2483 suo
2882 2428 3168 2498 aliquando
3194 2426 3441 2491 desistat,

1870 2536 1970 2577 nec
1993 2520 2251 2593 glorietur
2280 2521 2335 2574 in
2365 2519 2601 2575 nominis
2626 2520 2903 2590 dignitate,
2934 2519 3027 2574 sed
3047 2534 3145 2590 pro
3167 2517 3291 2573 mali
3314 2532 3444 2573 con-

1870 2612 2094 2668 scientia
2115 2620 2171 2668 et
2192 2612 2562 2667 recordatione
2593 2610 2831 2682 Δεῖγμα,
2855 2609 3038 2665 oculos
3061 2608 3202 2664 ultra
3231 2608 3299 2667 ad
3327 2623 3444 2664 caa-

1868 2704 1981 2759 lum
2002 2719 2113 2759 non
2137 2703 2332 2759 audeat
2357 2700 2564 2758 tollere.
2591 2700 2745 2757 Unde
2771 2711 2825 2756 et
2854 2716 3016 2756 nasus
3034 2701 3083 2755 ei
3114 2699 3441 2771 praeciditur,

1870 2804 1926 2851 et
1958 2809 2119 2854 aures
2151 2800 2515 2863 amputantur,
2549 2792 2675 2862 quia
2706 2792 2924 2849 odorem
2956 2792 3106 2846 bona:
3134 2789 3445 2860 fragrantia

1870 2892 2103 2941 verterat
2133 2884 2186 2938 in
2214 2882 2462 2950 fetorem,
2488 2891 2543 2937 et
2570 2882 2815 2938 audierat
2846 2882 3105 2952 judicium
3142 2879 3444 2955 sanguinis,

1868 2973 2013 3044 quod
2040 2988 2145 3028 non
2176 2972 2348 3028 solum
2375 2973 2439 3028 de
2462 2972 2625 3027 odore
2653 2981 2707 3027 et
2734 2972 2939 3035 auditu,
2965 2972 3058 3031 sed
3082 2972 3147 3027 de
3168 2972 3287 3028 visu
3306 2986 3439 3040 (ινα-ι

1869 3076 1975 3133 que
2000 3062 2366 3133 intelligimus,
2394 3078 2523 3133 quo,
2548 3064 2674 3133 quia
2697 3063 2835 3118 male
2860 3062 3073 3119 fuerant
3092 3063 3266 3128 abusi,
3290 3062 3447 3118 Sam-

1870 3168 1967 3209 son
2009 3161 2064 3208 et
2109 3153 2399 3209 Sedecbias
2444 3154 2726 3224 privantur
2762 3153 2967 3225 (Judic.
3012 3153 3160 3223 xvr).
3210 3152 3443 3208 Surdum

1792 3231 1835 3292 C
1867 3260 2081 3315 quoque
2116 3246 2256 3301 Deus
2282 3254 2337 3301 et
2375 3253 2581 3299 mutum
2617 3244 2766 3307 fecit,
2795 3259 2861 3298 ne
2896 3243 3075 3315 lingua
3103 3259 3288 3298 eorum
3322 3259 3444 3315 per—

1867 3344 2107 3391 transeat
2124 3350 2295 3405 usque
2316 3335 2383 3390 ad
2406 3343 2605 3391 terram
2631 3351 2644 3387 :
2680 3342 2735 3388 et
2765 3340 2939 3389 tactus
2966 3334 3143 3389 omnis
3168 3332 3445 3388 auferetur

1867 3426 1919 3480 in
1956 3428 2042 3481 bis
2070 3427 2163 3497 qui
2201 3427 2364 3480 vitam
2396 3426 2610 3495 penitus
2641 3424 3007 3494 perdiderunt.
3037 3423 3104 3477 Et
3142 3424 3255 3478 lure
3291 3422 3444 3490 ﬁent,

1865 3524 1927 3570 ut
1956 3516 2063 3586 igni
2091 3523 2283 3570 cuncta
2317 3523 2634 3585 purgentur,
2659 3523 2712 3568 et
2739 3522 2926 3581 pereat
2952 3512 3169 3585 IEgypli
3204 3512 3443 3568 fornica-

1868 3608 1962 3673 tio,
1984 3615 2084 3663 nec
2106 3606 2245 3662 ultra
2270 3606 2454 3661 oculos
2476 3621 2601 3661 suos
2624 3605 2689 3659 ad
2720 3604 2858 3658 mala
2886 3605 3056 3674 possit
3082 3604 3344 3659 attollere.

1944 3718 1963 3751 ι
1998 3697 2135 3767 Quia
2164 3700 2279 3753 lucc
2304 3698 2437 3753 dicit
2458 3698 2711 3752 Dominus
2731 3697 2909 3751 Deus:
2937 3696 3076 3751 Ecce
3104 3711 3203 3767 ego
3233 3696 3440 3750 tradam

1873 3808 1889 3841 ‹
1938 3798 1990 3844 te
2044 3790 2097 3843 in
2130 3803 2322 3842 manus
2365 3803 2572 3852 eorum,
2619 3800 2755 3857 quos
2799 3784 2980 3849 odisti,
3034 3786 3086 3839 in
3133 3800 3323 3839 manus
3374 3786 3443 3841 de

1872 3898 1890 3927 ι
1937 3878 2131 3947 quibus
2170 3879 2363 3933 satiata
2390 3886 2478 3933 est
2515 3878 2693 3931 anima
2736 3885 2844 3930 tua.
2884 3876 2949 3930 Et
2984 3884 3144 3946 agent
3182 3884 3353 3929 tecum
3384 3875 3441 3929 in

1873 3988 1890 4019 ι
1932 3968 2078 4033 odio,
2108 3976 2163 4023 et
2193 3968 2380 4023 tollent
2420 3982 2607 4022 omnes
2652 3966 2866 4021 labores
2896 3974 3038 4029 tuos,
3074 3974 3129 4019 et
3166 3964 3441 4018 dimittent

1874 4076 1891 4107 ι
1940 4066 1991 4110 te
2039 4059 2261 4121 nudam,
2310 4064 2364 4111 et
2408 4055 2697 4125 ignominia
2729 4053 2964 4124 plenam.
3018 4052 3085 4107 Et
3113 4052 3438 4108 revelabitur

1874 4166 1891 4197 ‹
1940 4147 2229 4217 ignominia
2276 4146 2689 4201 fornicationum
2730 4152 2965 4198 tuarum.
2999 4140 3183 4197 Scelus
3211 4150 3358 4197 tuum
3384 4151 3441 4198 et

1877 4254 1892 4286 ι
1940 4236 2321 4292 fornicationes
2345 4245 2448 4290 tua:
2476 4232 2858 4290 fecerunt‘brec
2884 4233 3001 4297 tibi,
3027 4233 3153 4301 quia
3177 4231 3440 4288 fornicata

1874 4352 1890 4377 ι
1938 4342 1996 4382 es
2029 4336 2151 4397 post
2196 4338 2417 4399 gentes;
2466 4327 2606 4381 inter
2649 4340 2783 4395 quas
2829 4324 3028 4393 polluta
3072 4338 3131 4378 es
3180 4324 3235 4377 in
3283 4324 3439 4378 idol's

1875 4438 1891 4469 ι
1938 4435 2145 4474 earum.
2176 4420 2233 4473 In
2272 4420 2355 4473 via
2388 4419 2588 4485 sorqris
2620 4426 2721 4471 tua:
2748 4415 3056 4470 ambulasti.
3090 4416 3156 4470 Et
3186 4417 3323 4471 dabo
3349 4430 3441 4471 ca-

1874 4530 1891 4561 (
1939 4510 2096 4565 licem
2145 4511 2261 4581 ejus
2318 4510 2369 4563 in
2428 4524 2588 4563 manu
2655 4517 2764 4561 tua.
2831 4504 2958 4560 llaec
3008 4506 3139 4560 dicit
3180 4506 3437 4560 Dominus

180 4591 507 4645 adulteram.
557 4590 625 4645 Et
668 4608 883 4661 ponam,
934 4572 1347 4663 inquit,.rzelum
1390 4572 1567 4653 meum
1604 4572 1655 4655 in
1690 4611 1758 4668 te,
1791 4572 1839 4630 1)
1875 4617 1891 4647 ‹
1941 4598 2118 4653 Deus:
2164 4572 2397 4653 Dalicem
2442 4598 2643 4652 sororis
2688 4604 2792 4651 tua:
2822 4596 2998 4660 bibes,
3027 4593 3351 4664 profundum
3382 4606 3436 4649 et

180 4698 347 4755 quem
375 4691 631 4737 exercent
661 4691 834 4737 tecum
868 4685 917 4738 in
949 4686 1144 4740 furore.
1185 4708 1200 4738 ι
1260 4689 1417 4744 Zelus
1442 4692 1584 4744 enim
1612 4707 1763 4747 meus

180 4785 266 4830 est
296 4775 443 4827 inter
483 4774 662 4827 hestes
698 4774 821 4828 ﬁdei
847 4777 1009 4829 etiam
1043 4794 1148 4831 non
1198 4789 1442 4834 servatre.
1479 4799 1497 4831 ι
1541 4782 1759 4848 Nasum,

184 4864 380 4933 inquit,
416 4871 588 4927 tuum,
619 4875 671 4917 et
702 4878 862 4919 aures
894 4873 1013 4920 tuas
1042 4869 1385 4935 prmcident,»
1430 4874 1582 4940 quasi
1609 4874 1760 4928 adul-

182 4963 318 5010 tera:
373 4962 428 5007 et
464 4954 810 5021 deprehensa:
855 4954 907 5007 in
952 4965 1157 5025 stupro,
1205 4969 1265 5011 ut
1298 4959 1597 5015 deformata
1644 4962 1759 5031 pla-

180 5061 309 5101 cere
342 5045 589 5100 desistas.
622 5046 902 5111 Quomodo
951 5050 1093 5104 enim
1139 5052 1189 5104 in
1239 5052 1373 5108 facie
1417 5055 1591 5111 omnis
1648 5058 1764 5125 pul-

186 5136 439 5190 chritudo
491 5137 603 5189 oris
640 5138 690 5190 in
726 5138 935 5191 narium
967 5139 1161 5195 decore
1188 5145 1458 5207 consistit,
1487 5154 1541 5199 et
1577 5147 1628 5199 in
1671 5163 1765 5201 au-

188 5226 343 5280 ribus
386 5240 416 5279 c
466 5227 660 5295 quibus
713 5229 764 5280 in
817 5228 1029 5283 feminis
1100 5232 1324 5287 uniones
1370 5245 1424 5288 et
1474 5240 1764 5307 margarita

188 5314 515 5384 dependent,
552 5317 623 5368 ita
651 5317 885 5385 dignitas
911 5320 1055 5387 regis
1086 5321 1416 5388 etjudicum,
1446 5342 1565 5395 qua:
1594 5330 1645 5381 in
1674 5344 1767 5383 ore

187 5405 521 5474 auribusque
581 5410 867 5477 s’guatur,
944 5424 1129 5464 eorum
1192 5414 1367 5482 gladio
1422 5420 1762 5485 prmcidetur.

194 5512 216 5547 ι
260 5495 367 5565 Ipsi
400 5495 538 5549 filios
586 5506 704 5551 tuos
736 5508 789 5551 et
828 5499 964 5553 ﬁlias
1014 5509 1131 5555 tuas
1164 5504 1395 5573 capient.
1435 5525 1452 5556 ι
1492 5507 1652 5571 Tuos,
1688 5510 1767 5562 in-

193 5587 333 5656 quit,
369 5595 425 5641 et
462 5596 600 5652 tuas,
630 5604 735 5642 non
774 5605 923 5646 meos
967 5601 1020 5647 et
1056 5608 1223 5658 meas,
1254 5598 1380 5664 quia
1410 5599 1476 5652 de
1506 5599 1769 5655 adulterio

196 5682 438 5750 generati
470 5688 614 5746 sunt,
646 5689 698 5734 ct
727 5691 917 5737 cmtera
946 5686 1278 5739 vorabuntur
1301 5687 1576 5756 incendio;
1602 5699 1655 5745 et
1681 5692 1771 5746 de-

269 5784 294 5812 ι
325 5770 424 5826 llic
454 5771 618 5825 nmlta
645 5774 835 5828 desunt
862 5790 979 5842 qua:
1007 5780 1247 5847 requiras
1278 5784 1416 5851 apud
1450 5784 1848 5857 Hieronymum.

524 5870 792 5929 Ροιτιιοι..
838 5872 972 5932 CX.

1873 4710 1888 4739 ι
1938 4690 2122 4744 latum.
2150 4689 2273 4745 Eris
2303 4690 2355 4743 in
2380 4689 2612 4743 derisum
2645 4696 2698 4743 et
2724 4688 2776 4741 in
2800 4686 3295 4750 subsannationem,
3318 4701 3436 4756 qua:

1872 4800 1887 4829 ε
1936 4796 1994 4835 es
2046 4780 2398 4850 capacissima
2449 4779 2742 4844 ebrietate,
2792 4786 2847 4833 et
2892 4778 3076 4832 dolore
3123 4778 3433 4847 repleberis,

1876 4889 1889 4919 ι
1934 4878 1988 4923 et
2028 4869 2252 4924 calicem
2301 4869 2548 4922 mceroris
2598 4868 2649 4922 in
2693 4868 2933 4932 tristitia,
2962 4868 3186 4921 calicem
3236 4868 3434 4922 sororis

1874 4977 1889 5005 ι
1940 4969 2042 5013 tua:
2085 4958 2367 5021 Sanun-im,
2412 4966 2467 5012 et
2502 4957 2652 5012 bibes
2702 4958 2871 5023 illum,
2906 4966 2959 5011 et
2997 4958 3238 5026 epotabis
3266 4972 3437 5027 usque

1874 5067 1889 5094 ι
1939 5048 2005 5099 a.l
2038 5046 2201 5111 feces,
2252 5054 2306 5099 et
2336 5046 2634 5113 fragmenta
2681 5044 2797 5113 ejus
2844 5047 3145 5110 devorabis,
3183 5054 3238 5101 et
3270 5047 3432 5102 ubera

1874 5159 1889 5187 ι
1946 5149 2032 5191 tua
2061 5136 2341 5200 laeerabis,
2374 5138 2497 5205 quia
2523 5151 2621 5206 ego
2649 5137 2854 5192 locutus
2882 5154 3023 5203 sum,
3050 5138 3125 5191 ait
3156 5139 3430 5192 Dominus.

1878 5250 1893 5279 ι
1942 5230 2229 5297 Propterea
2252 5228 2364 5280 lucc
2394 5226 2523 5281 dicit
2549 5227 2805 5282 Dominus
2835 5230 3003 5282 Deus:
3026 5229 3157 5294 Quia
3186 5230 3347 5282 oblita
3374 5247 3433 5284 es

1877 5337 1893 5369 (
1943 5318 2089 5381 mei,
2137 5326 2190 5370 et
2239 5316 2509 5386 projccisti
2559 5333 2641 5372 me
2690 5328 2809 5387 post
2860 5334 3053 5387 corpus
3138 5329 3327 5383 tuum,
3377 5331 3432 5373 tu

1878 5428 1894 5457 ι
1942 5420 2152 5475 quoque
2177 5415 2330 5475 porta
2363 5407 2536 5462 scelus
2566 5417 2714 5462 tuum
2750 5418 2800 5460 et
2829 5409 3208 5464 fornicationes
3237 5419 3374 5465 tuas.
3407 5430 3429 5463 ι

1872 5496 2093 5551 Prodest
2130 5494 2426 5551 Jerusalem
2484 5497 2790 5551 inimicitias
2819 5498 3015 5552 habere
3050 5508 3233 5552 contra
3271 5498 3434 5571 Assy»

1874 5589 1983 5641 rios
2012 5595 2171 5656 atque
2196 5586 2475 5642 Chaldzeos
2494 5630 2507 5651 ,
2553 5599 2607 5641 et
2640 5602 2972 5657 nequaquam
3001 5588 3220 5659 :Egypti
3252 5603 3435 5643 recor-

1874 5678 2010 5741 dari,
2035 5677 2128 5732 sed
2157 5676 2294 5731 tradi
2317 5678 2397 5732 eis
2424 5678 2474 5731 in
2504 5693 2692 5733 manus
2721 5678 2771 5731 in
2800 5678 3145 5748 puniendum,
3177 5679 3266 5748 qui
3291 5677 3438 5733 illan;

2979 5878 3055 5937 2’s
