3936 6346
471 382 533 438 ’Ἳ
547 385 603 442 Π

1092 380 1151 447 Β.
1193 391 1444 447 RABANI
1487 390 1700 448 ΜΑυηί
1739 388 2058 446 ARClllEP.
2096 369 2405 447 IOGUNT.
2448 389 2730 448 OPERUM
2766 391 2946 447 PARS
2981 391 3044 448 ll.

3640 389 3749 445 τιδ

483 503 728 558 oderant.
761 501 969 570 Quibus
1003 508 1126 555 ante
1165 516 1270 555 non
1300 500 1550 566 traditur,
1585 499 1684 554 nisi
1715 495 2056 554 satiata'fue-
2082 501 2132 562 Α
2164 518 2183 550 ‹
2228 507 2284 555 et
2327 500 2711 557 circumlevisti
2766 501 2862 557 tibi
2909 503 3093 558 oculos
3143 510 3280 560 tuos.
3336 515 3392 562 et
3444 514 3638 562 ornata
3685 520 3750 560 es

483 593 560 648 “rit
587 593 657 648 de
683 591 763 648 eis
791 592 970 646 anima
1003 589 1142 660 ejus,
1168 599 1230 644 ut
1256 599 1541 662 postquam
1575 588 1890 659 pmnituerit
1907 594 2060 642 vete-

487 697 608 737 rum
637 690 1006 753 peccatorum,
1035 688 1164 735 tunc
1187 688 1448 751 purgetur
1471 678 1762 749 suppliciis,
1792 686 1847 733 et
1867 676 2062 747 perdat

473 785 678 827 'omnes
704 769 917 826 labores
945 782 1082 839 quos
1108 777 1227 824 arte
1254 768 1560 824 meretricia
1610 765 1950 836 conquisivit,
1981 765 2062 820 vi-

485 861 719 931 deatque
765 859 1065 915 nuditatem
1112 873 1264 914 suam
1315 867 1370 914 et
1415 855 1783 926 ignominiam,
1831 864 1885 910 et
1925 854 2063 909 sciat

491 951 630 1022 quod
653 951 767 1006 hanc
797 949 1048 1004 universa
1078 963 1190 1003 non
1219 948 1268 1004 ei
1296 947 1554 1003 Dominus
1586 945 1794 1010 fecerit,
1828 943 1922 1000 sed
1952 943 2061 999 for-

486 1040 786 1096 nicationes
810 1055 943 1106 suae,
971 1038 1167 1110 quibus
1194 1037 1458 1095 fornicata
1484 1045 1570 1092 est
1593 1051 1690 1107 per
1713 1043 1898 1107 gentes
1924 1049 2061 1105 quas

487 1143 666 1199 supra
699 1129 1080 1196 euumeravit‘,
1137 1139 1199 1184 ut
1247 1143 1434 1184 earum
1494 1126 1697 1182 coleret
1747 1125 2056 1180 simulacra.

496 1240 513 1272 ι
562 1222 618 1277 In
647 1221 771 1286 viis,
799 1221 895 1287 ait,
921 1221 1126 1276 sororis
1148 1228 1253 1275 tua:
1279 1218 1537 1274 Samaria:
1563 1216 1901 1281 ambulasti,»
1930 1229 2059 1286 pro-

483 1319 674 1382 pterea
725 1309 888 1365 debes
940 1309 1162 1365 calicem
1209 1307 1353 1362 illius
1394 1307 1600 1371 bibere,
1645 1304 1799 1374 cujus
1837 1310 2058 1373 peccata

482 1409 691 1457 sectata
727 1414 806 1457 es.
845 1399 996 1457 Calix
1035 1409 1234 1467 autem,
1280 1399 1422 1468 quod
1463 1411 1604 1466 s'epe
1656 1396 1920 1466 accipitur
1959 1407 2060 1465 pro

488 1490 662 1560 pmnis
691 1499 851 1567 atque
879 1489 1174 1559 suppliciis,
1198 1487 1366 1543 multa
1403 1486 1647 1556 exrmpla
1673 1493 1818 1549 sunt,
1847 1484 1915 1539 de
1941 1485 2061 1554 qui-

487 1582 588 1635 bus
638 1579 764 1634 illnd
813 1590 937 1635 est:
985 1600 1002 1630 ‹
1034 1578 1186 1633 Calix
1238 1577 1291 1632 in
1339 1591 1497 1632 manu
1527 1575 1737 1631 Domini
1783 1575 1895 1630 vini
1924 1575 2058 1630 meri

492 1672 680 1740 plenus
711 1673 890 1736 misto,
934 1679 989 1725 ct
1014 1670 1290 1726 inclinavit
1319 1685 1388 1725 ex
1427 1670 1528 1725 hoc
1556 1669 1610 1724 in
1638 1669 1760 1734 hoc,
1788 1676 2060 1724 verumta-

491 1778 610 1816 men
639 1761 723 1817 fex
760 1760 876 1830 ejus
915 1779 1020 1819 non
1050 1767 1132 1817 est
1159 1761 1450 1826 exinanita,
1480 1761 1665 1816 bibent
1686 1777 1753 1816 ex
1778 1775 1844 1816 eo
1869 1774 2060 1815 omnes

2167 607 2185 641 ι
2230 588 2430 644 mundo
2495 591 2766 647 muliebri.
2816 590 3017 646 Sedisti
3059 593 3115 648 in
3166 593 3307 651 lecto
3351 595 3745 667 pulcherrimo,

2166 697 2186 730 ι
2228 686 2284 734 et
2324 693 2509 734 mensa
2555 689 2750 735 ornata
2789 688 2872 736 est
2910 690 3035 736 ante
3075 691 3144 737 te.
3199 684 3516 757 Thymiama
3559 701 3745 741 meum

2170 787 2188 820 ι
2234 777 2291 823 ct
2325 780 2657 841 unguentum
2705 786 2884 826 meum
2911 773 3138 843 posuisti
3179 790 3343 846 super
3367 792 3508 842 eam,
3552 784 3606 833 et
3636 793 3748 831 vox

2165 877 2185 910 ε
2229 860 2590 917 multitudinis
2624 862 2948 918 exsultantis
2991 873 3113 920 erat
3159 865 3213 920 in
3263 882 3348 923 ea.
3398 869 3461 923 Et
3512 869 3566 924 in
3609 869 3749 924 viris

2165 966 2184 998 ο
2227 948 2321 1018 qui
2370 949 2438 1005 de
2487 950 2831 1006 multitudine
2880 952 3156 1026 hominum
3211 957 3633 1023 adducebantur,
3689 967 3750 1013 et

2166 1052 2186 1086 ι
2231 1037 2520 1092 veniebant
2560 1038 2628 1094 de
2657 1038 2893 1105 deserto,
2925 1053 3226 1112 posuerunt
3259 1047 3501 1103 armillas
3540 1049 3593 1102 in
3620 1063 3748 1104 ma-

2166 1149 2185 1182 ι
2231 1131 2388 1186 nibus
2432 1145 2647 1198 eorum,
2703 1140 2757 1188 et
2801 1149 3033 1190 coronas
3079 1138 3350 1206 speciosus
3393 1141 3446 1193 in
3475 1141 3751 1211 capitibus

2166 1239 2185 1272 ε
2230 1234 2439 1276 eorum.
2493 1222 2556 1277 Et
2587 1222 2696 1276 dixi
2740 1223 2791 1278 ei
2838 1240 2957 1294 qum
2984 1219 3169 1281 attrita
3209 1238 3291 1284 est
3329 1230 3384 1285 in
3415 1230 3700 1286 adulteriis
3726 1248 3745 1287 :

2166 1329 2186 1362 ι
2230 1310 2384 1366 Nunc
2410 1311 2768 1367 fornicabitur
2797 1314 2850 1368 in
2877 1313 3234 1373 fornicatione
3275 1335 3372 1374 sua
3403 1322 3566 1376 etiam
3597 1321 3744 1377 bmc‘

2165 1419 2184 1453 ς
2227 1401 2294 1456 Ει
2325 1402 2553 1472 ingressi
2593 1411 2718 1457 sunt
2759 1403 2828 1458 ad
2863 1419 2984 1459 eam
3013 1406 3164 1476 quasi
3208 1408 3275 1464 ad
3313 1409 3588 1472 mulierem
3625 1426 3749 1467 me-

2165 1507 2184 1542 t
2230 1491 2503 1556 retricem,
2567 1491 2646 1546 sic
2704 1486 3148 1563 ingrediebantur
3196 1496 3265 1551 ad
3307 1497 3514 1554 Oollam
3564 1509 3620 1555 et
3671 1501 3747 1557 ad

2166 1597 2185 1630 ι
2231 1579 2472 1663 Oolibam
2508 1580 2763 1637 mulieres
2792 1581 3048 1638 nefarias.
3078 1585 3192 1640 Viri
3232 1601 3362 1658 ergo
3403 1588 3537 1658 justi
3589 1593 3744 1644 sunt.

2165 1687 2184 1720 ι
2229 1667 2292 1723 lli
2312 1667 2634 1739 judicabunt
2657 1685 2750 1726 eas
2779 1670 2833 1726 in
2853 1669 3056 1740 judicio
3083 1673 3472 1742 adulterarum,
3516 1687 3573 1732 et
3590 1676 3744 1746 judi-

2173 1778 2191 1810 ς
2235 1758 2321 1814 cio
2349 1759 2736 1816 emmdentium
2765 1761 3104 1832 sanguinem,
3134 1764 3261 1835 quia
3305 1765 3565 1822 adultera
3590 1775 3743 1832 sunt.

478 1861 801 1934 peccatores
836 1862 993 1909 terrae
1019 1852 1191 1924 (Psal.
1219 1853 1433 1925 LXXIV);
1472 1872 1492 1906 ι
1529 1862 1584 1907 et
1616 1853 1668 1907 in
1698 1851 1876 1907 Isaia:
1909 1871 1927 1902 ‹
1960 1850 2061 1906 Ca-
2093 1855 2134 1913 Β
2167 1867 2186 1900 ι
2228 1855 2284 1903 et
2315 1848 2534 1920 sanguis
2585 1849 2640 1904 in
2693 1850 2944 1906 manibus
2995 1865 3204 1907 earum.
3249 1851 3377 1909 Hec
3419 1854 3562 1910 enim
3604 1855 3745 1912 dicit

489 1943 560 1996 lix
593 1943 760 1997 ruina:
796 1951 852 1997 et
887 1942 1136 2012 poculum
1183 1941 1382 1997 furoris
1407 1941 1541 2013 (Isa.
1569 1941 1643 2012 ιι)
1682 1960 1700 1993 ι
1734 1939 1947 1994 dicitur.
1994 1939 2062 1994 Et

488 2033 556 2086 ad
584 2029 874 2088 Jercmiam
911 2030 1148 2100 loquitur
1174 2030 1316 2085 Deus
1345 2046 1358 2082 :
1397 2047 1417 2080 σ
1451 2029 1653 2100 Accipe
1699 2027 1921 2084 calicem
1952 2029 2061 2083 vini

490 2122 623 2176 meri
663 2121 730 2177 de
769 2135 932 2175 manu
981 2135 1124 2185 mea,
1151 2129 1205 2175 et
1233 2119 1533 2189 potionabis
1566 2134 1752 2175 omnes
1779 2125 1967 2190 gentes
1994 2118 2062 2173 ad

479 2201 620 2283 Quas
639 2227 738 2283 ego
757 2213 965 2267 mittam
992 2219 1063 2278 te,
1085 2220 1139 2267 et
1160 2211 1346 2266 bibent
1387 2220 1442 2265 et
1462 2219 1696 2274 voment,
1719 2217 1774 2264 et
1795 2208 2064 2264 insanient

485 2301 545 2372 (J
553 2319 626 2356 er.
652 2301 802 2373 xxv).
838 2321 858 2353 ι
894 2300 1047 2355 Sicut
1073 2299 1215 2353 enim
1242 2299 1483 2368 quaedam
1515 2298 1715 2352 dantur
1743 2296 2058 2358 catltartica,

491 2401 550 2445 ut
584 2391 776 2446 noxius
819 2389 1033 2453 humor,
1085 2387 1178 2457 qui
1227 2387 1369 2442 inest
1411 2385 1749 2456 corporibus,
1781 2393 2060 2456 egeratur:

489 2484 574 2538 sic
600 2490 655 2537 et
692 2480 950 2537 Dominus
975 2480 1066 2535 dat
1091 2479 1314 2534 calicem
1361 2485 1751 2532 tormentorum
1799 2473 2060 2529 meracis-

491 2573 709 2637 simum,
739 2579 798 2626 ut
823 2568 1082 2641 quidquid
1117 2567 1256 2623 fellis
1285 2582 1349 2622 ac
1376 2565 1750 2622 amaritudinis
1774 2573 1878 2630 est,
1914 2561 2062 2619 aufe-

492 2672 631 2719 rata
655 2663 1050 2734 peccatoribus,
1074 2668 1129 2716 et
1152 2659 1396 2730 pristinre
1421 2673 1516 2714 eos
1541 2656 1794 2714 restituat
1818 2655 2060 2713 sanitati.

494 2755 560 2810 Et
603 2755 717 2826 ipse
767 2752 908 2809 calix
956 2752 1060 2808 erit
1104 2749 1399 2822 profundus
1445 2758 1502 2805 et
1545 2748 1716 2812 latus,
1765 2745 2062 2818 profundus

492 2859 773 2917 pmnarum
822 2841 1209 2914 magnitudine,
1255 2841 1396 2897 latus
1431 2847 1670 2910 tempore
1715 2837 2059 2908 captivitatis.

487 2935 720 3005 Quando
749 2941 949 2999 autem,
980 2932 1075 2999 ait,
1106 2931 1376 2987 inebriata
1402 2929 1592 2995 fueris,
1623 2937 1678 2984 et
1705 2927 1891 2984 dolore
1918 2941 2065 2982 com—

491 3026 780 3097 prehensa,
821 3030 877 3079 et
916 3023 1118 3079 biberis
1161 3021 1385 3076 calicem
1417 3033 1588 3088 usque
1626 3017 1694 3074 ad
1730 3015 1894 3081 feces,
1925 3026 1981 3071 et
2009 3015 2062 3070 in

2167 1955 2185 1988 ε
2232 1938 2488 1994 Dominus
2533 1939 2695 1995 Deus.
2739 1939 2933 1995 Adduc
2978 1940 3047 1994 ad
3099 1940 3194 1996 eas
3242 1942 3641 2011 multitudines,
3685 1955 3747 2003 et

2167 2046 2186 2079 ι
2233 2028 2383 2083 trade
2409 2042 2504 2083 eas
2534 2028 2587 2084 in
2615 2028 2924 2092 tumultum,
2956 2037 3012 2084 et
3038 2030 3090 2083 in
3118 2029 3384 2100 rapinam,
3414 2039 3470 2086 et
3496 2031 3746 2102 lapideno

2167 2133 2186 2166 ι
2235 2124 2322 2170 tur
2366 2115 2632 2187 lapidibus
2661 2116 3004 2187 p0pulorum,
3035 2127 3091 2173 et
3116 2117 3497 2176 confodiantur
3543 2121 3746 2193 gladiis

2166 2223 2185 2256 ‹
2229 2219 2438 2260 eorum.
2468 2203 2634 2260 Filios
2663 2213 2721 2260 et
2755 2205 2894 2262 tilias
2935 2221 3124 2262 earum
3179 2206 3527 2277 interﬁcient,
3558 2219 3614 2265 et
3643 2210 3748 2266 do-

2167 2312 2186 2344 σ
2231 2307 2351 2348 mus
2399 2307 2584 2349 earum
2634 2293 2755 2365 igne
2803 2295 3150 2362 succendeut,
3189 2305 3245 2351 et
3271 2295 3512 2352 auferam
3561 2299 3746 2356 scelus

2165 2402 2185 2434 ι
2229 2383 2298 2437 de
2341 2391 2505 2439 terra.
2549 2383 2620 2439 Et
2659 2385 2869 2441 discent
2901 2377 3091 2444 omnes
3141 2387 3395 2443 mulieres
3432 2404 3500 2444 ne
3537 2388 3747 2447 faciant

2166 2494 2184 2526 ι
2228 2475 2519 2530 secundum
2546 2474 2722 2530 scelus
2745 2489 2953 2530 earum.
2982 2477 3049 2531 Et
3072 2477 3275 2533 dabunt
3301 2477 3477 2535 scelus
3498 2488 3746 2536 vestrum

2168 2583 2188 2616 ι
2231 2580 2394 2636 super
2417 2581 2532 2632 vos,
2556 2574 2612 2622 et
2638 2575 2858 2636 peccata
2909 2567 3169 2624 idolorum
3206 2577 3511 2627 vestrorum
3556 2580 3749 2643 porta-

2169 2674 2187 2708 ι
2233 2657 2380 2714 bitis.
2436 2657 2504 2711 Et
2539 2658 2722 2714 scietis
2753 2659 2879 2730 quia
2913 2673 3012 2730 ego
3047 2660 3308 2716 Dominus
3332 2663 3492 2718 Deus.
3528 2681 3550 2717 ι
3605 2663 3748 2720 Con-

2163 2761 2393 2817 sequens
2427 2754 2605 2803 antem
2635 2758 2754 2804 erat
2791 2759 2850 2805 ut
2897 2750 2990 2820 qui
3031 2749 3292 2807 Samaria:
3331 2760 3385 2806 et
3439 2751 3747 2809 Jerusalem

2164 2837 2424 2897 adulteria
2489 2841 2783 2910 separatim
2846 2840 3239 2910 descripserat,
3294 2845 3502 2912 pariter
3552 2859 3746 2900 earum

2165 2928 2428 2999 supplicia
2479 2929 2772 2983 nuntiaret.
2812 2929 3004 2985 Omnia
3056 2940 3236 2986 autem
3283 2932 3538 2988 dicuntur
3585 2932 3746 3004 quasi

2167 3020 2235 3073 ad
2272 3019 2566 3086 adulteras,
2597 3027 2651 3075 et
2677 3020 2818 3076 facta
2862 3023 3232 3095 ἁνακιφαλίωσι
3251 3064 3264 3090 ,
3293 3025 3528 3081 breviter
3552 3041 3747 3083 earum

491 3125 704 3174 tantum
729 3114 994 3180 hauseris,
1021 3121 1082 3168 ut
1117 3112 1416 3184 fragmenta
1445 3123 1659 3180 quoque
1688 3108 1855 3178 ipsius
1879 3108 2064 3163 calicis
2167 3106 2372 3166 scelera
2399 3117 2788 3178 proponuntur,
2822 3119 2882 3165 ut
2911 3118 3057 3166 recte
3093 3110 3248 3179 juxta
3281 3112 3415 3183 legis
3458 3114 3748 3184 imperium

485 3207 752 3271 devores,
808 3190 934 3258 tunc
990 3201 1209 3257 taedebit
1263 3209 1315 3254 te
1363 3197 1737 3253 fornicationis
1797 3196 2060 3267 pristina',
2090 3186 2136 3249 C
2169 3196 2221 3250 in
2250 3197 2525 3253 adulteras
2553 3194 2810 3269 lapidatio
2838 3199 3022 3269 populi
3050 3209 3434 3271 consequatur.
3462 3203 3598 3270 Quia
3645 3203 3754 3274 igi-

495 3305 553 3351 ct
580 3294 843 3351 laeerabis
891 3293 1057 3349 ubera
1103 3305 1223 3362 qua:
1269 3289 1438 3346 fracta
1472 3288 1686 3344 fuerant
1730 3287 1784 3343 in
1813 3286 2066 3358 Egypto,

479 3393 558 3439 .et
602 3397 724 3454 quae
773 3382 840 3437 ab
878 3379 1361 3437 amatoribus'tuis
1404 3380 1626 3434 subacta
1670 3384 1832 3447 atque
1885 3375 2067 3430 collisa

499 3479 643 3526 sunt.
699 3469 827 3526 Sive
879 3484 1068 3525 omnes
1119 3467 1442 3524 festivitates
1493 3475 1550 3522 et
1590 3466 1904 3522 neomeuias
1951 3473 2070 3520 tuas

501 3563 764 3628 auferam,
792 3571 851 3617 ut
877 3577 976 3633 pro
1011 3562 1350 3616 solemnitate
1383 3569 1550 3630 atque.
1593 3559 1778 3615 lzetitia
1808 3568 2066 3615 aeternum

493 3653 773 3722 planctum
798 3651 997 3706 habeas
1023 3658 1079 3705 et
1116 3663 1422 3704 maerorem.
1458 3647 1594 3715 Quia
1622 3648 1785 3717 igitur
1813 3647 1912 3702 ista
1941 3645 2071 3702 feci-

479 3743 569 3799 -sti
609 3749 665 3797 et
697 3740 861 3797 oblita
897 3755 955 3794 es
996 3738 1131 3803 mei,
1177 3746 1232 3793 et
1266 3736 1542 3808 projecisti
1584 3753 1670 3792 me
1709 3744 1830 3806 post
1875 3750 2071 3806 corpus

503 3842 672 3896 tuum,
725 3831 837 3887 sive
890 3839 1184 3884 retrorsum
1230 3838 1452 3898 propter
1503 3828 1744 3898 corporis
1783 3827 1934 3893 vitia,
1985 3827 2071 3882 vel

501 3930 623 3994 post
645 3920 918 3991 genitalia,
944 3920 1141 3990 quibus
1164 3919 1514 3988 turpitudinis
1543 3917 1754 3977 fmditas
1783 3918 2067 3972 indicatur.

496 4013 794 4084 Propterea
829 4019 984 4082 porta
1017 4009 1193 4066 scelus
1230 4019 1285 4065 et
1319 4009 1649 4079 impietatem
1689 4019 1853 4075 tuam,
1885 4009 2074 4064 videli-

491 4109 590 4158 cet
635 4099 916 4171 supplicia,
968 4114 1087 4170 qua:
1132 4109 1351 4170 propter
1400 4099 1728 4168 impietatem
1775 4107 1831 4154 et
1867 4097 2072 4154 scelera

506 4191 772 4248 meruisti.
794 4190 978 4246 Potest
1005 4187 1108 4246 hoc
1135 4192 1278 4260 quod
1302 4191 1518 4255 dicitur,
1539 4209 1557 4241 ι
1587 4199 1641 4246 et
1664 4191 1876 4258 potabis
1901 4207 2072 4261 usque

508 4282 576 4336 ad
601 4281 764 4346 feces,
785 4289 852 4336 et
874 4281 1168 4352 fragmenta
1191 4280 1308 4351 ejus
1336 4278 1636 4345 devorabis,
1663 4299 1681 4332 ι
1708 4279 2076 4350 significanter

512 4373 756 4443 intelligi,
805 4386 967 4442 super
1007 4370 1323 4435 Jerusalem,
1370 4385 1489 4441 quae
1537 4370 1759 4426 calicem
1818 4369 2077 4425 Samaria:

510 4465 712 4519 sororis
741 4477 863 4518 sum
877 4462 1009 4517 bibit
1040 4462 1354 4526 novissima,
1385 4469 1440 4516 et
1464 4461 1618 4531 quasi
1661 4459 1806 4516 feces
1832 4469 2074 4516 tormen-

512 4569 686 4612 torum
710 4556 828 4623 ejas
849 4568 1018 4625 usque
1049 4555 1116 4608 ad
1141 4552 1363 4607 fundum
1397 4553 1650 4623 epotavit.

588 4665 606 4696 ι
653 4645 710 4700 Et
755 4644 830 4698 ait
858 4642 1115 4697 Dominus
1150 4641 1217 4696 ad
1257 4657 1343 4696 mc
1383 4640 1570 4696 dicens
1611 4658 1624 4693 :
1671 4640 1773 4696 Fili
1819 4640 2072 4705 hominis,

517 4759 535 4787 ι
582 4735 820 4806 nunquid
854 4732 1066 4801 judicas
1091 4731 1296 4788 Oollam
1331 4739 1387 4787 et
1418 4731 1685 4797 Oolibam,
1714 4741 1768 4786 et
1789 4731 2076 4785 annuntias

507 4844 536 4878 ι
582 4825 662 4881 eis
699 4823 903 4880 scelera
942 4837 1126 4876 carum
1155 4820 1281 4891 quia
1316 4820 1573 4875 adultera:
1599 4829 1746 4885 sunt,
1775 4829 1831 4874 et
1858 4818 2077 4889 sanguis

519 4936 536 4966 ε
587 4918 637 4970 in
675 4915 920 4969 manibus
962 4927 1171 4977 earum,
1215 4919 1271 4965 et
1309 4926 1432 4965 cum
1474 4909 1628 4965 idolis
1660 4911 1770 4964 suis
1799 4907 2077 4965 fornicata:

522 5034 538 5062 ι
586 5011 742 5068 sunt?
783 5011 1003 5079 Insuper
1037 5017 1090 5063 et
1130 5007 1267 5062 ﬁlius
1293 5022 1420 5062 suos
1451 5020 1587 5076 quos
1608 5013 1909 5076 genuerunt
1943 5003 2075 5060 mihi

523 5127 538 5152 ο
587 5100 898 5156 obtulerunt
917 5099 997 5154 eis
1013 5098 1080 5152 ad
1108 5099 1490 5152 devorandum.
1514 5093 1625 5150 Sed
1650 5095 1814 5148 ethoc
1837 5093 2080 5149 fecerunt

522 5213 537 5241 ε
586 5191 736 5245 mibi.
779 5188 1091 5244 Pollueruut
1137 5185 1500 5241 sanctuarium
1543 5198 1720 5237 meum
1768 5183 1821 5236 in
1851 5183 1935 5238 die
1966 5182 2076 5245 illa,

524 5302 540 5332 ‹
585 5292 640 5336 ct
669 5281 890 5334 sabbata
929 5292 1048 5333 mea
1085 5275 1524 5346 profanavcrunt.
1565 5273 1804 5342 Cumque
1846 5273 2083 5326 immola-

525 5393 539 5420 ε
591 5379 709 5423 rent
738 5368 876 5422 filios
913 5365 1049 5422 suos
1082 5365 1236 5421 idolis
1275 5365 1408 5425 suis,
1440 5372 1493 5417 ct
1524 5362 1929 5431 ingrederentur
1958 5377 2081 5415 san-

526 5477 542 5509 e
589 5457 854 5512 ctuarium
885 5454 1289 5510 mcum‘in'die
1337 5453 1423 5506 illa
1475 5460 1535 5503 ut
1579 5450 1878 5520 polluerent
1929 5450 2078 5513 illud,

527 5567 547 5601 ι
593 5549 756 5603 etiam
788 5550 903 5604 lucc
944 5547 1185 5616 fecerunt
1221 5545 1272 5597 in
1305 5543 1480 5598 medio
1523 5543 1712 5597 domus
1742 5557 1891 5596 mean.
1928 5542 2084 5596 Mise-

524 5657 544 5692 ι
592 5646 717 5692 runt
742 5638 809 5691 ad
839 5637 980 5690 viros
1003 5634 1279 5708 venientes
1307 5633 1370 5685 de
1399 5631 1550 5699 longe
1583 5629 1648 5684 ad
1678 5645 1811 5699 quos
1837 5631 2082 5685 nuntium

523 5749 546 5782 ς
593 5730 873 5784 miserant.
911 5727 1093 5795 Itaque
1137 5738 1262 5778 ecce
1291 5731 1542 5774 venerunt
1575 5722 1765 5790 quibus
1806 5729 1857 5775 te
1886 5723 2080 5789 tavisti,

2171 3296 2259 3346 tur
2283 3289 2542 3344 adultera:
2570 3299 2718 3354 sunt,
2755 3289 2959 3360 justam
2991 3301 3178 3366 prome
3210 3292 3553 3348 sententiam.
3605 3293 3750 3351 Sunt

2169 3379 2311 3434 enim
2356 3381 2636 3436 mmehatac
2671 3382 2724 3435 in
2767 3381 2958 3448 idolis,
3016 3390 3072 3437 et
3136 3384 3356 3465 sanguis
3399 3383 3454 3439 in
3495 3386 3750 3441 manibus

2169 3483 2380 3534 earum,
2426 3484 2616 3527 eorum
2672 3469 2923 3525 videlicet
2975 3485 3112 3540 quos
3160 3471 3321 3528 idolis
3373 3473 3738 3541 immolarunt

2168 3567 2230 3614 ut
2257 3559 2397 3616 filios
2422 3575 2558 3630 quos
2593 3560 2725 3615 mibi
2755 3569 3055 3632 genuerant
3085 3561 3419 3621 daemonibus
3455 3579 3751 3620 consecra-

2172 3658 2311 3704 rent.
2345 3648 2453 3703 Nec
2493 3649 2595 3705 hoc
2625 3647 2870 3705 fecerunt
2913 3649 3045 3706 foris
3070 3660 3126 3706 et
3165 3652 3220 3706 in
3258 3654 3532 3710 montibus
3568 3669 3633 3709 ac
3667 3655 3754 3708 lu-

2169 3741 2279 3804 cis,
2323 3750 2384 3793 ut
2419 3755 2563 3810 saepe
2607 3738 2787 3795 facere
2842 3749 3272 3806 consueverant,
3318 3741 3409 3795 sed
3450 3742 3529 3798 ad
3565 3750 3750 3797 estne-

2175 3844 2324 3884 mum
2371 3828 2676 3900 polluerunt
2714 3830 2968 3901 templum
3009 3845 3214 3896 meum,
3245 3839 3303 3885 ut
3339 3839 3575 3886 statuam
3616 3831 3749 3888 Baal

2173 3917 2226 3972 in
2273 3934 2340 3975 eo
2390 3929 2687 3989 ponerent,
2732 3930 2788 3976 et
2840 3923 3064 3977 sabbata
3119 3937 3238 3977 mea
3289 3906 3748 3992 profanaverunt,

2171 4018 2230 4064 ut
2283 4023 2382 4064 nec
2439 4011 2538 4066 loci
2599 4026 2701 4067 nec
2757 4013 3015 4083 temporis
3055 4007 3418 4068 custodiretur
3460 4012 3600 4084 apud
3649 4027 3754 4070 eas

2174 4098 2381 4170 religio.
2450 4099 2555 4155 Sed
2619 4116 2720 4156 nec
2775 4102 3132 4172 praesentibus
3199 4110 3404 4157 tantum
3468 4103 3754 4161 adulteriis

2174 4197 2444 4245 contean
2474 4201 2649 4258 erant,
2694 4206 2868 4262 neque
2897 4191 3106 4248 suﬁ‘ecit
3139 4193 3220 4249 eis
3253 4194 3394 4263 quod
3422 4194 3564 4251 filios
3601 4211 3754 4253 meos

2173 4279 2590 4336 immolaverunt
2634 4282 2792 4338 idolis
2819 4283 2932 4338 suis
2968 4283 3052 4339 vel
3084 4284 3435 4349 daemonibus,
3471 4286 3568 4342 sed
3595 4301 3755 4357 pere-

2175 4371 2345 4440 grinis
2376 4387 2589 4443 quoque
2614 4373 2979 4444 voluptatibus
3005 4373 3346 4430 lascivientes
3363 4417 3378 4440 ,
3403 4377 3752 4449 Assyriorum

2179 4471 2341 4532 atque
2381 4460 2754 4518 Chaldaeorum
2804 4462 3092 4518 simulacra
3137 4473 3405 4520 veneratin
3450 4476 3596 4522 sunt.
3645 4466 3752 4533 Qui

2178 4565 2302 4606 cum
2331 4551 2622 4617 venissent,
2656 4551 2865 4619 Ooliba,
2903 4555 3007 4609 hoc
3055 4563 3140 4609 est
3184 4554 3504 4622 Jerusalem,
3532 4571 3749 4612 omnem

2177 4642 2434 4698 adultera:
2479 4641 2723 4698 habitum
2773 4642 3006 4714 implesti
3054 4658 3388 4715 supereos,
3436 4655 3499 4700 ut
3539 4645 3753 4701 lavare:

2177 4745 2393 4800 corpus,
2423 4729 2610 4787 oculos
2648 4732 2810 4787 stibio
2845 4732 3062 4797 linires,
3093 4743 3154 4789 ut
3195 4750 3504 4790 assumeres
3546 4735 3754 4790 cultum

2180 4821 2516 4886 muliebrem,
2567 4821 2784 4877 sederes
2831 4814 2886 4876 in
2930 4821 3127 4878 lectulo
3175 4822 3379 4879 libidini
3426 4833 3753 4895 praeparato,

2181 4911 2366 4980 epulas
2400 4925 2747 4981 proponeres,
2786 4911 2982 4981 quibus
3016 4910 3222 4968 fractas
3264 4913 3330 4967 ad
3361 4912 3640 4969 libidinem
3667 4914 3753 4968 vi-

2184 5017 2272 5057 res
2307 5015 2587 5070 reparares
2624 5009 2924 5054 amatorum
2958 5009 3193 5056 tuorum.
3226 5000 3542 5072 Thymiama
3571 5017 3753 5058 meum

2185 5101 2238 5148 et
2261 5100 2591 5161 unguentum
2617 5091 2759 5160 quod
2800 5090 2929 5145 mibi
2967 5091 3273 5161 specialiter
3303 5090 3570 5159 iusseram
3609 5093 3751 5157 fieri,

2186 5192 2240 5237 et
2274 5181 2622 5236 exterminari
2675 5180 2911 5234 animum
2959 5181 3103 5236 illam
3152 5182 3220 5236 de
3268 5181 3483 5252 populo,
3528 5198 3650 5252 qua:
3697 5183 3754 5237 in

2186 5270 2425 5340 privatos
2453 5284 2580 5323 usus
2603 5269 2705 5324 boc
2731 5267 2908 5325 faccre
2935 5270 3214 5334 voluisset,
3237 5277 3292 5325 to
3329 5270 3552 5327 efferres
3573 5271 3754 5337 idolis,

2190 5367 2250 5412 ut
2274 5371 2632 5428 congregares
2685 5355 3040 5426 frequentiam
3085 5358 3422 5430 pupillorum,
3455 5360 3570 5414 sive
3605 5360 3757 5415 omni

2190 5461 2384 5520 genere
2420 5445 2742 5499 musicorum
2779 5460 3022 5509 caneres,
3054 5454 3113 5499 ut
3151 5463 3254 5501 non
3291 5447 3465 5506 solum
3492 5449 3628 5510 visu,
3659 5447 3756 5503 sed

2187 5550 2244 5594 et
2287 5539 2468 5594 auditu
2491 5547 2546 5592 et
2573 5536 2828 5600 odoratu,
2874 5545 2930 5590 ct
2969 5539 3177 5592 cunctis
3220 5539 3466 5592 sensibus
3515 5538 3758 5608 placere:

2192 5629 2522 5684 amatoribus
2558 5627 2684 5690 tuis,
2727 5626 2816 5695 qui
2845 5635 3107 5682 venerunt
3134 5630 3204 5684 ad
3250 5636 3304 5684 te
3333 5629 3496 5693 ebrii,
3527 5644 3631 5682 non
3663 5645 3757 5681 ur-

2193 5720 2346 5774 lutum
2390 5717 2612 5785 alicujus
2656 5715 2958 5784 elegantiae,
2993 5716 3086 5770 sed
3124 5717 3190 5772 de
3220 5717 3434 5772 deserto
3475 5732 3538 5773 ac
3573 5717 3758 5772 solita-
