3936 6362
170 484 275 539 759

1120 493 1468 550 (ΣΟΜΜΕΝΤ.
1507 494 1571 547 1N
1611 492 2058 548 ΕΖΕΩΗΙΕΙᾸΞΜ.
2100 524 2167 535 -
2207 495 2330 548 LIB.
2376 494 2466 548 IX.

3301 502 3401 555 750

164 603 294 657 dine
324 604 646 659 rusticorum
682 615 736 661 ct
776 606 1043 661 latronum
1088 607 1328 661 habitum
1370 606 1734 677 prmferentes.
1770 612 1811 667 Α
1848 622 1865 655 ι
1902 604 2135 670 nono,in
2160 620 2341 662 mense
2360 607 2587 673 decimo,
2611 610 2816 665 decima
2833 611 2918 665 die
2940 612 3398 677 mensis,dicens:

163 690 234 747 Et
276 694 328 748 in
375 702 578 749 tantam
626 697 928 764 exarsistis,
964 712 996 753 ο
1030 712 1244 753 sorores
1280 699 1545 767 pessimae,
1593 698 1736 753 insa-

163 782 308 837 niam
360 785 713 856 voluptatum,
765 795 827 841 ut
875 788 1112 844 armillas
1152 798 1361 843 vestras
1386 800 1441 844 et
1468 789 1733 846 discrimi-

158 872 303 926 nalia
348 873 699 957 imponeretis
742 877 1023 944 manibus,
1047 887 1102 932 et
1131 878 1395 948 capitibus
1435 888 1732 935 amatorum

158 971 500 1029 vestrorum,
530 965 642 1020 sive
674 966 825 1021 vobis
856 968 1006 1037 ipsis,
1028 977 1092 1031 ut
1122 968 1292 1037 plenae
1325 977 1517 1023 ornatu
1548 978 1731 1038 turpa-

160 1051 377 1104 rcmiui.
429 1050 784 1119 Quamobrem
823 1057 932 1110 dixi
966 1055 1015 1111 ei
1050 1057 1133 1111 vel
1180 1057 1493 1142 Jerusalem,
1520 1059 1601 1113 vel
1631 1059 1730 1115 Sa-

155 1143 377 1208 mariac,
421 1145 504 1199 vel
537 1147 749 1217 utrique
784 1167 795 1202 :
831 1148 921 1204 Sic
959 1151 1184 1206 trivistis
1225 1152 1452 1206 frontem
1478 1192 1493 1217 ,
1534 1163 1593 1208 ut
1640 1170 1731 1210 ne-

154 1249 429 1306 quaquam
473 1249 683 1295 secreto
737 1242 1081 1311 pollnamini,
1139 1246 1223 1300 vel
1265 1245 1463 1310 mariti,
1513 1246 1598 1300 vel
1636 1247 1731 1301 ho-

152 1325 366 1379 minum
405 1329 589 1389 vitetis
645 1341 918 1401 aspectum
948 1374 963 1399 ,
1018 1335 1112 1389 sed
1166 1336 1339 1391 instar
1383 1337 1727 1392 meretricum

151 1415 378 1481 publice
423 1420 821 1485 prostituamini
850 1462 863 1487 ,
911 1424 1003 1492 qui
1053 1424 1276 1495 ingressi
1323 1436 1446 1479 sunt
1473 1426 1554 1480 {id
1600 1441 1724 1491 vos,

150 1508 311 1575 quasi
352 1509 419 1562 ad
458 1512 793 1579 meretrices,
832 1516 1078 1569 certatim
1116 1532 1208 1571 vos
1236 1517 1473 1587 polluere
1504 1518 1725 1588 cupien-

149 1602 255 1650 tes.
303 1597 534 1653 Tradam
586 1602 747 1671 igitur
781 1619 875 1659 vos
915 1605 1000 1659 his
1042 1606 1110 1660 ad
1144 1606 1494 1676 puniendum,
1534 1608 1727 1678 quibus

145 1685 298 1741 ultro
330 1686 540 1746 tradita:
571 1695 703 1747 estis
732 1694 798 1748 ad
826 1694 1239 1765 dcturpandum.
1275 1695 1414 1752 Justi
1442 1698 1585 1753 enim
1623 1699 1722 1754 viri

142 1786 279 1831 sunt
320 1780 373 1832 in
413 1794 478 1833 eo
520 1782 662 1850 quod
705 1783 1002 1838 adulteram
1044 1793 1097 1840 et
1133 1785 1477 1855 parricidam,
1518 1801 1604 1842 me
1638 1787 1719 1858 ju-

1844 714 1862 745 ‹
1895 694 1994 749 Fili
2022 696 2276 761 hominis,
2302 697 2478 751 scribe
2523 699 2617 753 tibi
2646 714 2838 754 nomen
2870 701 2973 756 diei
3003 702 3181 774 hujus,
3215 704 3269 760 in
3296 722 3402 777 qua

1842 801 1859 833 ι
1899 784 2245 840 confirmatus
2265 797 2347 840 est
2369 801 2461 841 rex
2484 786 2773 856 Babylonis
2797 792 3078 845 adversum
3104 791 3403 854 Jerusalem

1842 892 1859 923 ι
1898 874 2075 938 hodie,
2106 884 2159 929 ct
2198 877 2343 932 dices
2381 893 2478 947 per
2505 881 2843 947 proverbium
2875 883 2939 935 ad
2968 884 3183 938 domum
3226 884 3401 941 irrita-

1840 982 1857 1014 ι
1898 964 2083 1019 tricem
2114 968 2445 1034 parabolam,
2482 977 2536 1023 et
2583 968 2816 1039 loqueris
2848 973 2913 1027 ad
2937 988 3030 1027 eos
3060 992 3072 1027 :
3105 973 3230 1029 llaec
3271 976 3402 1032 dicit

1838 1076 1854 1107 ι
1896 1056 2152 1112 Dominus
2176 1057 2317 1113 Deus
2342 1075 2354 1112 :
2380 1058 2525 1113 Pone
2543 1059 2722 1125 ollam,
2740 1076 2895 1129 pone,
2918 1063 3157 1132 inquam,
3174 1073 3228 1119 et
3249 1067 3399 1121 mitte

1838 1166 1855 1198 ι
1896 1146 1946 1200 in
1974 1160 2091 1200 eam
2113 1164 2325 1218 aquam.
2352 1149 2593 1219 Congere
2619 1149 2782 1205 frusta
2806 1150 2919 1219 ejus
2942 1154 2992 1206 in
3014 1170 3153 1219 eam,
3181 1170 3398 1209 omnem

1838 1255 1855 1287 ι
1893 1245 2102 1306 partem
2127 1238 2342 1302 Lonain,
2372 1238 2543 1294 femur
2568 1250 2621 1295 et
2650 1257 2877 1306 armum,
2908 1242 3076 1298 electa
3105 1252 3160 1298 et
3186 1244 3398 1300 ossibus

1836 1328 2060 1397 «plena.
2130 1329 2545 1408 Pinguissimum
2604 1348 2766 1402 pecus
2830 1348 3078 1399 assume,
3138 1348 3398 1404 compone
3462 1358 3463 1361 η

1835 1439 1851 1470 ι
1890 1434 2099 1490 quoque
2124 1430 2298 1476 strues
2327 1423 2524 1477 ossium
2557 1424 2655 1478 sub
2676 1440 2753 1478 ea.
2788 1423 3045 1478 Etlerbuit
3072 1424 3240 1480 coctio
3258 1422 3393 1492 ejus,

1834 1527 1852 1558 ι
1887 1509 2191 1565 etdiscocta
2220 1520 2344 1565 sunt
2365 1512 2639 1566 ossaillius
2666 1513 2719 1565 in
2751 1514 2926 1567 medio
2955 1511 3088 1581 ejus,
3114 1523 3394 1583 propterea

1833 1613 1852 1646 ι
1890 1596 2004 1651 haec
2031 1599 2153 1654 dicit
2189 1598 2445 1654 Dominus
2487 1602 2665 1655 Deus:
2701 1601 2791 1655 Vae
2834 1601 3033 1655 civitati
3072 1603 3393 1672 sanguinum

1832 1706 1849 1739 ι
1883 1687 2064 1753 οοιιω,
2107 1689 2259 1758 cujus
2312 1690 2498 1761 ruLigo
2524 1690 2577 1743 in
2622 1705 2683 1743 ea
2708 1699 2808 1755 est,
2837 1698 2889 1743 et
2928 1692 3115 1761 rubigo
3141 1690 3256 1759 ejus
3286 1707 3390 1747 non

1829 1793 1850 1828 ι
1886 1778 2053 1833 exivit
2089 1778 2155 1833 de
2181 1794 2264 1833 ea.
2310 1777 2414 1835 Per
2444 1787 2622 1850 partes
2648 1788 2703 1833 et
2748 1794 2846 1849 per
2874 1789 3054 1850 partes
3088 1795 3213 1836 suas
3262 1781 3396 1851 ejice

139 1866 352 1935 bente,
409 1870 754 1927 discruciant.
789 1874 913 1930 llaec
958 1877 1101 1930 enim
1130 1877 1259 1932 dicit
1300 1877 1556 1935 Dominus
1583 1880 1747 1936 Deus:
1832 1886 1851 1919 ι
1897 1885 2037 1924 eam-
2077 1870 2193 1925 Non
2232 1872 2425 1926 cecidit
2475 1887 2634 1941 super
2678 1887 2795 1927 eam
2830 1887 2966 1927 sors-
3012 1872 3239 1942 Sanguis
3279 1870 3395 1940 eius

140 1956 351 2013 Monitu
403 1961 551 2016 vocis
586 1971 721 2028 tuae,
773 1979 1039 2036 eongrega
1086 1966 1151 2019 ad
1202 1947 1382 2032 eas,'o
1428 1966 1711 2036 Propheta,

1829 1976 1846 2009 ι
1882 1960 2026 2013 enim
2064 1960 2116 2013 in
2146 1960 2323 2015 medio
2356 1959 2473 2028 ejus
2522 1970 2623 2026 est,
2657 1976 2819 2031 super
2847 1961 3273 2031 limpidissiinam
3301 1975 3395 2030 pe-

141 2048 548 2105 multitudinem
584 2052 925 2123 populorum,
963 2063 1018 2109 et
1050 2056 1281 2124 primum
1309 2055 1594 2124 diripiatur
1632 2070 1722 2111 ea-

142 2153 270 2192 rum
301 2140 551 2197 universa
580 2144 898 2209 substantia,
943 2145 1135 2200 deinde
1178 2146 1481 2216 lapidentur
1505 2154 1558 2201 et
1586 2162 1718 2202 con-

138 2226 422 2285 fodiantur
444 2231 659 2302 gladiis,
690 2243 746 2289 et
784 2234 879 2288 lilii
905 2249 1089 2289 earum
1117 2245 1172 2292 et
1204 2236 1326 2291 filiae
1365 2236 1717 2301 trucidentur,

136 2325 194 2372 et
216 2320 411 2376 domus
438 2322 683 2377 ardeant.
714 2323 782 2377 Et
810 2324 926 2379 haec
954 2325 1135 2380 omnia
1165 2325 1315 2391 fient,
1357 2333 1417 2380 ut
1442 2324 1720 2380 auferatur

137 2408 207 2463 de
241 2417 386 2464 terra
429 2411 694 2481 impietas,
734 2421 788 2467 et
818 2414 1027 2469 discant
1065 2428 1252 2470 omnes
1290 2414 1566 2480 mulieres,
1595 2415 1717 2470 uni-

134 2513 421 2570 versasque
466 2501 755 2572 provinciae
780 2506 956 2573 ptenis
1001 2519 1187 2559 earum
1226 2505 1421 2560 similia
1456 2505 1713 2571 devitarc,

133 2598 196 2642 ut
222 2588 510 2660 postquam
543 2594 859 2663 receperitis
885 2611 1003 2665 quae
1026 2598 1308 2651 meremini
1328 2637 1343 2662 ,
1375 2604 1429 2651 et
1464 2607 1710 2667 portave«

134 2678 263 2733 ritis
313 2680 519 2735 scelera
562 2680 823 2737 idolorum
856 2694 1180 2750 vestrorum,
1220 2693 1344 2739 tunc
1382 2685 1717 2756 cognoscatis

132 2772 285 2841 quod
316 2787 415 2842 ego
447 2773 549 2828 sim
576 2774 853 2830 Dominus.
892 2776 1020 2832 llaec
1046 2787 1225 2833 autem
1250 2779 1431 2834 omnia
1460 2789 1715 2849 τροπικῶς

130 2870 186 2917 et
214 2863 320 2917 sub
350 2873 475 2934 typo
497 2865 868 2921 adulterarum
891 2866 1034 2923 dicta
1057 2877 1180 2923 sunt
1202 2876 1389 2924 contra
1412 2868 1713 2924 Samariam

128 2964 189 3010 et
216 2953 542 3023 Jerusalem,
574 2957 718 3027 quod
740 2958 976 3031 Assyriis
999 2960 1209 3015 traditze
1231 2968 1395 3032 atque
1426 2960 1710 3027 Chaldaeis,

126 3044 314 3103 ductae
359 3047 467 3102 sint
511 3047 565 3102 in
591 3050 1067 3118 captivitatem,-et
1102 3052 1262 3107 urbes
1306 3068 1492 3107 earum
1522 3053 1709 3122 incen-

127 3133 221 3188 dio
250 3137 670 3198 concremarint,
698 3137 966 3194 interfecti
995 3149 1120 3195 sunt
1146 3141 1324 3212 populi
1363 3142 1461 3212 qul’
1475 3157 1574 3213 pro
1600 3143 1710 3199 Deo

125 3221 441 3279 daemonum
480 3225 769 3281 simulacra
796 3229 1039 3306 venerati
1076 3238 1218 3284 sunt.
1249 3230 1481 3286 Possunt
1511 3232 1626 3289 haec
1655 3243 1712 3289 et

126 3322 257 3383 post
297 3314 585 3369 adventum
625 3315 827 3371 Christi
870 3317 1131 3389 intelligi,
1163 3319 1304 3389 quod
1347 3320 1449 3375 viri
1479 3312 1609 3389 justi
1645 3325 1711 3378 de

122 3406 343 3476 populis
365 3405 642 3462 nationum
667 3407 765 3478 ipsi
792 3407 1162 3464 Samaritanos
1187 3418 1238 3465 et
1261 3408 1473 3468 Judieos
1496 3428 1711 3484 compa-

123 3498 345 3551 ratione
370 3498 452 3551 sui
476 3495 736 3566 judicent,
765 3510 820 3553 et
852 3500 1073 3554 tradant
1102 3515 1196 3555 eos
1225 3502 1293 3555 ad
1323 3501 1706 3570 devorandum,

121 3586 329 3657 quibus
354 3581 610 3643 Dominus
637 3588 848 3643 dixerat
874 3608 886 3643 :
920 3609 938 3641 ι
968 3590 1322 3661 Relinquetur
1346 3594 1498 3648 vobis
1519 3594 1710 3651 domus

125 3687 311 3733 vestra
340 3678 554 3734 deserta
585 3680 799 3757 (Matth.
827 3681 1004 3753 mn).
1039 3702 1057 3733 ι
1095 3682 1161 3736 Et
1186 3702 1202 3734 ι
1230 3685 1444 3752 quando
1465 3685 1709 3741 videritis

121 3769 457 3825 eircumdari
488 3770 555 3825 ab
582 3770 824 3825 exercitu
855 3770 1171 3845 Jerusalem,
1215 3774 1407 3829 scitote
1454 3774 1578 3843 quia
1614 3790 1707 3845 ap-

118 3861 459 3933 propinquat
476 3861 735 3917 desolatio
755 3862 891 3931 ejus.
917 3883 934 3914 ι
959 3844 1138 3933 Usque
1156 3864 1314 3919 hodie
1334 3866 1476 3921 enim
1499 3844 1704 3921 adulte-

120 3964 263 4006 rata:
305 3960 452 4016 sunt,
491 3961 545 4007 et
586 3953 748 4008 totius
792 3955 941 4009 orbis
988 3954 1255 4025 lapidibus
1306 3957 1702 4027 opprimuntur.

120 4039 396 4107 Quoniam
422 4042 687 4097 miserunt
722 4044 938 4097 nuntios
968 4043 1033 4098 ad
1059 4059 1151 4099 eos
1195 4045 1286 4115 qui
1316 4054 1470 4101 erant
1495 4048 1702 4117 procul,

119 4141 177 4185 et
217 4131 406 4186 dicere
436 4146 541 4186 non
571 4141 839 4203 poterant,
872 4151 891 4184 ι
934 4134 1044 4205 Ego
1082 4136 1224 4189 Deus
1249 4137 1703 4207 appropinquans,

118 4231 176 4275 et
206 4236 317 4276 non
344 4222 411 4277 de
443 4222 617 4293 longe,
641 4224 771 4280 dicit
797 4226 1072 4291 Dominus,
1109 4246 1127 4278 ι
1179 4234 1234 4281 et
1266 4238 1705 4297 praeparaverunt

118 4327 180 4368 se
228 4314 565 4369 amatoribus
610 4316 722 4370 suis
766 4316 1118 4380 daemonibus,
1155 4325 1209 4371 et
1241 4332 1455 4372 omnem
1500 4318 1700 4373 cultum

118 4411 292 4472 atque
350 4411 622 4467 ornatum,
670 4418 829 4472 quem
884 4419 915 4458 a
964 4403 1074 4459 Deo
1103 4415 1425 4474 acceperant
1469 4407 1701 4461 naturali

118 4494 288 4557 bono,
322 4501 600 4547 verterunt
629 4494 681 4547 in
718 4494 917 4549 cultum
950 4495 1270 4549 daemonum.
1316 4495 1383 4549 Et
1409 4511 1572 4565 opera
1601 4512 1699 4551 sua

118 4585 486 4652 decoremque
520 4599 677 4652 quem
714 4586 766 4638 in
800 4584 1026 4640 armillis
1064 4594 1116 4638 et
1154 4586 1452 4641 diademate
1495 4586 1698 4642 intelli-

1830 2062 1849 2095 ι
1887 2052 2026 2099 tram
2051 2043 2237 2101 effudit
2273 2045 2440 2100 illum.
2472 2045 2585 2101 Non
2612 2046 2801 2102 effudit
2827 2048 2974 2102 illum
3002 2064 3161 2117 super
3191 2059 3393 2104 terram

1828 2153 1847 2188 ι
1880 2144 1939 2191 ut
1966 2138 2134 2207 possit
2154 2138 2351 2209 Operiri
2379 2138 2618 2209 pulvere,
2650 2140 3391 2211 utsuperduceremindigna-

1827 2243 1846 2278 ι
1881 2226 2083 2284 tionem
2180 2242 2378 2294 meam,
2405 2236 2459 2283 et
2488 2226 2721 2283 vindicta
2762 2229 3071 2285 ulciscerer.
3104 2229 3231 2285 Dedi
3264 2246 3390 2286 san-

1826 2331 1846 2366 ι
1895 2317 2108 2386 guinem
2133 2315 2249 2386 ejus
2280 2333 2441 2387 super
2466 2328 2671 2389 petram
2703 2320 3133 2390 limpidissimam
3162 2338 3229 2376 ne
3258 2337 3389 2392 ope-

1825 2426 1844 2458 ι
1884 2407 2102 2461 riretur.
2148 2407 2439 2477 Propterea
2477 2411 2589 2465 haec
2625 2411 2757 2465 dicit
2782 2410 3039 2465 Dominus
3080 2411 3262 2466 Deus:
3298 2413 3389 2469 Vae

1827 2514 1845 2547 ι
1883 2498 2090 2570 civitati
2138 2500 2459 2569 sanguinum
2492 2542 2507 2566 ,
2550 2501 2699 2570 cujus
2748 2515 2846 2571 ego
2887 2502 3142 2572 grandem
3196 2500 3389 2558 faciam

1825 2604 1843 2638 ι
1882 2602 2091 2658 pyram.
2123 2588 2364 2660 Congere
2384 2605 2526 2655 ossa,
2559 2606 2677 2660 quae
2707 2591 2827 2662 igne
2856 2592 3196 2647 suecendam.
3247 2592 3391 2649 Con-

1826 2698 1844 2731 ι
1878 2689 2160 2735 sumentur
2195 2696 2407 2755 carnes,
2448 2693 2502 2737 et
2531 2691 2896 2753 ροιιοοῳιθῑυῐ
2952 2684 3201 2738 ιιιιίνοιέδ
3239 2700 3385 2740 com-

1824 2790 1843 2824 ι
1877 2772 2090 2842 positio,
2118 2782 2172 2828 et
2193 2786 2317 2827 ossa
2344 2774 2642 2829 tabescent.
2672 2771 2817 2828 Pone
2843 2788 3056 2844 quoque
3080 2788 3199 2828 eam
3225 2789 3388 2844 super

1823 2883 1841 2916 ι
1876 2880 2079 2935 prunas
2108 2880 2353 2930 vacuam,
2381 2873 2442 2921 ut
2479 2866 2767 2921 incalescat
2799 2875 2853 2922 et
2880 2866 3118 2937 liquetlat
3151 2883 3224 2923 ms
3248 2866 3385 2938 ejus,

1822 2972 1841 3006 ι
1876 2962 1931 3009 et
1958 2956 2217 3011 contletur
2241 2956 2293 3010 in
2321 2956 2498 3011 medio
2522 2956 2982 3026 inquinamentum
3011 2957 3148 3027 ejus,
3178 2968 3233 3016 et
3254 2975 3383 3016 con-

1820 3064 1840 3098 ι
1876 3056 2121 3103 sumatur
2153 3049 2341 3119 rubigo
2394 3046 2527 3117 ejus.
2569 3048 2734 3105 Multo
2763 3048 2943 3106 labore
2981 3052 3228 3107 sudatum
3274 3063 3379 3121 est,

1821 3156 1839 3189 ι
1872 3145 1927 3192 et
1968 3153 2076 3192 non
2104 3139 2274 3193 exivit
2313 3140 2378 3196 de
2408 3154 2470 3194 ea
2512 3140 2676 3194 nimia
2713 3141 2902 3210 rubigo
2925 3140 3058 3209 ejus,
3087 3158 3260 3213 neque
3284 3159 3385 3215 per

1821 3243 1842 3278 ι
1872 3226 2068 3297 ignem.
2095 3226 2438 3283 lmmunditia
2454 3239 2543 3283 tua
2557 3230 2924 3296 exsecrabilis,
2943 3232 3067 3300 quia
3089 3234 3382 3289 emundare

1741 3297 1784 3359 (ἶ
1822 3333 1840 3368 ι
1875 3324 1929 3371 te
1952 3317 2114 3383 volui,
2157 3326 2212 3374 et
2257 3334 2364 3374 non
2391 3332 2449 3373 es
2488 3320 2742 3374 mundata
2773 3335 2803 3374 a
2828 3297 3077 3376 sordibus
3120 3322 3243 3377 tuis.
3274 3322 3378 3379 Sed

1818 3425 1838 3457 ι
1870 3421 1971 3462 nec
2016 3409 2361 3464 mundaberis
2410 3409 2583 3477 prius,
2636 3409 2805 3464 donec
2857 3411 3136 3479 quiescere
3183 3412 3378 3469 faciam

1817 3514 1834 3546 ι
1877 3495 2298 3566 indignationem
2328 3513 2504 3554 meam
2552 3500 2605 3553 in
2645 3508 2714 3554 te.
2745 3500 2858 3570 Ego
2884 3500 3140 3556 Dominus
3170 3502 3381 3559 locutus

1816 3603 1833 3636 ι
1876 3600 2017 3640 sum.
2057 3586 2249 3642 Veniet
2266 3598 2323 3644 et
2337 3587 2552 3654 faciam,
2575 3605 2682 3645 non
2712 3590 2977 3657 transibo,
3000 3606 3099 3647 nec
3136 3607 3373 3662 parcam,

1816 3694 1835 3725 ι
1872 3690 1972 3730 nec
2005 3676 2278 3745 placahor.
2306 3676 2467 3732 Juxta
2513 3679 2630 3734 vias
2661 3688 2802 3746 tuas,
2852 3688 2907 3737 et
2937 3680 3090 3750 juxta
3114 3682 3374 3737 adiuven-

1816 3784 1835 3817 ι
1878 3766 2052 3821 tiones
2082 3775 2201 3822 tuas
2235 3766 2469 3835 judicavi
2499 3778 2570 3835 te,
2603 3771 2731 3825 dicit
2761 3771 3039 3836 Dominus,
3077 3791 3096 3823 ι
3131 3778 3233 3826 etc.
3287 3771 3378 3826 Di-

1810 3870 1995 3911 camus
2038 3872 2168 3927 ergo
2222 3858 2288 3913 de
2337 3859 2563 3930 singulis
2602 3880 2614 3914 :
2653 3859 2804 3916 Nono
2859 3877 3001 3917 anno
3048 3863 3378 3933 captivitatis

1808 3947 1950 4017 regis
1974 3945 2238 4014 Joacliim,
2278 3951 2466 4019 quinto
2492 3953 2634 4006 enim
2657 3968 2883 4009 exorsus
2907 3961 2990 4008 est
3027 3955 3371 4024 prophetare,

1807 4044 1862 4090 et
1890 4036 2098 4091 decimo
2152 4052 2335 4093 mense
2385 4038 2624 4107 ejusdem
2678 4043 2805 4097 noni
2843 4044 2990 4108 anni,
3031 4044 3239 4099 decima
3292 4045 3378 4100 die

1808 4127 2010 4182 mensis
2048 4126 2265 4193 decimi,
2294 4127 2495 4184 fautum
2531 4138 2616 4185 est
2652 4132 2873 4186 verbum
2905 4132 3113 4187 Domini
3146 4133 3377 4190 adEze—

1807 4215 1948 4271 chiel
1985 4216 2300 4286 prophetam
2350 4218 2402 4272 in
2433 4218 2717 4291 Babylonis
2757 4221 3063 4290 regionibus
3110 4225 3373 4279 constitu-

1809 4314 1941 4359 tum.
1967 4304 2035 4358 Et
2061 4305 2197 4360 dixit
2220 4307 2293 4370 ei,
2324 4305 2425 4360 Fili
2445 4307 2702 4373 bominis',
2732 4309 2907 4363 scribe
2939 4311 3031 4364 tibi
3057 4311 3193 4367 hanc
3220 4327 3370 4367 eam-

1805 4393 1925 4448 dem
1950 4393 2117 4459 diem,
2157 4404 2213 4450 et
2242 4396 2377 4451 scito
2399 4398 2538 4467 quod
2569 4412 2663 4451 rex
2708 4397 2990 4467 Babylonis
3021 4399 3179 4455 hodie
3207 4401 3258 4454 in
3289 4416 3375 4455 re-

1802 4485 1960 4554 gione
1979 4483 2472 4563 Judiea_obsidione
2511 4490 2713 4558 ceperit
2740 4486 3054 4555 Jerusalem,
3091 4498 3146 4545 et
3169 4490 3372 4547 vallare

1804 4592 1922 4631 eam
1953 4576 2216 4632 exercitu.
2257 4576 2325 4631 Et
2364 4577 2698 4633 obsidionem
2727 4577 3015 4655 istamgper
3059 4580 3368 4649 parabolam

118 4674 321 4744 gimns,
369 4651 627 4728 adulteris
673 4674 1004 4729 amatoribus
1049 4675 1422 4743 praebuerunt,
1471 4691 1698 4745 quorum
1728 4651 1778 4711 D
1805 4668 2051 4723 describe
2082 4675 2245 4737 atque
2291 4668 2656 4739 Ρΐονθΐδίυιῐι,
2707 4684 2828 4738 (11³ίὲ
2872 4668 2926 4723 in
2956 4670 3205 4739 ΡΓωεθηῑί
3253 4670 3372 4727 Ῑοεο

116 4777 283 4831 pinna
333 4762 580 4833 gentibus
633 4764 911 4828 timorem,
959 4763 1066 4818 imo
1110 4764 1192 4819 bis
1226 4766 1317 4834 qui
1359 4781 1420 4819 ex
1454 4766 1700 4836 gentibus

116 4856 488 4920 crediderunt,
519 4870 585 4909 ne
614 4854 808 4909 similia
837 4854 1132 4924 patiantur,
1161 4856 1206 4909 si
1232 4870 1294 4910 ea
1335 4855 1558 4911 fecerint
1581 4873 1700 4926 qua:

118 4946 376 5001 Samaria
426 4948 551 5004 fecit
584 4959 639 5003 et
674 4948 1039 5017 Hierusalem;
1094 4965 1123 5004 a
1153 4952 1349 5019 quibus
1395 4959 1520 5007 tunc
1550 4951 1698 5007 aufe«

122 5046 315 5092 rentur
357 5038 682 5108 impietates,
732 5055 855 5094 cum
903 5042 1209 5111 receperint
1253 5042 1456 5097 scelera
1491 5057 1608 5106 sua,
1642 5051 1696 5097 et

126 5127 368 5181 velamen
395 5128 536 5197 quod
562 5129 794 5198 positum
819 5139 900 5183 est
922 5139 1048 5186 ante
1074 5132 1281 5186 vultum
1308 5133 1475 5203 Moysi
1501 5135 1698 5207 (Exod.

119 5216 313 5288 uxrv)
372 5218 689 5273 abstulerint
732 5219 798 5273 ab
847 5221 1019 5275 oculis
1072 5222 1224 5288 suis,
1268 5232 1327 5277 ut
1373 5235 1700 5294 cognoscant

117 5310 266 5380 quod
308 5309 421 5379 ipse
450 5311 523 5364 sit
546 5309 800 5367 Dominus
837 5312 994 5367 Jesus
1020 5312 1269 5368 Christus
1302 5331 1461 5383 quem
1488 5316 1586 5371 Dei
1613 5316 1697 5370 Fi-

116 5401 253 5456 lium
293 5410 623 5468 negaverunt
654 5400 737 5472 (II
767 5400 890 5456 Cor.
924 5403 1025 5474 tu).

692 5518 916 5574 CAPUT
949 5517 1131 5572 XXIV.

116 5607 231 5681 Per
262 5610 423 5665 ollam
452 5611 785 5681 liquefactam
839 5612 1085 5681 probatur
1133 5610 1427 5681 incendium
1474 5609 1697 5664 Jerusa-

188 5680 293 5735 lem
317 5695 335 5732 :
370 5680 616 5751 praedicat
660 5699 863 5751 quoque
912 5680 1157 5749 populum
1196 5680 1608 5747 interﬁciendum
1649 5690 1697 5733 et

188 5752 563 5820 captivandum
593 5769 685 5819 per
714 5751 1216 5805 Nabuchodonosor.

197 5883 217 5916 ι
247 5862 314 5918 Et
354 5862 549 5919 factum
598 5875 679 5920 est
723 5865 941 5919 verbum
974 5864 1182 5918 Domini
1211 5864 1279 5917 ad
1323 5876 1410 5916 me
1451 5862 1503 5916 in
1555 5878 1698 5918 anno

1804 4762 2176 4831 metaphoram
2207 4800 2220 4824 ,
2282 4760 2793 4831 translationemque
2849 4760 3130 4830 signiﬁcat.
3191 4761 3370 4818 Pone.

1802 4850 1998 4920 inquit,
2035 4849 2195 4904 ollam
2218 4864 2443 4915 aeneam,
2462 4850 2514 4903 id
2541 4859 2625 4905 est
2638 4849 2887 4914 lebetem,
2916 4857 2969 4902 et
3000 4850 3150 4905 mitte
3174 4850 3226 4904 in
3250 4866 3369 4905 eam

1803 4956 2020 5009 aquam,
2052 4950 2106 4996 et
2138 4941 2610 5013 pinguissimorum
2656 4940 3009 4995 animantium
3053 4956 3213 4997 omne
3247 4956 3366 4997 cor-

1799 5055 1897 5110 pus
1921 5040 1974 5094 iu
2008 5039 2179 5094 frusta
2210 5040 2452 5104 concide,
2486 5049 2592 5094 tam
2624 5040 2819 5104 femur,
2865 5056 3023 5111 quam
3051 5056 3175 5096 crus
3199 5051 3253 5096 et
3273 5058 3361 5096 ar-

1804 5147 1970 5196 mum,
2021 5145 2317 5200 carnesque
2366 5131 2648 5200 diligenter
2693 5132 2760 5185 ab
2807 5133 3019 5186 ossibus
3060 5147 3269 5201 separa.
3302 5132 3369 5187 Et

1801 5223 2054 5277 carnibus
2080 5222 2257 5277 missis
2302 5222 2355 5276 in
2402 5222 2628 5276 lebetem
2661 5238 2783 5276 ossa
2823 5236 2960 5291 pone
2996 5222 3079 5277 vel
3108 5238 3367 5291 compone

1800 5314 1899 5368 sub
1928 5312 2119 5378 lebete,
2139 5321 2193 5367 et
2213 5312 2297 5366 fac
2326 5320 2504 5366 strues
2534 5320 2589 5365 et
2616 5312 2857 5366 cumulos
2881 5312 3101 5375 ossium,
3128 5321 3184 5365 ut
3208 5311 3363 5367 effer-

1802 5413 1986 5459 vescat
2033 5418 2137 5456 non
2166 5401 2356 5473 semel,
2391 5402 2483 5456 sed
2525 5400 2834 5469 frequenter
2862 5403 3035 5455 coctio
3064 5402 3273 5467 lebetis,
3307 5413 3367 5458 c'.

1805 5499 2187 5565 discoquantur
2222 5506 2413 5545 carnes
2439 5490 2779 5553 intrinsecus,
2824 5500 2877 5544 et
2904 5504 3023 5544 ossa
3050 5491 3234 5546 subter
3281 5490 3365 5543 in-

1805 5587 1991 5641 cendio
2003 5591 2434 5638 concrementur.
2458 5580 2550 5635 Vis
2566 5589 2762 5645 autem,
2791 5580 3076 5650 Propheta,
3092 5580 3363 5649 scireqnis:

1804 5677 1873 5732 sit
1910 5676 2009 5729 iste
2040 5674 2208 5736 lebes,
2253 5671 2337 5726 vel
2381 5686 2498 5740 quae
2546 5686 2755 5735 carnes,
2808 5679 2899 5724 aut
2936 5671 3091 5725 ossa?
3118 5670 3361 5739 Loquere

1809 5788 1827 5822 ι
1860 5769 1994 5829 haec,
2028 5765 2157 5820 dicit
2182 5763 2465 5827 Dominus,
2514 5762 2599 5817 Va:
2639 5764 2841 5817 civitati
2891 5764 3226 5832 sanguinum,
3258 5782 3276 5812 ι
3311 5762 3362 5816 id

1802 5868 1905 5921 est,
1933 5855 2247 5920 Jerusalem,
2300 5851 2482 5916 lebcti,
2524 5850 2672 5919 cujus
2707 5853 2913 5924 rubigo,
2946 5852 3123 5915 idest,
3158 5848 3357 5903 malitia
