3936 6342
552 414 668 469 θτδι

1204 414 1268 469 Β.
1302 413 1555 470 ΒᾹΒΑΝῙ
1593 414 1810 472 1ιῖᾹοΒί
1844 414 2140 477 ARCllIEP

2245 411 2513 469 l0GUNT.
2555 411 2837 470 OPERUM
2876 413 3055 470 PARS
3093 415 3157 469 ll.

3715 415 3819 469 τευ]

570 526 735 582 nimia
759 534 858 587 est.
882 536 936 583 et
961 524 1084 582 licet
1106 526 1242 598 ignis
1269 529 1577 597 suppositus
1611 528 1703 589 sit.
1736 538 1913 583 tamen
1945 525 2134 597 rubigo
2165 530 2207 585 Α
2239 540 2345 579 non
2372 524 2712 595 complnitur,
2744 526 2835 579 sed
2874 527 3117 582 sentibus
3149 536 3459 598 occupatur.
3493 528 3689 583 Postea
3714 530 3819 583 Sub

571 617 689 690 ejus
712 633 816 673 non
859 618 1023 672 exivit
1052 617 1117 670 de
1169 632 1253 672 ea.
1289 615 1778 673 Pcrscvcraverunt
1804 617 1948 689 enim
1973 617 2135 670 etiam

572 707 714 778 capti
757 715 916 776 atque
947 706 1175 760 cruciati
1222 706 1275 763 in
1301 707 1531 777 pristino
1577 705 1800 762 scelere.
1830 706 1934 760 Per
1954 716 2138 776 partes

570 804 630 852 et
651 795 958 867 singillatim
974 797 1273 851 consumite
1299 811 1439 861 eam,
1471 811 1628 851 nemo
1657 804 1934 852 remaneat
1966 796 2017 850 in
2048 812 2137 851 sa-

575 886 759 941 lutem.
792 906 810 937 ι
847 886 962 941 Non
992 887 1187 941 cecidit
1235 902 1396 957 super
1428 903 1544 942 eam
1584 902 1721 950 sors,
1755 907 1773 940 ι
1801 896 1860 942 ιιι
1884 884 1972 943 alii
2018 904 2140 958 per-

574 976 715 1031 irent
744 1018 760 1042 ,
783 985 838 1031 et
880 977 969 1031 alii
995 993 1003 1005 ο
1031 976 1387 1042 salvarentur,
1444 976 1539 1032 sed
1570 977 1795 1032 cunctis
1840 978 2141 1034 communis

574 1072 721 1127 venit
767 1072 1036 1135 interitus,
1072 1090 1090 1121 ι
1118 1071 1334 1140 sanguis
1380 1070 1523 1124 enim
1555 1070 1691 1139 ejus,
1734 1089 1753 1121 ι
1807 1070 1859 1123 id
1890 1079 1995 1136 est,
2045 1069 2141 1124 bo-

574 1160 788 1215 micidia
822 1200 837 1225 ,
873 1169 927 1215 et
961 1160 1191 1214 ﬁliorum
1232 1174 1391 1214 neces
1426 1177 1444 1209 ι
1481 1159 1533 1212 in
1554 1159 1734 1214 medio
1769 1158 1909 1215 illius
1937 1169 2081 1215 sunt.
2116 1180 2134 1212 ι

574 1247 743 1315 Quem
768 1249 1080 1319 sanguinem
1119 1267 1137 1299 ι
1172 1243 1357 1303 effudit
1386 1262 1548 1316 super
1582 1245 2009 1318 limpidissimam
2045 1262 2137 1317 pe-

566 1346 709 1392 tram
737 1379 751 1403 ,
791 1358 809 1391 ι
846 1346 906 1391 ιιι
948 1346 1156 1408 pateret
1208 1331 1455 1395 omnibus
1502 1350 1603 1390 nec
1655 1343 1795 1390 terra
1839 1336 2143 1405 operiretur

574 1436 666 1481 aut
689 1428 928 1497 pulvere,
952 1443 1018 1483 ne
1065 1428 1342 1492 transiret,
1378 1426 1630 1482 videlicet
1672 1426 1973 1496 indignatio
1999 1443 2138 1493 mea,

572 1518 665 1571 sed
697 1532 857 1588 super
872 1514 1278 1589 apertissimum
1309 1503 1779 1588 sanguinemultio
1807 1515 2138 1588 properaret.

574 1606 788 1662 Natura:
821 1615 906 1662 est
947 1608 1091 1661 enim
1118 1614 1178 1661 ιιι
1209 1606 1253 1661 si
1284 1605 1507 1677 sanguis
1529 1604 1788 1660 fundatur
1816 1606 1871 1660 in
1917 1616 2138 1672 terram,

572 1694 843 1755 combibat
877 1700 1071 1755 humus
1108 1700 1384 1755 humorem
1418 1690 1722 1768 sanguinis,
1767 1697 1859 1776 vel
1885 1698 2141 1769 paulatim

565 1802 717 1846 terra
764 1791 1039 1860 operiatur
1072 1799 1127 1844 et
1176 1789 1411 1860 pulvere.
1452 1788 1583 1847 Cum
1613 1798 1791 1845 autem
1819 1806 1979 1861 super
2018 1788 2141 1846 lim-

2239 614 2457 668 nomine
2482 615 2707 669 duarum
2737 628 2979 669 sororum
3008 615 3171 671 Oollae
3194 624 3248 671 et
3284 617 3507 675 Oolibre.
3552 620 3819 675 Samaria!

2237 712 2294 759 et
2338 702 2638 761 Jerusalem
2692 714 2906 775 peccata
2962 717 3277 773 narrantur,
3306 711 3575 779 quomodo
3610 711 3699 766 illa
3745 714 3822 768 sit

2238 802 2391 864 capta
2419 800 2474 850 et
2522 796 2625 849 ista
2675 797 2951 867 capienda.
2992 799 3072 851 Ad
3111 808 3413 854 extremum
3463 816 3604 856 nono
3645 818 3815 866 anno,

2240 885 2447 939 decimo
2498 900 2682 941 mense
2714 927 2727 948 ,
2760 886 2966 942 decima
3004 888 3092 942 die
3123 890 3325 944 mensis
3351 931 3365 953 ,
3397 891 3452 944 in
3499 893 3818 962 captivitate

2239 976 2415 1046 posito
2436 977 2704 1041 Ezechiel,
2732 987 2785 1031 et
2804 978 2897 1042 his
2918 979 3007 1049 qui
3038 995 3158 1034 cum
3187 995 3251 1035 eo
3276 991 3452 1048 erant,
3478 984 3821 1040 tradiderunt

2241 1081 2299 1121 se
2346 1081 2465 1121 cum
2517 1082 2641 1137 rege
2684 1059 2979 1132 Jechonia,
3033 1070 3333 1124 ostenditur
3380 1089 3485 1143 qua
3542 1074 3628 1128 die
3686 1074 3824 1129 urbs

2241 1152 2466 1225 cmperit
2506 1158 2759 1222 obsideri,
2805 1167 2861 1212 et
2901 1160 3196 1215 similitudo
3246 1162 3432 1218 lcbetis
3470 1166 3710 1233 ponitur,
3754 1173 3823 1219 ut

2241 1246 2506 1315 quomodo
2552 1261 2741 1303 carnes
2784 1256 2840 1301 et
2882 1263 3003 1303 ossa
3042 1258 3293 1319 congesta
3341 1252 3391 1305 in
3443 1252 3674 1309 lebetem
3725 1256 3817 1308 in-

2241 1336 2432 1391 ccndio
2454 1324 2911 1402 'concremantur,
2961 1339 3039 1392 sic
3073 1348 3265 1395 cuncta
3322 1341 3511 1396 civitas
3545 1358 3669 1398 cum
3703 1342 3824 1398 suis

2242 1425 2526 1481 interitura
2552 1425 2623 1481 sit
2655 1426 2879 1491 civilius,
2903 1436 2957 1481 et
2988 1426 3164 1481 nullus
3203 1439 3481 1483 remaneat
3503 1444 3695 1485 comm
3726 1433 3826 1502 qui

2242 1514 2445 1569 obsessi
2493 1523 2637 1581 sunt,
2666 1516 2757 1585 qui
2794 1514 2847 1568 in
2880 1515 3040 1581 fame,
3087 1515 3285 1589 gladio,
3336 1519 3639 1589 pestilentia
3690 1534 3827 1575 con-

2244 1612 2544 1670 sumantur,
2568 1612 2623 1659 et
2650 1620 2775 1675 pars
2801 1606 3005 1676 reliqua
3032 1609 3241 1678 captiva
3282 1609 3508 1664 ducatur
3538 1612 3591 1664 in
3638 1609 3828 1683 Baby-

2243 1697 2440 1754 lonem.
2466 1698 2651 1753 Potest
2695 1700 2809 1754 haec
2835 1701 3021 1755 eadem
3059 1702 3360 1773 prophetia,
3392 1712 3448 1757 et
3494 1703 3561 1757 ad
3602 1712 3828 1772 tempus

2243 1788 2515 1854 pertinere
2564 1787 2850 1843 Dominiczc
2886 1779 3177 1858 passionis,
3209 1801 3429 1861 propter
3466 1807 3625 1861 quam
3659 1807 3827 1846 exer-

573 1879 904 1948 pidissimam
950 1886 1193 1949 petram,
1229 1880 1286 1932 et
1328 1877 1528 1931 nullam
1567 1878 1853 1932 habentem
1906 1876 2137 1944 foveam,
2170 1866 2216 1924 Β
2244 1876 2351 1929 citu
2397 1877 2727 1932 circumdata
2781 1889 2862 1933 est
2919 1879 3241 1946 Jerusalem,
3295 1892 3349 1936 et
3403 1883 3671 1937 interfecti
3724 1882 3827 1938 ﬁlii

572 1976 789 2046 sanguis
836 1973 1000 2029 fuerit
1040 1968 1259 2036 effusus,
1291 1971 1491 2026 labitur
1523 1979 1577 2027 et
1610 1971 1773 2026 latam
1804 1970 2011 2027 obtinet-
2057 1987 2142 2027 se-

572 2069 714 2124 dem.
743 2065 855 2121 Hoc
880 2073 1061 2120 autem
1105 2065 1309 2119 indicat
1332 2063 1473 2132 quod
1515 2078 1623 2119 non
1672 2062 1900 2129 occulta,
1930 2063 2023 2118 sed
2053 2078 2146 2133 pu-

574 2157 708 2211 blica
739 2154 926 2210 fecerit
951 2153 1262 2217 homicidia,
1291 2152 1587 2207 secundum
1622 2150 1751 2207 illud
1776 2150 1917 2223 quod
1948 2152 2173 2215 dicitur,

571 2247 638 2299 nd
673 2245 803 2300 Cain
836 2262 849 2298 :
879 2263 898 2295 ι
936 2230 1166 2314 Sanguis
1206 2241 1393 2297 fratris
1424 2242 1499 2297 tui
1537 2242 1736 2297 clamat
1768 2244 1836 2299 ad
1869 2258 1955 2297 me
1986 2238 2139 2315 (Gen.

568 2337 670 2406 ir).
707 2355 725 2386 ι
752 2333 1042 2406 Propterea
1068 2333 1155 2388 dic
1176 2332 1381 2388 civitati
1406 2331 1705 2401 sanguinis,
1731 2332 1824 2388 sed
1851 2347 1958 2387 non
1984 2332 2143 2390 unius

560 2423 869 2497 sanguinis,
898 2422 991 2477 sed
1039 2421 1326 2476 multorum
1357 2438 1369 2473 :
1407 2438 1425 2471 ι
1463 2421 1601 2476 Ecce
1641 2435 1742 2490 ego
1796 2421 2055 2491 grandem
2086 2424 2139 2477 in

568 2524 626 2571 te
655 2529 840 2586 pyram
865 2513 1079 2577 faciam,
1112 2531 1131 2563 ι
1159 2510 1291 2574 sive,
1316 2509 1539 2565 educam
1575 2518 1799 2576 torrem,
1823 2525 1983 2580 quem
2011 2511 2132 2565 vul-

568 2623 671 2680 gus
694 2607 934 2661 titionem
963 2611 1141 2669 vocat,
1163 2611 1218 2658 et
1236 2618 1343 2657 non
1374 2601 1545 2657 solum
1570 2616 1763 2657 carnes
1788 2603 1841 2656 in
1869 2610 1922 2658 te
1954 2595 2139 2659 molles

571 2705 627 2751 et
649 2704 885 2760 teneras,
905 2694 1004 2749 sub
1021 2692 1306 2748 durissima
1326 2707 1449 2747 ossa
1468 2706 1681 2762 quoque
1700 2692 1778 2747 sic
1798 2691 2139 2760 succendam,

573 2792 635 2841 ut
653 2782 786 2840 nihil
817 2784 869 2839 in
900 2791 949 2839 te
979 2790 1258 2837 remaneat
1277 2782 1417 2851 quod
1439 2797 1544 2836 non
1575 2791 1845 2837 cremetur
1874 2783 2138 2839 incendio.

574 2875 815 2945 Cumque
842 2885 897 2930 et
920 2887 1113 2929 carnes
1137 2880 1192 2928 et
1219 2886 1339 2927 ossa
1373 2880 1686 2941 consumpta
1719 2871 1917 2927 fuerint
1943 2881 1994 2927 et
2023 2888 2142 2929 cre-

564 2977 740 3032 mata,
781 2967 953 3037 ipsum
982 2965 1211 3020 lebetem
1237 2974 1464 3019 vacuum
1491 2978 1629 3039 pone
1653 2978 1815 3035 super
1833 2976 2053 3035 prunas,
2084 2975 2145 3021 ut

571 3069 649 3113 ms
676 3071 889 3129 quoque
938 3052 1078 3109 illius
1125 3054 1365 3109 tabescat
1420 3062 1474 3108 et
1527 3062 1874 3109 consumatur
1908 3073 1921 3109 :
1951 3065 2142 3112 etzcre

576 3157 894 3219 consumpto
952 3146 1143 3216 rubigo
1194 3161 1408 3217 quoque
1461 3146 1600 3200 illius
1649 3154 1873 3215 pereat,
1930 3148 1983 3203 id
2024 3156 2139 3215 est,

574 3241 797 3295 civitate
821 3236 1069 3294 incendio
1114 3247 1475 3300 concremata,
1500 3236 1703 3292 malitia
1732 3253 1855 3292 cum
1885 3239 2018 3295 urbe
2037 3239 2143 3297 dis-

575 3336 781 3399 pereat.
815 3327 919 3382 Sed
965 3326 1093 3396 quid
1138 3326 1357 3395 prodest
1411 3325 1602 3382 fecisse
1640 3328 1781 3397 quod
1801 3325 2007 3395 iussum
2040 3334 2144 3394 est,

578 3433 646 3474 ne
666 3431 764 3487 per
793 3418 971 3487 ignem
1020 3415 1235 3485 quidem
1273 3416 1462 3485 rubigo
1513 3424 1674 3485 atque
1719 3416 1919 3471 malitia
1960 3416 2148 3473 lebetis

580 3516 633 3563 et
656 3507 808 3563 urbis
857 3505 1032 3576 potuit
1057 3501 1281 3569 auferri,
1313 3513 1369 3559 et
1414 3516 1693 3575 permanet
1720 3506 1773 3561 in
1804 3519 1865 3560 ea
1918 3507 2147 3561 immun-

579 3600 708 3655 ditia
748 3595 974 3654 scelesta
1001 3601 1055 3651 et
1092 3596 1460 3651 exsecrabilis.
1491 3595 1603 3652 Hoc
1632 3596 1776 3651 enim
1811 3597 2030 3652 Zemma
2070 3597 2145 3652 si-

574 3688 816 3762 gnificat,
846 3696 904 3742 et
940 3686 1321 3757 apostropham
1349 3686 1415 3740 ad
1446 3686 1619 3755 ipsum
1652 3686 1905 3752 lebetem,
1946 3688 1997 3742 id
2040 3696 2144 3754 est,

577 3779 643 3835 ad
683 3779 852 3848 ipsam
906 3778 1114 3841 urbem,
1145 3775 1277 3830 facit
1304 3793 1324 3826 ι
1360 3775 1619 3831 mundare
1650 3785 1700 3830 te
1745 3777 1911 3842 volui,
1960 3784 2013 3832 et
2039 3792 2145 3832 non

574 3887 633 3927 es
662 3870 914 3925 mundata
940 3867 1189 3924 sordibus
1218 3868 1347 3933 tuis,
1382 3855 1407 3921 ι’
1432 3882 1531 3923 nec
1558 3867 1697 3922 ultra
1737 3868 1941 3937 poteris
1960 3884 2148 3924 emun-

574 3963 714 4029 dari,
755 3963 927 4018 donec
956 3962 1010 4016 in
1054 3970 1106 4016 te
1150 3958 1447 4029 compleam
1475 3959 1891 4029 indignationem
1922 3976 2096 4014 meam
2128 3976 2143 4013 :

575 4070 672 4125 ego
714 4053 978 4109 Dominus
1032 4066 1150 4106 sum
1203 4050 1434 4113 locutus,
1458 4056 1513 4103 et
1560 4051 1823 4104 sententia
1865 4066 1983 4105 mea
2037 4066 2144 4105 non

576 4155 754 4216 potest
800 4143 1099 4215 praeterire.
1136 4141 1297 4196 Venit
1326 4138 1439 4208 jam
1470 4141 1623 4196 urbis
1671 4142 1895 4202 obsidio,
1951 4141 2146 4196 faciam

576 4236 717 4306 quod
762 4234 997 4288 minatus
1026 4247 1164 4295 sum,
1218 4244 1319 4285 nec
1356 4230 1620 4296 transibo,
1652 4231 1793 4285 sicut
1824 4246 1981 4301 saepe
2017 4229 2144 4293 feci,

576 4325 778 4381 scelera
812 4333 922 4388 tua,
957 4332 1011 4376 et
1048 4322 1185 4376 ultra
1221 4338 1331 4391 [non
1360 4336 1581 4390 parcam
1604 4362 1619 4386 ,
1651 4337 1751 4379 nec
1775 4321 2029 4393 placabor
2052 4322 2146 4377 tibi

576 4416 737 4471 etiam
783 4414 828 4469 si
875 4412 1313 4483 multiplicaveris
1356 4427 1566 4482 preces.
1612 4410 1717 4467 Sed
1763 4413 1880 4468 vias
1926 4422 2045 4468 tuas
2093 4420 2148 4467 et
2192 4416 2212 4426 ‘

2169 3196 2213 3259 C

2243 1964 2379 2036 ejus,
2408 1974 2462 2021 et
2488 1968 2766 2023 obsidente
2793 1969 2912 2024 Tito
2953 1971 3063 2025 tilio
3091 1970 3428 2042 Vespasiani,
3471 1974 3537 2027 ad
3585 1972 3827 2027 salutem

2243 2056 2423 2111 nullus
2465 2057 2636 2112 evasit
2674 2058 3035 2130 templumque
3073 2062 3390 2117 subversum
3450 2071 3559 2127 est,
3603 2071 3661 2115 et
3700 2072 3831 2132 post

2243 2149 2632 2219 quinquaginta
2666 2152 2838 2206 annos
2866 2152 2963 2206 sub
2986 2152 3225 2209 Adriano
3257 2154 3444 2208 civitas
3467 2164 3670 2208 aeterno
3697 2156 3829 2225 igne

2243 2249 2557 2310 consumpta
2576 2249 2677 2297 est.
2705 2241 3030 2298 Prtesentem
3057 2254 3237 2300 autem
3254 2245 3617 2314 captivitatem
3644 2260 3831 2314 quan-

2243 2332 2311 2387 do
2351 2333 2600 2388 Ezechiel
2636 2335 2687 2388 in
2723 2335 2993 2406 Babylone
3032 2336 3132 2391 ista
3164 2331 3436 2402 cernebat,
3468 2348 3520 2391 et
3557 2336 3831 2393 Jeremias

2243 2423 2296 2477 in
2326 2424 2590 2493 principio
2612 2426 2759 2494 ponit
2785 2425 3071 2479 voluminis
3098 2427 3179 2480 sui
3210 2445 3221 2479 :
3261 2426 3422 2493 «Quid
3448 2436 3505 2480 tu
3527 2426 3706 2490 vides,
3734 2425 3831 2482 Je-

2242 2514 2452 2569 remia?
2490 2533 2507 2565 ι
2541 2513 2642 2581 Qui
2673 2516 3000 2584 respondens
3037 2516 3149 2570 ait:
3191 2533 3209 2567 ι
3247 2515 3417 2573 Ollam
3476 2531 3828 2582 succensam,

2242 2610 2297 2657 et
2344 2600 2535 2658 faciem
2580 2603 2694 2673 ejus
2722 2618 2751 2657 a
2778 2602 2917 2659 facie
2963 2605 3250 2674 aquilonis.
3285 2621 3304 2658 ι
3338 2606 3474 2660 Sunt
3528 2606 3619 2675 qui
3662 2606 3831 2675 juxta

2246 2690 2597 2762 tropologiam
2652 2700 2827 2747 totum
2890 2692 3064 2748 locum
3117 2694 3278 2749 istum
3333 2695 3401 2749 ad
3469 2710 3833 2749 consumma-

2245 2782 2442 2836 tionem
2497 2781 2675 2836 εωθιιί
2739 2781 3113 2848 transferunt,
3163 2799 3471 2853 nonumque
3534 2798 3831 2838 numerum

2242 2871 2335 2940 qui
2395 2872 2450 2925 in
2496 2870 2791 2943 Scripturis
2864 2873 3066 2929 sanctis
3105 2889 3389 2946 pinnarum
3462 2882 3518 2928 et
3572 2873 3829 2929 dolorum

2242 2970 2352 3029 est,
2397 2970 2452 3017 et
2489 2974 2702 3034 semper
2758 2964 3002 3034 sequitur
3040 2964 3323 3035 justitiam,
3365 2965 3559 3021 decimi
3613 2967 3831 3020 mensis

2242 3062 2297 3107 et
2342 3053 2457 3108 diei
2482 3053 2717 3108 decima.L
2742 3054 3026 3109 clementia
3071 3062 3388 3125 temperant.
3431 3055 3633 3111 Idcirco
3672 3057 3827 3111 enim

2244 3142 2568 3197 adhibentur
2611 3143 2994 3214 aegrotantibus
3017 3156 3212 3215 ptenae,
3243 3153 3303 3199 ιιι
3338 3143 3574 3201 dolorem
3613 3146 3833 3202 sanitas

2248 3241 2629 3303 consequatur.

2319 3322 2546 3381 Mundus
2581 3338 2732 3396 ergo,
2756 3327 2847 3395 qui
2877 3326 2929 3381 in
2954 3325 3197 3397 maligno.
3226 3326 3435 3396 positus
3481 3334 3583 3390 est,
3614 3326 3707 3381 die
3729 3324 3831 3395 ju-

2247 3414 2370 3470 dicii
2398 3414 2579 3471 divino
2622 3418 2743 3487 igne
2784 3416 3152 3481 succenditur,
3183 3427 3236 3471 et
3265 3416 3460 3471 civitas
3494 3416 3828 3484 sanguinem

2247 3506 2463 3575 ponitur
2499 3520 2662 3576 super
2718 3506 2981 3561 carbones
3035 3507 3194 3578 ignis,
3242 3515 3300 3560 ut
3340 3505 3625 3574 impleatur
3673 3507 3827 3575 quod

2247 3596 2506 3665 scriptum
2535 3604 2617 3651 est
2650 3596 2702 3650 in
2732 3596 2868 3650 Isaia
2901 3614 2915 3651 :
2961 3616 2979 3647 ι
3011 3597 3490 3657 Habes,carbones
3520 3595 3683 3667 ignis,
3730 3610 3825 3651 se-

2249 3685 2400 3742 debis
2436 3701 2599 3754 super
2638 3701 2761 3750 eos,
2800 3686 2852 3741 hi
2908 3676 3067 3740 erunt
3122 3686 3213 3740 tibi
3273 3686 3324 3740 in
3380 3684 3641 3753 adiutorio
3677 3686 3821 3756 (Im.

2247 3779 2415 3848 χιιι).
2456 3793 2474 3829 ι
2506 3777 2743 3847 Illndque
2768 3776 2979 3832 dillicile
3001 3785 3103 3842 est,
3129 3775 3397 3847 quomodo
3418 3791 3537 3829 cum
3554 3762 3826 3829 carbones

2247 3878 2303 3924 et
2328 3884 2451 3924 ossa
2482 3876 2889 3933 consumantur,
2931 3868 3125 3945 quibus
3148 3868 3289 3939 pleni
3317 3877 3445 3922 sunt
3484 3868 3647 3920 etiam
3675 3865 3827 3920 Pha-

2249 3963 2410 4029 risaai,
2439 3963 2631 4034 quibus
2664 3963 2920 4018 Dominus
2950 3961 3185 4032 loquitur
3214 3962 3267 4015 in
3298 3960 3622 4031 Evangelio:
3666 3977 3685 4011 ι
3725 3958 3824 4013 Vae

2246 4054 2419 4118 vobis,
2443 4053 2634 4108 scriba:
2656 4062 2710 4108 et
2734 4048 3012 4115 Pharisaei,
3049 4051 3139 4120 qui
3166 4051 3369 4105 similes
3395 4051 3525 4105 estis
3554 4049 3825 4121 sepulcris

2248 4143 2531 4208 dealbatis,
2560 4159 2677 4213 quae
2704 4143 2848 4197 intus
2873 4142 3030 4212 plena
3070 4150 3195 4197 sunt
3231 4142 3488 4212 spurcitia
3515 4152 3569 4197 et
3598 4144 3823 4197 ossibus

2248 4242 2580 4287 mortuorum
2636 4231 2848 4303 (Matth.
2903 4231 3082 4301 χχιιι).
3138 4251 3157 4284 ι
3205 4229 3357 4286 Nunc
3404 4231 3616 4287 dicatur
3673 4233 3826 4300 quod

2249 4325 2438 4397 rubigo
2479 4325 2773 4394 sor-desque
2818 4326 3002 4379 mundi
3046 4334 3374 4392 consumpta:
3402 4339 3507 4378 non
3549 4310 3683 4385 sint,
3725 4324 3827 4378 sed

2248 4418 2409 4471 etiam
2462 4424 2585 4487 post
2618 4414 2803 4484 judicii
2849 4415 3191 4471 severitatem
3260 4414 3486 4468 malitia.
3515 4422 3822 4468 remaneat.

576 4500 983 4560 adinventiones
1019 4512 1139 4557 tuas
1185 4503 1405 4557 reddam
1455 4502 1590 4566 tibi,
1642 4502 1751 4557 imo
1788 4502 2049 4571 'jndicabo
2094 4512 2147 4558 te
2172 4525 2223 4584 ι)
2249 4507 2401 4575 Quod
2438 4507 2594 4562 facile
2628 4507 2873 4573 solvitur,
2904 4506 2949 4561 si
2978 4505 3335 4573 intelligamus
3372 4502 3503 4558 illud
3528 4504 3773 4574 Apostoli
3802 4522 3820 4558 :

573 4595 723 4665 juxta
748 4608 912 4664 opera
952 4601 1014 4648 et
1039 4592 1392 4663 cogitationes
1443 4601 1582 4654 tuas,
1616 4586 1673 4644 ut
1705 4593 1756 4646 in
1788 4593 1889 4647 hoc
1933 4607 2146 4663 quoque

577 4690 856 4747 ostendam
888 4686 1228 4744 clementiam
1267 4703 1441 4743 meam
1471 4688 1645 4747 instar
1672 4688 1885 4753 medici,
1918 4689 2008 4758 qui
2043 4705 2143 4758 pu-

579 4778 732 4834 tridis
759 4794 863 4834 non
900 4777 1074 4847 parcit
1102 4777 1372 4841 carnibus,
1405 4787 1463 4832 ut
1488 4794 1618 4833 sana
1648 4766 1883 4833 membra
1932 4780 2142 4834 salten-

2257 4598 2583 4660 t,Conclusit
2626 4598 2768 4654 Deus
2811 4598 2991 4652 omnia
3031 4598 3130 4653 sub
3176 4605 3415 4668 peccato,
3464 4604 3523 4651 ut
3566 4596 3824 4651 omnibus

2239 4697 2588 4757 misereatur,
2653 4694 2877 4748 vanitati
2938 4695 3085 4748 enim
3137 4704 3390 4746 creatura
3440 4691 3691 4759 subjecta
3735 4700 3825 4743 est

2240 4786 2423 4861 (Rom.
2461 4802 2514 4841 ιιι
2541 4828 2555 4852 ,
2614 4787 2776 4853 vni);
2814 4803 2834 4837 ι
2874 4792 2927 4839 et
2960 4784 3181 4853 ponitur
3228 4782 3457 4854 sanguis
3486 4782 3579 4851 qui
3609 4780 3825 4836 ell'nsns

580 4878 697 4932 tur;
727 4880 830 4920 non
845 4866 1036 4935 parcit,
1054 4872 1112 4919 ut
1128 4875 1311 4933 parcat
1328 4867 1593 4929 ;crudelis
1612 4876 1696 4923 est
1722 4876 1781 4921 ut
1803 4867 2142 4935 misereatur,

2245 4889 2320 4933 est
2350 4879 2403 4932 in
2438 4876 2728 4947 prepatnlo
2777 4882 3041 4931 creatura-
3094 4874 3403 4937 universte,
3461 4883 3521 4927 ut
3569 4872 3825 4928 omnium

579 4969 677 5010 nec
708 4954 1015 5010 considerat
1068 4955 1317 5024 patientis
1347 4956 1607 5019 dolorem,
1657 4958 1748 5011 sed
1780 4958 2017 5013 vulneris
2058 4975 2143 5012 sa-
2238 4971 2453 5029 “ctera
2525 4977 2765 5040 paream,
2840 4964 3060 5021 Petram
3128 4973 3311 5020 autem
3372 4963 3825 5033 limpidissimam

577 5046 824 5107 nitatem,
865 5044 1017 5112 juxta
1045 5044 1172 5097 illud
1210 5046 1543 5115 evangelium
1576 5047 1744 5115 magis
1770 5046 1951 5101 volens
1976 5064 2141 5102 unum

575 5135 754 5205 perire
785 5134 1103 5198 membrum,
1135 5149 1293 5203 quam
1318 5142 1488 5187 totum
1511 5148 1706 5203 corpus
1734 5135 1983 5190 interfici.
2034 5136 2143 5191 No-

581 5228 799 5280 tandum
848 5240 1062 5294 qnoque
1109 5227 1375 5294 quomodo
1430 5239 1460 5278 a
1515 5226 1778 5295 principio
1824 5227 2140 5297 prophetiaa,

578 5331 745 5399 nsan
793 5316 857 5369 ad
905 5325 1221 5385 praesentem
1267 5315 1407 5369 diem
1435 5316 1655 5383 quando
1692 5315 1925 5370 obsideri
1981 5318 2144 5386 cmpit

574 5403 894 5468 Jerusalem,
938 5421 1031 5474 per
1069 5406 1309 5460 ordinem
1352 5405 1636 5473 captivitas
1664 5404 1863 5458 veniat.
1904 5403 2143 5459 Primum

576 5496 785 5565 gladius
808 5505 1145 5565 provocatur,
1164 5496 1283 5550 dein
1309 5496 1425 5550 dua:
1445 5494 1543 5549 via:
1567 5495 2070 5564 ponuntnrAmmcn
2094 5504 2149 5550 et

581 5585 934 5648 lliernsalem,
966 5600 1193 5654 quarum
1223 5586 1289 5638 ad
1318 5586 1591 5639 dexteram
1624 5594 1827 5653 partem
1862 5602 1979 5640 sors
2006 5587 2147 5640 cadit

580 5674 1083 5729 Nabuchodonosor.
1138 5674 1413 5729 Conﬂatnr
1466 5676 1517 5727 in
1566 5675 1783 5729 civitate
1831 5684 2145 5745 argentum,

580 5778 674 5829 uas,
719 5775 985 5829 stagnum,
1031 5766 1302 5835 plumbum
1355 5774 1408 5819 ct
1460 5763 1677 5817 ferrum.
1725 5764 1889 5818 Terra
1936 5780 2147 5833 quoque

2246 5059 2529 5113 possumus
2576 5045 2840 5114 accipere,
2876 5051 2933 5099 et
2966 5043 3245 5097 Dominum
3284 5041 3638 5105 Salvatorern,
3697 5056 3825 5111 qua

2246 5134 2569 5205 sequebatur
2617 5135 2670 5190 in
2708 5134 2993 5189 solitudine
3044 5123 3296 5203 populum
3352 5132 3549 5196 Israel,
3590 5134 3655 5187 de
3710 5148 3821 5202 qua

2246 5228 2504 5294 scriptum
2538 5233 2622 5281 est
2650 5243 2663 5279 :
2694 5243 2712 5276 ι
2747 5225 3006 5280 Bibebant
3040 5233 3217 5279 autem
3253 5224 3321 5278 de
3349 5224 3704 5294 consequenti
3726 5236 3823 5277 eos

2245 5326 2415 5386 petra.
2445 5315 2602 5370 Petra
2624 5325 2801 5369 autem
2821 5322 2939 5369 erat
2963 5313 3211 5387 Christus
3236 5312 3290 5385 (Ι
3308 5313 3431 5368 Cor.
3460 5315 3570 5381 ιι),ι
3598 5312 3822 5382 quodin

2245 5408 2336 5462 illo
2349 5408 2525 5461 omnia
2557 5405 2859 5460 revelentur
2878 5414 2931 5460 et
2950 5405 3233 5474 impleatur
3245 5404 3387 5475 quod
3410 5404 3669 5470 scriptum
3697 5410 3821 5456 est:

2253 5514 2270 5544 ι
2298 5494 2437 5548 Nihil
2474 5494 2765 5558 occultum,
2798 5495 2940 5563 quod
2991 5509 3096 5548 non
3140 5493 3406 5547 reveletur
3431 5491 3641 5562 (Matth.
3669 5490 3752 5551 ι).
3796 5508 3818 5542 ι

2248 5584 2490 5651 Dicitque
2522 5597 2579 5637 se
2618 5582 2874 5638 Dominus
2912 5597 3017 5636 non
3042 5583 3306 5645 misereri,
3338 5596 3439 5635 nec
3467 5579 3651 5633 mundi
3683 5593 3822 5646 pite-

2247 5674 2409 5726 terire
2437 5681 2673 5742 peccata,
2702 5687 2872 5740 neque
2898 5686 3119 5740 parcere
3149 5671 3343 5739 impiis,
3378 5684 3478 5723 nec
3503 5666 3738 5737 placari,
3767 5674 3827 5718 ut

2250 5764 2347 5815 vizc
2391 5771 2612 5831 pereant
2663 5761 2966 5829 impiorum,
3032 5761 3320 5814 secundum
3378 5758 3506 5811 illud
3566 5756 3719 5823 quod
3770 5755 3823 5807 in
