  <div class='ocr_page' id='page_1' title='image "/cluster/home/n/w/nwhite01/storage/ocr_20150623/110/uva.x000827066/384.png"; bbox 0 0 3936 6370; ppageno 0'>
   <div class='ocr_carea' id='block_1_1' title="bbox 171 442 267 473">
    <p class='ocr_par' dir='ltr' id='par_1_1' title="bbox 171 442 267 473">
     <span class='ocr_line' id='line_1_1' title="bbox 171 442 267 473; baseline -0.01 -6"><span class='ocrx_word' id='word_1_1' title='bbox 171 442 267 473; x_wconf 66' lang='grc' dir='ltr'><strong>ω.)</strong></span> 
     </span>
    </p>
   </div>
   <div class='ocr_carea' id='block_1_2' title="bbox 1102 422 2444 479">
    <p class='ocr_par' dir='ltr' id='par_1_2' title="bbox 1102 422 2444 479">
     <span class='ocr_line' id='line_1_2' title="bbox 1102 422 2444 479; baseline 0 -1"><span class='ocrx_word' id='word_1_2' title='bbox 1102 423 1452 479; x_wconf 75' lang='lat' dir='ltr'><strong>COMMENT.</strong></span> <span class='ocrx_word' id='word_1_3' title='bbox 1492 422 1560 477; x_wconf 82' lang='lat' dir='ltr'><strong>IN</strong></span> <span class='ocrx_word' id='word_1_4' title='bbox 1599 422 2043 479; x_wconf 72' lang='lat' dir='ltr'><strong>EZECIIIELEM.</strong></span> <span class='ocrx_word' id='word_1_5' title='bbox 2083 453 2153 462; x_wconf 97' lang='lat'><strong>—</strong></span> <span class='ocrx_word' id='word_1_6' title='bbox 2190 423 2314 477; x_wconf 83' lang='lat' dir='ltr'><strong>LIB.</strong></span> <span class='ocrx_word' id='word_1_7' title='bbox 2356 424 2444 478; x_wconf 71' lang='grc' dir='ltr'><strong>ιχ.</strong></span> 
     </span>
    </p>
   </div>
   <div class='ocr_carea' id='block_1_3' title="bbox 3246 425 3409 481">
    <p class='ocr_par' dir='ltr' id='par_1_3' title="bbox 3246 425 3409 481">
     <span class='ocr_line' id='line_1_3' title="bbox 3246 425 3409 481; baseline -0.043 0"><span class='ocrx_word' id='word_1_8' title='bbox 3246 430 3255 437; x_wconf 88' lang='grc'><strong><em>“</em></strong></span> <span class='ocrx_word' id='word_1_9' title='bbox 3300 425 3409 481; x_wconf 70' lang='grc' dir='ltr'><strong>τδι.</strong></span> 
     </span>
    </p>
   </div>
   <div class='ocr_carea' id='block_1_4' title="bbox 161 533 3418 611">
    <p class='ocr_par' dir='ltr' id='par_1_4' title="bbox 161 533 3418 611">
     <span class='ocr_line' id='line_1_4' title="bbox 161 533 3418 611; baseline 0 -21"><span class='ocrx_word' id='word_1_10' title='bbox 161 539 322 606; x_wconf 83' lang='lat' dir='ltr'><strong>primi</strong></span> <span class='ocrx_word' id='word_1_11' title='bbox 340 553 527 606; x_wconf 84' lang='lat' dir='ltr'><strong>psaum</strong></span> <span class='ocrx_word' id='word_1_12' title='bbox 554 540 925 611; x_wconf 85' lang='lat' dir='ltr'><strong>lineponitur:</strong></span> <span class='ocrx_word' id='word_1_13' title='bbox 961 558 979 590; x_wconf 67' lang='grc' dir='ltr'><strong><em>τι</em></strong></span> <span class='ocrx_word' id='word_1_14' title='bbox 1018 540 1085 592; x_wconf 84' lang='lat' dir='ltr'><strong>Et</strong></span> <span class='ocrx_word' id='word_1_15' title='bbox 1116 538 1513 608; x_wconf 86' lang='lat' dir='ltr'><strong>iterimpiorum</strong></span> <span class='ocrx_word' id='word_1_16' title='bbox 1535 536 1731 608; x_wconf 76' lang='lat' dir='ltr'><strong>peribit</strong></span> <span class='ocrx_word' id='word_1_17' title='bbox 1757 538 1805 597; x_wconf 84' lang='lat' dir='ltr'><strong>A</strong></span> <span class='ocrx_word' id='word_1_18' title='bbox 1832 535 1967 606; x_wconf 85' lang='lat' dir='ltr'><strong>ejus.</strong></span> <span class='ocrx_word' id='word_1_19' title='bbox 2004 555 2021 587; x_wconf 76' lang='grc' dir='ltr'><strong><em>ι</em></strong></span> <span class='ocrx_word' id='word_1_20' title='bbox 2052 533 2171 589; x_wconf 73' lang='lat' dir='ltr'><strong>Iam</strong></span> <span class='ocrx_word' id='word_1_21' title='bbox 2208 535 2349 589; x_wconf 90' lang='lat' dir='ltr'><strong>enim</strong></span> <span class='ocrx_word' id='word_1_22' title='bbox 2394 543 2447 589; x_wconf 91' lang='lat' dir='ltr'><strong>ct</strong></span> <span class='ocrx_word' id='word_1_23' title='bbox 2503 537 2613 604; x_wconf 88' lang='lat' dir='ltr'><strong>ipsa</strong></span> <span class='ocrx_word' id='word_1_24' title='bbox 2656 538 2758 592; x_wconf 89' lang='lat' dir='ltr'><strong>olla</strong></span> <span class='ocrx_word' id='word_1_25' title='bbox 2805 542 3162 604; x_wconf 77' lang='lat' dir='ltr'><strong>consumitur,</strong></span> <span class='ocrx_word' id='word_1_26' title='bbox 3202 539 3258 593; x_wconf 86' lang='lat' dir='ltr'><strong>in</strong></span> <span class='ocrx_word' id='word_1_27' title='bbox 3304 553 3418 607; x_wconf 78' lang='lat' dir='ltr'><strong>qua</strong></span> 
     </span>
    </p>
   </div>
   <div class='ocr_carea' id='block_1_5' title="bbox 165 626 486 699">
    <p class='ocr_par' dir='ltr' id='par_1_5' title="bbox 165 626 486 699">
     <span class='ocr_line' id='line_1_5' title="bbox 165 626 486 699; baseline 0 -19"><span class='ocrx_word' id='word_1_28' title='bbox 165 626 340 697; x_wconf 73' lang='lat' dir='ltr'><strong>(&#39;Psal.</strong></span> <span class='ocrx_word' id='word_1_29' title='bbox 369 628 428 699; x_wconf 89' lang='grc' dir='ltr'><strong>ι).</strong></span> <span class='ocrx_word' id='word_1_30' title='bbox 468 649 486 680; x_wconf 71' lang='grc' dir='ltr'><strong><em>ι</em></strong></span> 
     </span>
    </p>
   </div>
   <div class='ocr_carea' id='block_1_6' title="bbox 239 715 1734 790">
    <p class='ocr_par' dir='ltr' id='par_1_6' title="bbox 239 715 1734 790">
     <span class='ocr_line' id='line_1_6' title="bbox 239 715 1734 790; baseline -0.003 -18"><span class='ocrx_word' id='word_1_31' title='bbox 239 715 440 789; x_wconf 84' lang='lat' dir='ltr'><strong>(Greg.)</strong></span> <span class='ocrx_word' id='word_1_32' title='bbox 470 717 606 784; x_wconf 85' lang='lat' dir='ltr'><strong>Quid</strong></span> <span class='ocrx_word' id='word_1_33' title='bbox 655 718 898 786; x_wconf 87' lang='lat' dir='ltr'><strong>estjam,</strong></span> <span class='ocrx_word' id='word_1_34' title='bbox 943 735 1096 790; x_wconf 86' lang='lat' dir='ltr'><strong>rogo,</strong></span> <span class='ocrx_word' id='word_1_35' title='bbox 1128 717 1269 787; x_wconf 89' lang='lat' dir='ltr'><strong>quod</strong></span> <span class='ocrx_word' id='word_1_36' title='bbox 1303 718 1356 771; x_wconf 88' lang='lat' dir='ltr'><strong>in</strong></span> <span class='ocrx_word' id='word_1_37' title='bbox 1405 717 1509 773; x_wconf 88' lang='lat' dir='ltr'><strong>hoc</strong></span> <span class='ocrx_word' id='word_1_38' title='bbox 1535 715 1734 770; x_wconf 89' lang='lat' dir='ltr'><strong>mundo</strong></span> 
     </span>
    </p>
   </div>
   <div class='ocr_carea' id='block_1_7' title="bbox 161 807 1736 881">
    <p class='ocr_par' dir='ltr' id='par_1_7' title="bbox 161 807 1736 881">
     <span class='ocr_line' id='line_1_7' title="bbox 161 807 1736 881; baseline -0.001 -18"><span class='ocrx_word' id='word_1_39' title='bbox 161 807 366 864; x_wconf 83' lang='lat' dir='ltr'><strong>libeat?</strong></span> <span class='ocrx_word' id='word_1_40' title='bbox 393 808 602 879; x_wconf 79' lang='lat' dir='ltr'><strong>Ubique</strong></span> <span class='ocrx_word' id='word_1_41' title='bbox 653 811 827 865; x_wconf 85' lang='lat' dir='ltr'><strong>luctus</strong></span> <span class='ocrx_word' id='word_1_42' title='bbox 858 812 1178 881; x_wconf 80' lang='lat' dir='ltr'><strong>aspicimus,</strong></span> <span class='ocrx_word' id='word_1_43' title='bbox 1222 809 1457 879; x_wconf 78' lang='lat' dir='ltr'><strong>undique</strong></span> <span class='ocrx_word' id='word_1_44' title='bbox 1505 807 1736 878; x_wconf 84' lang='lat' dir='ltr'><strong>gemitus</strong></span> 
     </span>
    </p>
   </div>
   <div class='ocr_carea' id='block_1_8' title="bbox 164 898 1736 966">
    <p class='ocr_par' dir='ltr' id='par_1_8' title="bbox 164 898 1736 966">
     <span class='ocr_line' id='line_1_8' title="bbox 164 898 1736 966; baseline -0.002 -13"><span class='ocrx_word' id='word_1_45' title='bbox 164 900 433 965; x_wconf 79' lang='lat' dir='ltr'><strong>audimus,</strong></span> <span class='ocrx_word' id='word_1_46' title='bbox 465 900 751 955; x_wconf 70' lang='lat' dir='ltr'><strong>destrurtre</strong></span> <span class='ocrx_word' id='word_1_47' title='bbox 773 902 949 964; x_wconf 90' lang='lat' dir='ltr'><strong>urbes,</strong></span> <span class='ocrx_word' id='word_1_48' title='bbox 979 916 1165 955; x_wconf 88' lang='lat' dir='ltr'><strong>eversa</strong></span> <span class='ocrx_word' id='word_1_49' title='bbox 1196 909 1319 954; x_wconf 90' lang='lat' dir='ltr'><strong>sunt</strong></span> <span class='ocrx_word' id='word_1_50' title='bbox 1343 907 1544 962; x_wconf 90' lang='lat' dir='ltr'><strong>castra,</strong></span> <span class='ocrx_word' id='word_1_51' title='bbox 1575 898 1736 966; x_wconf 92' lang='lat' dir='ltr'><strong>depo-</strong></span> 
     </span>
    </p>
   </div>
   <div class='ocr_carea' id='block_1_9' title="bbox 164 984 1736 1061">
    <p class='ocr_par' dir='ltr' id='par_1_9' title="bbox 164 984 1736 1061">
     <span class='ocr_line' id='line_1_9' title="bbox 164 984 1736 1061; baseline -0.003 -19"><span class='ocrx_word' id='word_1_52' title='bbox 164 990 335 1058; x_wconf 90' lang='lat' dir='ltr'><strong>pulati</strong></span> <span class='ocrx_word' id='word_1_53' title='bbox 379 990 514 1061; x_wconf 88' lang='lat' dir='ltr'><strong>agri,</strong></span> <span class='ocrx_word' id='word_1_54' title='bbox 545 990 596 1044; x_wconf 93' lang='lat' dir='ltr'><strong>in</strong></span> <span class='ocrx_word' id='word_1_55' title='bbox 626 990 965 1045; x_wconf 89' lang='lat' dir='ltr'><strong>solitudinem</strong></span> <span class='ocrx_word' id='word_1_56' title='bbox 997 1000 1138 1044; x_wconf 85' lang='lat' dir='ltr'><strong>terra</strong></span> <span class='ocrx_word' id='word_1_57' title='bbox 1169 984 1386 1045; x_wconf 75' lang='lat' dir='ltr'><strong>redacta</strong></span> <span class='ocrx_word' id='word_1_58' title='bbox 1414 996 1516 1051; x_wconf 80' lang='lat' dir='ltr'><strong>est,</strong></span> <span class='ocrx_word' id='word_1_59' title='bbox 1560 986 1736 1040; x_wconf 88' lang='lat' dir='ltr'><strong>nullus</strong></span> 
     </span>
    </p>
   </div>
   <div class='ocr_carea' id='block_1_10' title="bbox 164 1080 1737 1152">
    <p class='ocr_par' dir='ltr' id='par_1_10' title="bbox 164 1080 1737 1152">
     <span class='ocr_line' id='line_1_10' title="bbox 164 1080 1737 1152; baseline 0 -19"><span class='ocrx_word' id='word_1_60' title='bbox 164 1082 221 1134; x_wconf 90' lang='lat' dir='ltr'><strong>in</strong></span> <span class='ocrx_word' id='word_1_61' title='bbox 252 1082 395 1152; x_wconf 81' lang='lat' dir='ltr'><strong>agris</strong></span> <span class='ocrx_word' id='word_1_62' title='bbox 441 1081 636 1145; x_wconf 91' lang='lat' dir='ltr'><strong>incola,</strong></span> <span class='ocrx_word' id='word_1_63' title='bbox 682 1097 816 1151; x_wconf 87' lang='lat' dir='ltr'><strong>pene</strong></span> <span class='ocrx_word' id='word_1_64' title='bbox 869 1082 1045 1137; x_wconf 91' lang='lat' dir='ltr'><strong>nullus</strong></span> <span class='ocrx_word' id='word_1_65' title='bbox 1087 1082 1141 1136; x_wconf 91' lang='lat' dir='ltr'><strong>iu</strong></span> <span class='ocrx_word' id='word_1_66' title='bbox 1187 1083 1413 1136; x_wconf 86' lang='lat' dir='ltr'><strong>urbibus</strong></span> <span class='ocrx_word' id='word_1_67' title='bbox 1466 1080 1737 1135; x_wconf 88' lang='lat' dir='ltr'><strong>habitator</strong></span> 
     </span>
    </p>
   </div>
   <div class='ocr_carea' id='block_1_11' title="bbox 162 1170 1737 1244">
    <p class='ocr_par' dir='ltr' id='par_1_11' title="bbox 162 1170 1737 1244">
     <span class='ocr_line' id='line_1_11' title="bbox 162 1170 1737 1244; baseline 0.001 -22"><span class='ocrx_word' id='word_1_68' title='bbox 162 1171 425 1225; x_wconf 83' lang='lat' dir='ltr'><strong>remansit</strong></span> <span class='ocrx_word' id='word_1_69' title='bbox 450 1186 464 1224; x_wconf 92' lang='lat'><strong>:</strong></span> <span class='ocrx_word' id='word_1_70' title='bbox 488 1180 543 1225; x_wconf 93' lang='lat' dir='ltr'><strong>et</strong></span> <span class='ocrx_word' id='word_1_71' title='bbox 572 1181 749 1227; x_wconf 91' lang='lat' dir='ltr'><strong>tamen</strong></span> <span class='ocrx_word' id='word_1_72' title='bbox 783 1173 911 1242; x_wconf 73' lang='lat' dir='ltr'><strong>ipsa:</strong></span> <span class='ocrx_word' id='word_1_73' title='bbox 946 1187 1124 1241; x_wconf 76' lang='lat' dir='ltr'><strong>parva:</strong></span> <span class='ocrx_word' id='word_1_74' title='bbox 1158 1171 1369 1244; x_wconf 80' lang='lat' dir='ltr'><strong>generis</strong></span> <span class='ocrx_word' id='word_1_75' title='bbox 1409 1170 1627 1225; x_wconf 82' lang='lat' dir='ltr'><strong>humani</strong></span> <span class='ocrx_word' id='word_1_76' title='bbox 1651 1184 1737 1224; x_wconf 85' lang='lat' dir='ltr'><strong>re-</strong></span> 
     </span>
    </p>
   </div>
   <div class='ocr_carea' id='block_1_12' title="bbox 161 1260 1736 1331">
    <p class='ocr_par' dir='ltr' id='par_1_12' title="bbox 161 1260 1736 1331">
     <span class='ocr_line' id='line_1_12' title="bbox 161 1260 1736 1331; baseline 0.001 -18"><span class='ocrx_word' id='word_1_77' title='bbox 161 1260 344 1331; x_wconf 56' lang='lat' dir='ltr'><strong>liquias</strong></span> <span class='ocrx_word' id='word_1_78' title='bbox 368 1261 543 1316; x_wconf 90' lang='lat' dir='ltr'><strong>adhuc</strong></span> <span class='ocrx_word' id='word_1_79' title='bbox 564 1262 821 1330; x_wconf 87' lang='lat' dir='ltr'><strong>quotidie,</strong></span> <span class='ocrx_word' id='word_1_80' title='bbox 844 1271 898 1317; x_wconf 89' lang='lat' dir='ltr'><strong>et</strong></span> <span class='ocrx_word' id='word_1_81' title='bbox 911 1262 1025 1317; x_wconf 89' lang='lat' dir='ltr'><strong>sine</strong></span> <span class='ocrx_word' id='word_1_82' title='bbox 1044 1260 1343 1318; x_wconf 73' lang='lat' dir='ltr'><strong>cessatione</strong></span> <span class='ocrx_word' id='word_1_83' title='bbox 1366 1262 1655 1325; x_wconf 86' lang='lat' dir='ltr'><strong>feriuntur,</strong></span> <span class='ocrx_word' id='word_1_84' title='bbox 1681 1268 1736 1315; x_wconf 91' lang='lat' dir='ltr'><strong>et</strong></span> 
     </span>
    </p>
   </div>
   <div class='ocr_carea' id='block_1_13' title="bbox 160 1351 1738 1425">
    <p class='ocr_par' dir='ltr' id='par_1_13' title="bbox 160 1351 1738 1425">
     <span class='ocr_line' id='line_1_13' title="bbox 160 1351 1738 1425; baseline 0.001 -20"><span class='ocrx_word' id='word_1_85' title='bbox 160 1351 326 1407; x_wconf 85' lang='lat' dir='ltr'><strong>finem</strong></span> <span class='ocrx_word' id='word_1_86' title='bbox 349 1370 453 1407; x_wconf 93' lang='lat' dir='ltr'><strong>non</strong></span> <span class='ocrx_word' id='word_1_87' title='bbox 485 1354 684 1408; x_wconf 86' lang='lat' dir='ltr'><strong>habent</strong></span> <span class='ocrx_word' id='word_1_88' title='bbox 705 1354 909 1425; x_wconf 87' lang='lat' dir='ltr'><strong>llagella</strong></span> <span class='ocrx_word' id='word_1_89' title='bbox 940 1354 1177 1410; x_wconf 64' lang='lat' dir='ltr'><strong>caelestis</strong></span> <span class='ocrx_word' id='word_1_90' title='bbox 1209 1353 1452 1423; x_wconf 75' lang='lat' dir='ltr'><strong>justitizc,</strong></span> <span class='ocrx_word' id='word_1_91' title='bbox 1490 1353 1613 1422; x_wconf 85' lang='lat' dir='ltr'><strong>quia</strong></span> <span class='ocrx_word' id='word_1_92' title='bbox 1638 1365 1738 1407; x_wconf 90' lang='lat' dir='ltr'><strong>nec</strong></span> 
     </span>
    </p>
   </div>
   <div class='ocr_carea' id='block_1_14' title="bbox 160 1442 1736 1514">
    <p class='ocr_par' dir='ltr' id='par_1_14' title="bbox 160 1442 1736 1514">
     <span class='ocr_line' id='line_1_14' title="bbox 160 1442 1736 1514; baseline -0.001 -16"><span class='ocrx_word' id='word_1_93' title='bbox 160 1442 308 1499; x_wconf 88' lang='lat' dir='ltr'><strong>inter</strong></span> <span class='ocrx_word' id='word_1_94' title='bbox 328 1443 534 1514; x_wconf 83' lang='lat' dir='ltr'><strong>ﬂagella</strong></span> <span class='ocrx_word' id='word_1_95' title='bbox 581 1454 838 1501; x_wconf 67' lang='lat' dir='ltr'><strong>correctae</strong></span> <span class='ocrx_word' id='word_1_96' title='bbox 866 1454 991 1500; x_wconf 89' lang='lat' dir='ltr'><strong>sunt</strong></span> <span class='ocrx_word' id='word_1_97' title='bbox 1042 1447 1271 1501; x_wconf 83' lang='lat' dir='ltr'><strong>actionis</strong></span> <span class='ocrx_word' id='word_1_98' title='bbox 1296 1444 1495 1514; x_wconf 60' lang='lat' dir='ltr'><strong>culpat,</strong></span> <span class='ocrx_word' id='word_1_99' title='bbox 1529 1445 1661 1499; x_wconf 83' lang='lat' dir='ltr'><strong>alios</strong></span> <span class='ocrx_word' id='word_1_100' title='bbox 1682 1445 1736 1498; x_wconf 89' lang='lat' dir='ltr'><strong>in</strong></span> 
     </span>
    </p>
   </div>
   <div class='ocr_carea' id='block_1_15' title="bbox 159 1534 1736 1604">
    <p class='ocr_par' dir='ltr' id='par_1_15' title="bbox 159 1534 1736 1604">
     <span class='ocr_line' id='line_1_15' title="bbox 159 1534 1736 1604; baseline 0 -15"><span class='ocrx_word' id='word_1_101' title='bbox 159 1536 529 1604; x_wconf 71' lang='lat' dir='ltr'><strong>captivitatem</strong></span> <span class='ocrx_word' id='word_1_102' title='bbox 567 1536 710 1601; x_wconf 89' lang='lat' dir='ltr'><strong>duci,</strong></span> <span class='ocrx_word' id='word_1_103' title='bbox 758 1537 893 1591; x_wconf 91' lang='lat' dir='ltr'><strong>alios</strong></span> <span class='ocrx_word' id='word_1_104' title='bbox 951 1536 1280 1601; x_wconf 88' lang='lat' dir='ltr'><strong>detruncari,</strong></span> <span class='ocrx_word' id='word_1_105' title='bbox 1334 1535 1468 1590; x_wconf 89' lang='lat' dir='ltr'><strong>alios</strong></span> <span class='ocrx_word' id='word_1_106' title='bbox 1506 1534 1736 1591; x_wconf 89' lang='lat' dir='ltr'><strong>interﬁci</strong></span> 
     </span>
    </p>
   </div>
   <div class='ocr_carea' id='block_1_16' title="bbox 158 1623 1736 1697">
    <p class='ocr_par' dir='ltr' id='par_1_16' title="bbox 158 1623 1736 1697">
     <span class='ocr_line' id='line_1_16' title="bbox 158 1623 1736 1697; baseline 0.003 -23"><span class='ocrx_word' id='word_1_107' title='bbox 158 1623 426 1678; x_wconf 78' lang='lat' dir='ltr'><strong>videmus.</strong></span> <span class='ocrx_word' id='word_1_108' title='bbox 463 1625 600 1691; x_wconf 85' lang='lat' dir='ltr'><strong>Quid</strong></span> <span class='ocrx_word' id='word_1_109' title='bbox 633 1634 715 1679; x_wconf 88' lang='lat' dir='ltr'><strong>est</strong></span> <span class='ocrx_word' id='word_1_110' title='bbox 764 1641 891 1697; x_wconf 81' lang='lat' dir='ltr'><strong>ergo</strong></span> <span class='ocrx_word' id='word_1_111' title='bbox 919 1625 1062 1695; x_wconf 86' lang='lat' dir='ltr'><strong>quod</strong></span> <span class='ocrx_word' id='word_1_112' title='bbox 1100 1626 1152 1680; x_wconf 88' lang='lat' dir='ltr'><strong>in</strong></span> <span class='ocrx_word' id='word_1_113' title='bbox 1184 1626 1286 1680; x_wconf 88' lang='lat' dir='ltr'><strong>hac</strong></span> <span class='ocrx_word' id='word_1_114' title='bbox 1314 1626 1421 1679; x_wconf 82' lang='lat' dir='ltr'><strong>vita</strong></span> <span class='ocrx_word' id='word_1_115' title='bbox 1466 1623 1736 1680; x_wconf 77' lang='lat' dir='ltr'><strong>libeat?si</strong></span> 
     </span>
    </p>
   </div>
   <div class='ocr_carea' id='block_1_17' title="bbox 157 1712 1740 1785">
    <p class='ocr_par' dir='ltr' id='par_1_17' title="bbox 157 1712 1740 1785">
     <span class='ocr_line' id='line_1_17' title="bbox 157 1712 1740 1785; baseline 0.003 -21"><span class='ocrx_word' id='word_1_116' title='bbox 157 1720 217 1765; x_wconf 88' lang='lat' dir='ltr'><strong>ct</strong></span> <span class='ocrx_word' id='word_1_117' title='bbox 246 1712 403 1767; x_wconf 85' lang='lat' dir='ltr'><strong>talem</strong></span> <span class='ocrx_word' id='word_1_118' title='bbox 436 1714 690 1769; x_wconf 90' lang='lat' dir='ltr'><strong>mundum</strong></span> <span class='ocrx_word' id='word_1_119' title='bbox 718 1715 893 1769; x_wconf 86' lang='lat' dir='ltr'><strong>adhuc</strong></span> <span class='ocrx_word' id='word_1_120' title='bbox 925 1715 1235 1785; x_wconf 83' lang='lat' dir='ltr'><strong>diligamus,</strong></span> <span class='ocrx_word' id='word_1_121' title='bbox 1295 1730 1399 1769; x_wconf 91' lang='lat' dir='ltr'><strong>non</strong></span> <span class='ocrx_word' id='word_1_122' title='bbox 1444 1713 1559 1783; x_wconf 90' lang='lat' dir='ltr'><strong>jam</strong></span> <span class='ocrx_word' id='word_1_123' title='bbox 1608 1730 1740 1785; x_wconf 88' lang='lat' dir='ltr'><strong>gau-</strong></span> 
     </span>
    </p>
   </div>
   <div class='ocr_carea' id='block_1_18' title="bbox 157 1805 1739 1875">
    <p class='ocr_par' dir='ltr' id='par_1_18' title="bbox 157 1805 1739 1875">
     <span class='ocr_line' id='line_1_18' title="bbox 157 1805 1739 1875; baseline 0.001 -18"><span class='ocrx_word' id='word_1_124' title='bbox 157 1805 274 1865; x_wconf 83' lang='lat' dir='ltr'><strong>dia,</strong></span> <span class='ocrx_word' id='word_1_125' title='bbox 301 1806 392 1859; x_wconf 89' lang='lat' dir='ltr'><strong>sed</strong></span> <span class='ocrx_word' id='word_1_126' title='bbox 418 1805 639 1860; x_wconf 89' lang='lat' dir='ltr'><strong>vulnera</strong></span> <span class='ocrx_word' id='word_1_127' title='bbox 668 1822 929 1860; x_wconf 90' lang='lat' dir='ltr'><strong>amamus.</strong></span> <span class='ocrx_word' id='word_1_128' title='bbox 958 1806 1073 1875; x_wconf 88' lang='lat' dir='ltr'><strong>Ipsa</strong></span> <span class='ocrx_word' id='word_1_129' title='bbox 1104 1814 1278 1860; x_wconf 89' lang='lat' dir='ltr'><strong>autem</strong></span> <span class='ocrx_word' id='word_1_130' title='bbox 1307 1820 1426 1873; x_wconf 74' lang='lat' dir='ltr'><strong>qua:</strong></span> <span class='ocrx_word' id='word_1_131' title='bbox 1450 1805 1739 1874; x_wconf 82' lang='lat' dir='ltr'><strong>aliquando</strong></span> 
     </span>
    </p>
   </div>
   <div class='ocr_carea' id='block_1_19' title="bbox 1841 628 3408 701">
    <p class='ocr_par' dir='ltr' id='par_1_19' title="bbox 1841 628 3408 701">
     <span class='ocr_line' id='line_1_19' title="bbox 1841 628 3408 701; baseline 0.001 -19"><span class='ocrx_word' id='word_1_132' title='bbox 1841 628 1993 697; x_wconf 91' lang='lat' dir='ltr'><strong>prius</strong></span> <span class='ocrx_word' id='word_1_133' title='bbox 2020 641 2215 682; x_wconf 89' lang='lat' dir='ltr'><strong>carnes</strong></span> <span class='ocrx_word' id='word_1_134' title='bbox 2242 633 2295 679; x_wconf 88' lang='lat' dir='ltr'><strong>et</strong></span> <span class='ocrx_word' id='word_1_135' title='bbox 2314 641 2435 682; x_wconf 89' lang='lat' dir='ltr'><strong>ossa</strong></span> <span class='ocrx_word' id='word_1_136' title='bbox 2460 630 2911 685; x_wconf 81' lang='lat' dir='ltr'><strong>consumebantur</strong></span> <span class='ocrx_word' id='word_1_137' title='bbox 2939 649 2950 685; x_wconf 92' lang='lat'>:</span> <span class='ocrx_word' id='word_1_138' title='bbox 2975 632 3099 699; x_wconf 85' lang='lat' dir='ltr'><strong>quia</strong></span> <span class='ocrx_word' id='word_1_139' title='bbox 3124 639 3408 701; x_wconf 86' lang='lat' dir='ltr'><strong>postquam</strong></span> 
     </span>
    </p>
   </div>
   <div class='ocr_carea' id='block_1_20' title="bbox 1836 719 3407 790">
    <p class='ocr_par' dir='ltr' id='par_1_20' title="bbox 1836 719 3407 790">
     <span class='ocr_line' id='line_1_20' title="bbox 1836 719 3407 790; baseline 0 -15"><span class='ocrx_word' id='word_1_140' title='bbox 1836 719 2149 775; x_wconf 87' lang='lat' dir='ltr'><strong>defecerunt</strong></span> <span class='ocrx_word' id='word_1_141' title='bbox 2196 719 2479 784; x_wconf 87' lang='lat' dir='ltr'><strong>homines,</strong></span> <span class='ocrx_word' id='word_1_142' title='bbox 2541 721 2701 774; x_wconf 90' lang='lat' dir='ltr'><strong>etiam</strong></span> <span class='ocrx_word' id='word_1_143' title='bbox 2743 722 2976 790; x_wconf 81' lang='lat' dir='ltr'><strong>parietes</strong></span> <span class='ocrx_word' id='word_1_144' title='bbox 3030 723 3247 777; x_wconf 89' lang='lat' dir='ltr'><strong>cadunt.</strong></span> <span class='ocrx_word' id='word_1_145' title='bbox 3304 719 3407 777; x_wconf 87' lang='lat' dir='ltr'><strong>Ubi</strong></span> 
     </span>
    </p>
   </div>
   <div class='ocr_carea' id='block_1_21' title="bbox 1837 810 3398 885">
    <p class='ocr_par' dir='ltr' id='par_1_21' title="bbox 1837 810 3398 885">
     <span class='ocr_line' id='line_1_21' title="bbox 1837 810 3398 885; baseline 0.001 -20"><span class='ocrx_word' id='word_1_146' title='bbox 1837 820 2013 867; x_wconf 91' lang='lat' dir='ltr'><strong>autem</strong></span> <span class='ocrx_word' id='word_1_147' title='bbox 2040 822 2163 866; x_wconf 91' lang='lat' dir='ltr'><strong>sunt</strong></span> <span class='ocrx_word' id='word_1_148' title='bbox 2188 810 2278 882; x_wconf 91' lang='lat' dir='ltr'><strong>qui</strong></span> <span class='ocrx_word' id='word_1_149' title='bbox 2309 813 2362 867; x_wconf 91' lang='lat' dir='ltr'><strong>in</strong></span> <span class='ocrx_word' id='word_1_150' title='bbox 2388 812 2503 883; x_wconf 89' lang='lat' dir='ltr'><strong>ejus</strong></span> <span class='ocrx_word' id='word_1_151' title='bbox 2550 811 2838 883; x_wconf 87' lang='lat' dir='ltr'><strong>aliquando</strong></span> <span class='ocrx_word' id='word_1_152' title='bbox 2868 814 3031 885; x_wconf 82' lang='lat' dir='ltr'><strong>gloria</strong></span> <span class='ocrx_word' id='word_1_153' title='bbox 3061 815 3398 874; x_wconf 87' lang='lat' dir='ltr'><strong>laetabantur,</strong></span> 
     </span>
    </p>
   </div>
   <div class='ocr_carea' id='block_1_22' title="bbox 1836 901 3404 975">
    <p class='ocr_par' dir='ltr' id='par_1_22' title="bbox 1836 901 3404 975">
     <span class='ocr_line' id='line_1_22' title="bbox 1836 901 3404 975; baseline 0.002 -22"><span class='ocrx_word' id='word_1_154' title='bbox 1836 901 1929 955; x_wconf 91' lang='lat' dir='ltr'><strong>ubi</strong></span> <span class='ocrx_word' id='word_1_155' title='bbox 1973 917 2159 956; x_wconf 88' lang='lat' dir='ltr'><strong>eorum</strong></span> <span class='ocrx_word' id='word_1_156' title='bbox 2205 918 2423 972; x_wconf 91' lang='lat' dir='ltr'><strong>pompa,</strong></span> <span class='ocrx_word' id='word_1_157' title='bbox 2454 902 2543 956; x_wconf 89' lang='lat' dir='ltr'><strong>ubi</strong></span> <span class='ocrx_word' id='word_1_158' title='bbox 2601 903 2874 973; x_wconf 86' lang='lat' dir='ltr'><strong>superbia,</strong></span> <span class='ocrx_word' id='word_1_159' title='bbox 2914 905 3002 958; x_wconf 93' lang='lat' dir='ltr'><strong>ubi</strong></span> <span class='ocrx_word' id='word_1_160' title='bbox 3055 903 3309 975; x_wconf 86' lang='lat' dir='ltr'><strong>frequens</strong></span> <span class='ocrx_word' id='word_1_161' title='bbox 3354 911 3404 956; x_wconf 84' lang='lat' dir='ltr'><strong>et</strong></span> 
     </span>
    </p>
   </div>
   <div class='ocr_carea' id='block_1_23' title="bbox 1837 988 3406 1062">
    <p class='ocr_par' dir='ltr' id='par_1_23' title="bbox 1837 988 3406 1062">
     <span class='ocr_line' id='line_1_23' title="bbox 1837 988 3406 1062; baseline 0.003 -20"><span class='ocrx_word' id='word_1_162' title='bbox 1837 988 2252 1044; x_wconf 89' lang='lat' dir='ltr'><strong>immoderatum</strong></span> <span class='ocrx_word' id='word_1_163' title='bbox 2302 992 2888 1061; x_wconf 84' lang='lat' dir='ltr'><strong>gaudium?impletum</strong></span> <span class='ocrx_word' id='word_1_164' title='bbox 2946 994 3109 1048; x_wconf 88' lang='lat' dir='ltr'><strong>estin</strong></span> <span class='ocrx_word' id='word_1_165' title='bbox 3156 1008 3218 1049; x_wconf 91' lang='lat' dir='ltr'><strong>ea</strong></span> <span class='ocrx_word' id='word_1_166' title='bbox 3265 992 3406 1062; x_wconf 82' lang='lat' dir='ltr'><strong>quod</strong></span> 
     </span>
    </p>
   </div>
   <div class='ocr_carea' id='block_1_24' title="bbox 1837 1080 3400 1153">
    <p class='ocr_par' dir='ltr' id='par_1_24' title="bbox 1837 1080 3400 1153">
     <span class='ocr_line' id='line_1_24' title="bbox 1837 1080 3400 1153; baseline -0.001 -20"><span class='ocrx_word' id='word_1_167' title='bbox 1837 1088 2023 1133; x_wconf 86' lang='lat' dir='ltr'><strong>contra</strong></span> <span class='ocrx_word' id='word_1_168' title='bbox 2057 1081 2381 1134; x_wconf 78' lang='lat' dir='ltr'><strong>destructum</strong></span> <span class='ocrx_word' id='word_1_169' title='bbox 2414 1080 2655 1136; x_wconf 82' lang='lat' dir='ltr'><strong>Ninivem</strong></span> <span class='ocrx_word' id='word_1_170' title='bbox 2688 1097 2786 1152; x_wconf 88' lang='lat' dir='ltr'><strong>per</strong></span> <span class='ocrx_word' id='word_1_171' title='bbox 2814 1083 3133 1153; x_wconf 84' lang='lat' dir='ltr'><strong>prophetam</strong></span> <span class='ocrx_word' id='word_1_172' title='bbox 3166 1082 3400 1136; x_wconf 85' lang='lat' dir='ltr'><strong>dicitur:</strong></span> 
     </span>
    </p>
   </div>
   <div class='ocr_carea' id='block_1_25' title="bbox 1844 1168 3404 1244">
    <p class='ocr_par' dir='ltr' id='par_1_25' title="bbox 1844 1168 3404 1244">
     <span class='ocr_line' id='line_1_25' title="bbox 1844 1168 3404 1244; baseline 0.004 -23"><span class='ocrx_word' id='word_1_173' title='bbox 1844 1186 1863 1219; x_wconf 73' lang='grc' dir='ltr'>ι</span> <span class='ocrx_word' id='word_1_174' title='bbox 1900 1168 2001 1224; x_wconf 88' lang='lat' dir='ltr'><strong>Ubi</strong></span> <span class='ocrx_word' id='word_1_175' title='bbox 2035 1178 2116 1224; x_wconf 89' lang='lat' dir='ltr'><strong>est</strong></span> <span class='ocrx_word' id='word_1_176' title='bbox 2140 1170 2500 1226; x_wconf 87' lang='lat' dir='ltr'><strong>habitaculum</strong></span> <span class='ocrx_word' id='word_1_177' title='bbox 2528 1172 2759 1237; x_wconf 91' lang='lat' dir='ltr'><strong>leonum,</strong></span> <span class='ocrx_word' id='word_1_178' title='bbox 2787 1182 2841 1228; x_wconf 91' lang='lat' dir='ltr'><strong>et</strong></span> <span class='ocrx_word' id='word_1_179' title='bbox 2875 1189 3071 1244; x_wconf 87' lang='lat' dir='ltr'><strong>pascua</strong></span> <span class='ocrx_word' id='word_1_180' title='bbox 3106 1174 3404 1229; x_wconf 88' lang='lat' dir='ltr'><strong>catulorum</strong></span> 
     </span>
    </p>
   </div>
   <div class='ocr_carea' id='block_1_26' title="bbox 1837 1258 3409 1333">
    <p class='ocr_par' dir='ltr' id='par_1_26' title="bbox 1837 1258 3409 1333">
     <span class='ocr_line' id='line_1_26' title="bbox 1837 1258 3409 1333; baseline 0.002 -20"><span class='ocrx_word' id='word_1_181' title='bbox 1837 1258 2097 1315; x_wconf 83' lang='lat' dir='ltr'><strong>leonum‘?</strong></span> <span class='ocrx_word' id='word_1_182' title='bbox 2134 1280 2152 1313; x_wconf 72' lang='grc' dir='ltr'><strong>ι</strong></span> <span class='ocrx_word' id='word_1_183' title='bbox 2184 1260 2440 1332; x_wconf 82' lang='lat' dir='ltr'><strong>(Nahum,</strong></span> <span class='ocrx_word' id='word_1_184' title='bbox 2476 1263 2561 1333; x_wconf 87' lang='lat' dir='ltr'><strong>tt.)</strong></span> <span class='ocrx_word' id='word_1_185' title='bbox 2590 1263 2671 1317; x_wconf 86' lang='lat' dir='ltr'><strong>An</strong></span> <span class='ocrx_word' id='word_1_186' title='bbox 2702 1264 2817 1333; x_wconf 90' lang='lat' dir='ltr'><strong>ejus</strong></span> <span class='ocrx_word' id='word_1_187' title='bbox 2845 1263 3010 1319; x_wconf 87' lang='lat' dir='ltr'><strong>duces</strong></span> <span class='ocrx_word' id='word_1_188' title='bbox 3057 1272 3111 1319; x_wconf 88' lang='lat' dir='ltr'><strong>et</strong></span> <span class='ocrx_word' id='word_1_189' title='bbox 3138 1262 3409 1333; x_wconf 86' lang='lat' dir='ltr'><strong>principes</strong></span> 
     </span>
    </p>
   </div>
   <div class='ocr_carea' id='block_1_27' title="bbox 1839 1347 3394 1421">
    <p class='ocr_par' dir='ltr' id='par_1_27' title="bbox 1839 1347 3394 1421">
     <span class='ocr_line' id='line_1_27' title="bbox 1839 1347 3394 1421; baseline 0.002 -19"><span class='ocrx_word' id='word_1_190' title='bbox 1839 1347 2019 1405; x_wconf 85' lang='lat' dir='ltr'><strong>leones</strong></span> <span class='ocrx_word' id='word_1_191' title='bbox 2060 1365 2167 1405; x_wconf 92' lang='lat' dir='ltr'><strong>non</strong></span> <span class='ocrx_word' id='word_1_192' title='bbox 2194 1358 2369 1415; x_wconf 90' lang='lat' dir='ltr'><strong>erant,</strong></span> <span class='ocrx_word' id='word_1_193' title='bbox 2410 1351 2500 1420; x_wconf 91' lang='lat' dir='ltr'><strong>qui</strong></span> <span class='ocrx_word' id='word_1_194' title='bbox 2550 1366 2650 1420; x_wconf 86' lang='lat' dir='ltr'><strong>per</strong></span> <span class='ocrx_word' id='word_1_195' title='bbox 2679 1354 2925 1407; x_wconf 88' lang='lat' dir='ltr'><strong>diversas</strong></span> <span class='ocrx_word' id='word_1_196' title='bbox 2952 1350 3133 1406; x_wconf 86' lang='lat' dir='ltr'><strong>mundi</strong></span> <span class='ocrx_word' id='word_1_197' title='bbox 3175 1351 3394 1421; x_wconf 83' lang='lat' dir='ltr'><strong>provin-</strong></span> 
     </span>
    </p>
   </div>
   <div class='ocr_carea' id='block_1_28' title="bbox 1838 1438 3404 1510">
    <p class='ocr_par' dir='ltr' id='par_1_28' title="bbox 1838 1438 3404 1510">
     <span class='ocr_line' id='line_1_28' title="bbox 1838 1438 3404 1510; baseline 0.001 -16"><span class='ocrx_word' id='word_1_198' title='bbox 1838 1438 1950 1495; x_wconf 89' lang='lat' dir='ltr'><strong>cias</strong></span> <span class='ocrx_word' id='word_1_199' title='bbox 1981 1439 2365 1504; x_wconf 88' lang='lat' dir='ltr'><strong>discurrentes,</strong></span> <span class='ocrx_word' id='word_1_200' title='bbox 2399 1444 2633 1510; x_wconf 68' lang='lat' dir='ltr'><strong>prtedam</strong></span> <span class='ocrx_word' id='word_1_201' title='bbox 2661 1442 2927 1497; x_wconf 64' lang='lat' dir='ltr'><strong>saeviendo</strong></span> <span class='ocrx_word' id='word_1_202' title='bbox 2956 1453 3009 1498; x_wconf 92' lang='lat' dir='ltr'><strong>et</strong></span> <span class='ocrx_word' id='word_1_203' title='bbox 3034 1442 3404 1497; x_wconf 87' lang='lat' dir='ltr'><strong>interﬁciendo</strong></span> 
     </span>
    </p>
   </div>
   <div class='ocr_carea' id='block_1_29' title="bbox 1841 1530 3407 1602">
    <p class='ocr_par' dir='ltr' id='par_1_29' title="bbox 1841 1530 3407 1602">
     <span class='ocr_line' id='line_1_29' title="bbox 1841 1530 3407 1602; baseline -0.001 -18"><span class='ocrx_word' id='word_1_204' title='bbox 1841 1530 2142 1602; x_wconf 85' lang='lat' dir='ltr'><strong>rapiebant.</strong></span> <span class='ocrx_word' id='word_1_205' title='bbox 2185 1530 2283 1586; x_wconf 90' lang='lat' dir='ltr'><strong>llic</strong></span> <span class='ocrx_word' id='word_1_206' title='bbox 2330 1531 2543 1586; x_wconf 90' lang='lat' dir='ltr'><strong>leonum</strong></span> <span class='ocrx_word' id='word_1_207' title='bbox 2587 1530 2748 1586; x_wconf 90' lang='lat' dir='ltr'><strong>catuli</strong></span> <span class='ocrx_word' id='word_1_208' title='bbox 2801 1532 3142 1588; x_wconf 72' lang='lat' dir='ltr'><strong>inveniebant</strong></span> <span class='ocrx_word' id='word_1_209' title='bbox 3185 1544 3407 1601; x_wconf 88' lang='lat' dir='ltr'><strong>pascua,</strong></span> 
     </span>
    </p>
   </div>
   <div class='ocr_carea' id='block_1_30' title="bbox 1838 1618 3408 1691">
    <p class='ocr_par' dir='ltr' id='par_1_30' title="bbox 1838 1618 3408 1691">
     <span class='ocr_line' id='line_1_30' title="bbox 1838 1618 3408 1691; baseline -0.003 -14"><span class='ocrx_word' id='word_1_210' title='bbox 1838 1621 1963 1691; x_wconf 90' lang='lat' dir='ltr'><strong>quia</strong></span> <span class='ocrx_word' id='word_1_211' title='bbox 2000 1621 2175 1690; x_wconf 90' lang='lat' dir='ltr'><strong>pueri,</strong></span> <span class='ocrx_word' id='word_1_212' title='bbox 2199 1621 2581 1685; x_wconf 87' lang='lat' dir='ltr'><strong>adolescentes,</strong></span> <span class='ocrx_word' id='word_1_213' title='bbox 2598 1618 2827 1688; x_wconf 86' lang='lat' dir='ltr'><strong>juvenes</strong></span> <span class='ocrx_word' id='word_1_214' title='bbox 2849 1621 3136 1677; x_wconf 67' lang='lat' dir='ltr'><strong>smculares</strong></span> <span class='ocrx_word' id='word_1_215' title='bbox 3160 1628 3213 1676; x_wconf 89' lang='lat' dir='ltr'><strong>et</strong></span> <span class='ocrx_word' id='word_1_216' title='bbox 3237 1634 3408 1675; x_wconf 68' lang='lat' dir='ltr'><strong>smon-</strong></span> 
     </span>
    </p>
   </div>
   <div class='ocr_carea' id='block_1_31' title="bbox 1840 1708 3404 1779">
    <p class='ocr_par' dir='ltr' id='par_1_31' title="bbox 1840 1708 3404 1779">
     <span class='ocr_line' id='line_1_31' title="bbox 1840 1708 3404 1779; baseline -0.003 -14"><span class='ocrx_word' id='word_1_217' title='bbox 1840 1710 2030 1765; x_wconf 91' lang='lat' dir='ltr'><strong>larium</strong></span> <span class='ocrx_word' id='word_1_218' title='bbox 2055 1710 2169 1776; x_wconf 84' lang='lat' dir='ltr'><strong>lilii,</strong></span> <span class='ocrx_word' id='word_1_219' title='bbox 2194 1711 2283 1765; x_wconf 86' lang='lat' dir='ltr'><strong>hic</strong></span> <span class='ocrx_word' id='word_1_220' title='bbox 2311 1711 2542 1779; x_wconf 90' lang='lat' dir='ltr'><strong>undique</strong></span> <span class='ocrx_word' id='word_1_221' title='bbox 2570 1710 2978 1775; x_wconf 83' lang='lat' dir='ltr'><strong>concurrebant,</strong></span> <span class='ocrx_word' id='word_1_222' title='bbox 3001 1726 3123 1765; x_wconf 90' lang='lat' dir='ltr'><strong>cum</strong></span> <span class='ocrx_word' id='word_1_223' title='bbox 3142 1708 3404 1779; x_wconf 87' lang='lat' dir='ltr'><strong>prolicere</strong></span> 
     </span>
    </p>
   </div>
   <div class='ocr_carea' id='block_1_32' title="bbox 1840 1794 3400 1871">
    <p class='ocr_par' dir='ltr' id='par_1_32' title="bbox 1840 1794 3400 1871">
     <span class='ocr_line' id='line_1_32' title="bbox 1840 1794 3400 1871; baseline -0.004 -13"><span class='ocrx_word' id='word_1_224' title='bbox 1840 1804 1900 1859; x_wconf 86' lang='lat' dir='ltr'><strong>in</strong></span> <span class='ocrx_word' id='word_1_225' title='bbox 1925 1804 2027 1859; x_wconf 89' lang='lat' dir='ltr'><strong>hoc</strong></span> <span class='ocrx_word' id='word_1_226' title='bbox 2078 1803 2277 1857; x_wconf 90' lang='lat' dir='ltr'><strong>mundo</strong></span> <span class='ocrx_word' id='word_1_227' title='bbox 2314 1802 2622 1857; x_wconf 87' lang='lat' dir='ltr'><strong>voluissent.</strong></span> <span class='ocrx_word' id='word_1_228' title='bbox 2675 1801 2779 1856; x_wconf 89' lang='lat' dir='ltr'><strong>Sed</strong></span> <span class='ocrx_word' id='word_1_229' title='bbox 2825 1818 2950 1856; x_wconf 88' lang='lat' dir='ltr'><strong>ecce</strong></span> <span class='ocrx_word' id='word_1_230' title='bbox 2994 1802 3104 1871; x_wconf 85' lang='lat' dir='ltr'><strong>jam</strong></span> <span class='ocrx_word' id='word_1_231' title='bbox 3137 1794 3400 1867; x_wconf 82' lang='lat' dir='ltr'><strong>desolata,</strong></span> 
     </span>
    </p>
   </div>
   <div class='ocr_carea' id='block_1_33' title="bbox 162 1881 3407 1966">
    <p class='ocr_par' dir='ltr' id='par_1_33' title="bbox 162 1881 3407 1966">
     <span class='ocr_line' id='line_1_33' title="bbox 162 1881 3407 1966; baseline -0.001 -16"><span class='ocrx_word' id='word_1_232' title='bbox 162 1896 355 1950; x_wconf 86' lang='lat' dir='ltr'><strong>mundi</strong></span> <span class='ocrx_word' id='word_1_233' title='bbox 416 1897 627 1950; x_wconf 81' lang='lat' dir='ltr'><strong>domina</strong></span> <span class='ocrx_word' id='word_1_234' title='bbox 682 1911 800 1949; x_wconf 83' lang='lat' dir='ltr'><strong>esse</strong></span> <span class='ocrx_word' id='word_1_235' title='bbox 855 1897 1183 1961; x_wconf 87' lang='lat' dir='ltr'><strong>videbatur,</strong></span> <span class='ocrx_word' id='word_1_236' title='bbox 1240 1895 1413 1964; x_wconf 85' lang='lat' dir='ltr'><strong>qualis</strong></span> <span class='ocrx_word' id='word_1_237' title='bbox 1478 1895 1737 1949; x_wconf 88' lang='lat' dir='ltr'><strong>remansit</strong></span> <span class='ocrx_word' id='word_1_238' title='bbox 1770 1881 1965 1951; x_wconf 73' lang='lat' dir='ltr'><strong>Becce</strong></span> <span class='ocrx_word' id='word_1_239' title='bbox 2014 1896 2265 1960; x_wconf 81' lang='lat' dir='ltr'><strong>contrita,</strong></span> <span class='ocrx_word' id='word_1_240' title='bbox 2311 1909 2438 1949; x_wconf 88' lang='lat' dir='ltr'><strong>ecce</strong></span> <span class='ocrx_word' id='word_1_241' title='bbox 2495 1894 2779 1966; x_wconf 83' lang='lat' dir='ltr'><strong>gemitibus</strong></span> <span class='ocrx_word' id='word_1_242' title='bbox 2840 1908 3095 1965; x_wconf 89' lang='lat' dir='ltr'><strong>oppressa</strong></span> <span class='ocrx_word' id='word_1_243' title='bbox 3140 1905 3249 1959; x_wconf 81' lang='lat' dir='ltr'><strong>eSt;</strong></span> <span class='ocrx_word' id='word_1_244' title='bbox 3293 1893 3407 1965; x_wconf 88' lang='lat' dir='ltr'><strong>jam</strong></span> 
     </span>
    </p>
   </div>
   <div class='ocr_carea' id='block_1_34' title="bbox 160 1983 1740 2055">
    <p class='ocr_par' dir='ltr' id='par_1_34' title="bbox 160 1983 1740 2055">
     <span class='ocr_line' id='line_1_34' title="bbox 160 1983 1740 2055; baseline -0.001 -17"><span class='ocrx_word' id='word_1_245' title='bbox 160 1986 335 2039; x_wconf 81' lang='lat' dir='ltr'><strong>Rom:</strong></span> <span class='ocrx_word' id='word_1_246' title='bbox 364 1984 709 2053; x_wconf 77' lang='lat' dir='ltr'><strong>conspicitis?</strong></span> <span class='ocrx_word' id='word_1_247' title='bbox 747 1984 1028 2040; x_wconf 87' lang='lat' dir='ltr'><strong>lmmcnsis</strong></span> <span class='ocrx_word' id='word_1_248' title='bbox 1058 1984 1329 2040; x_wconf 87' lang='lat' dir='ltr'><strong>doloribus</strong></span> <span class='ocrx_word' id='word_1_249' title='bbox 1376 1983 1740 2055; x_wconf 86' lang='lat' dir='ltr'><strong>multipliciter</strong></span> 
     </span>
    </p>
   </div>
   <div class='ocr_carea' id='block_1_35' title="bbox 1839 1984 3405 2055">
    <p class='ocr_par' dir='ltr' id='par_1_35' title="bbox 1839 1984 3405 2055">
     <span class='ocr_line' id='line_1_35' title="bbox 1839 1984 3405 2055; baseline -0.003 -12"><span class='ocrx_word' id='word_1_250' title='bbox 1839 2002 2000 2043; x_wconf 87' lang='lat' dir='ltr'><strong>nemo</strong></span> <span class='ocrx_word' id='word_1_251' title='bbox 2026 1988 2094 2041; x_wconf 92' lang='lat' dir='ltr'><strong>ad</strong></span> <span class='ocrx_word' id='word_1_252' title='bbox 2129 2001 2248 2041; x_wconf 89' lang='lat' dir='ltr'><strong>eam</strong></span> <span class='ocrx_word' id='word_1_253' title='bbox 2293 1986 2483 2052; x_wconf 90' lang='lat' dir='ltr'><strong>currit,</strong></span> <span class='ocrx_word' id='word_1_254' title='bbox 2534 1994 2591 2041; x_wconf 91' lang='lat' dir='ltr'><strong>ut</strong></span> <span class='ocrx_word' id='word_1_255' title='bbox 2634 1984 2688 2040; x_wconf 87' lang='lat' dir='ltr'><strong>in</strong></span> <span class='ocrx_word' id='word_1_256' title='bbox 2726 1986 2828 2040; x_wconf 81' lang='lat' dir='ltr'><strong>hoc</strong></span> <span class='ocrx_word' id='word_1_257' title='bbox 2878 1986 3077 2040; x_wconf 89' lang='lat' dir='ltr'><strong>mundo</strong></span> <span class='ocrx_word' id='word_1_258' title='bbox 3128 1984 3405 2055; x_wconf 87' lang='lat' dir='ltr'><strong>proﬁciat;</strong></span> 
     </span>
    </p>
   </div>
   <div class='ocr_carea' id='block_1_36' title="bbox 158 2073 3403 2147">
    <p class='ocr_par' dir='ltr' id='par_1_36' title="bbox 158 2073 3403 2147">
     <span class='ocr_line' id='line_1_36' title="bbox 158 2073 3403 2147; baseline -0.001 -18"><span class='ocrx_word' id='word_1_259' title='bbox 158 2076 375 2140; x_wconf 87' lang='lat' dir='ltr'><strong>attrita,</strong></span> <span class='ocrx_word' id='word_1_260' title='bbox 417 2077 747 2131; x_wconf 53' lang='lat' dir='ltr'><strong>desolationc</strong></span> <span class='ocrx_word' id='word_1_261' title='bbox 795 2076 1014 2138; x_wconf 85' lang='lat' dir='ltr'><strong>civium,</strong></span> <span class='ocrx_word' id='word_1_262' title='bbox 1083 2075 1736 2145; x_wconf 85' lang='lat' dir='ltr'><strong>impressionehostium,</strong></span> <span class='ocrx_word' id='word_1_263' title='bbox 1830 2075 1942 2145; x_wconf 85' lang='lat' dir='ltr'><strong>jam</strong></span> <span class='ocrx_word' id='word_1_264' title='bbox 1971 2077 2147 2132; x_wconf 88' lang='lat' dir='ltr'><strong>nullus</strong></span> <span class='ocrx_word' id='word_1_265' title='bbox 2169 2084 2361 2147; x_wconf 90' lang='lat' dir='ltr'><strong>potens</strong></span> <span class='ocrx_word' id='word_1_266' title='bbox 2403 2084 2457 2131; x_wconf 91' lang='lat' dir='ltr'><strong>et</strong></span> <span class='ocrx_word' id='word_1_267' title='bbox 2496 2076 2762 2131; x_wconf 91' lang='lat' dir='ltr'><strong>violentus</strong></span> <span class='ocrx_word' id='word_1_268' title='bbox 2788 2074 3068 2139; x_wconf 89' lang='lat' dir='ltr'><strong>remansit,</strong></span> <span class='ocrx_word' id='word_1_269' title='bbox 3100 2074 3190 2143; x_wconf 91' lang='lat' dir='ltr'><strong>qui</strong></span> <span class='ocrx_word' id='word_1_270' title='bbox 3220 2073 3403 2143; x_wconf 85' lang='lat' dir='ltr'><strong>oppri-</strong></span> 
     </span>
    </p>
   </div>
   <div class='ocr_carea' id='block_1_37' title="bbox 160 2164 1740 2239">
    <p class='ocr_par' dir='ltr' id='par_1_37' title="bbox 160 2164 1740 2239">
     <span class='ocr_line' id='line_1_37' title="bbox 160 2164 1740 2239; baseline 0.001 -20"><span class='ocrx_word' id='word_1_271' title='bbox 160 2164 473 2234; x_wconf 82' lang='lat' dir='ltr'><strong>frequentia</strong></span> <span class='ocrx_word' id='word_1_272' title='bbox 517 2167 825 2231; x_wconf 89' lang='lat' dir='ltr'><strong>ruinarum;</strong></span> <span class='ocrx_word' id='word_1_273' title='bbox 884 2166 955 2221; x_wconf 90' lang='lat' dir='ltr'><strong>ita</strong></span> <span class='ocrx_word' id='word_1_274' title='bbox 985 2173 1044 2219; x_wconf 91' lang='lat' dir='ltr'><strong>ut</strong></span> <span class='ocrx_word' id='word_1_275' title='bbox 1069 2166 1123 2239; x_wconf 84' lang='lat' dir='ltr'><strong>in</strong></span> <span class='ocrx_word' id='word_1_276' title='bbox 1151 2181 1213 2220; x_wconf 87' lang='lat' dir='ltr'><strong>ea</strong></span> <span class='ocrx_word' id='word_1_277' title='bbox 1267 2165 1587 2235; x_wconf 91' lang='lat' dir='ltr'><strong>completum</strong></span> <span class='ocrx_word' id='word_1_278' title='bbox 1620 2179 1740 2221; x_wconf 88' lang='lat' dir='ltr'><strong>esse</strong></span> 
     </span>
    </p>
   </div>
   <div class='ocr_carea' id='block_1_38' title="bbox 157 2255 1741 2327">
    <p class='ocr_par' dir='ltr' id='par_1_38' title="bbox 157 2255 1741 2327">
     <span class='ocr_line' id='line_1_38' title="bbox 157 2255 1741 2327; baseline -0.002 -14"><span class='ocrx_word' id='word_1_279' title='bbox 157 2259 444 2313; x_wconf 77' lang='lat' dir='ltr'><strong>videamus</strong></span> <span class='ocrx_word' id='word_1_280' title='bbox 484 2256 623 2327; x_wconf 88' lang='lat' dir='ltr'><strong>quod</strong></span> <span class='ocrx_word' id='word_1_281' title='bbox 674 2265 860 2312; x_wconf 91' lang='lat' dir='ltr'><strong>contra</strong></span> <span class='ocrx_word' id='word_1_282' title='bbox 892 2258 1079 2312; x_wconf 85' lang='lat' dir='ltr'><strong>urbem</strong></span> <span class='ocrx_word' id='word_1_283' title='bbox 1136 2255 1435 2311; x_wconf 87' lang='lat' dir='ltr'><strong>Samariam</strong></span> <span class='ocrx_word' id='word_1_284' title='bbox 1461 2269 1556 2326; x_wconf 89' lang='lat' dir='ltr'><strong>per</strong></span> <span class='ocrx_word' id='word_1_285' title='bbox 1597 2255 1741 2311; x_wconf 88' lang='lat' dir='ltr'><strong>hunc</strong></span> 
     </span>
    </p>
   </div>
   <div class='ocr_carea' id='block_1_39' title="bbox 160 2346 1738 2417">
    <p class='ocr_par' dir='ltr' id='par_1_39' title="bbox 160 2346 1738 2417">
     <span class='ocr_line' id='line_1_39' title="bbox 160 2346 1738 2417; baseline -0.001 -15"><span class='ocrx_word' id='word_1_286' title='bbox 160 2348 417 2402; x_wconf 82' lang='lat' dir='ltr'><strong>eumdem</strong></span> <span class='ocrx_word' id='word_1_287' title='bbox 448 2349 761 2417; x_wconf 86' lang='lat' dir='ltr'><strong>prophetam</strong></span> <span class='ocrx_word' id='word_1_288' title='bbox 806 2348 1042 2407; x_wconf 89' lang='lat' dir='ltr'><strong>dicitur:</strong></span> <span class='ocrx_word' id='word_1_289' title='bbox 1094 2365 1112 2399; x_wconf 75' lang='grc' dir='ltr'><strong><em>ι</em></strong></span> <span class='ocrx_word' id='word_1_290' title='bbox 1149 2346 1295 2403; x_wconf 89' lang='lat' dir='ltr'><strong>Pone</strong></span> <span class='ocrx_word' id='word_1_291' title='bbox 1337 2346 1521 2413; x_wconf 88' lang='lat' dir='ltr'><strong>ollam,</strong></span> <span class='ocrx_word' id='word_1_292' title='bbox 1561 2362 1700 2416; x_wconf 90' lang='lat' dir='ltr'><strong>pone</strong></span> <span class='ocrx_word' id='word_1_293' title='bbox 1723 2385 1738 2411; x_wconf 89' lang='lat'><strong>,</strong></span> 
     </span>
    </p>
   </div>
   <div class='ocr_carea' id='block_1_40' title="bbox 162 2435 1712 2507">
    <p class='ocr_par' dir='ltr' id='par_1_40' title="bbox 162 2435 1712 2507">
     <span class='ocr_line' id='line_1_40' title="bbox 162 2435 1712 2507; baseline -0.003 -14"><span class='ocrx_word' id='word_1_294' title='bbox 162 2439 407 2507; x_wconf 88' lang='lat' dir='ltr'><strong>inquam,</strong></span> <span class='ocrx_word' id='word_1_295' title='bbox 440 2448 493 2492; x_wconf 92' lang='lat' dir='ltr'><strong>et</strong></span> <span class='ocrx_word' id='word_1_296' title='bbox 545 2438 698 2493; x_wconf 90' lang='lat' dir='ltr'><strong>mitte</strong></span> <span class='ocrx_word' id='word_1_297' title='bbox 722 2437 776 2492; x_wconf 87' lang='lat' dir='ltr'><strong>in</strong></span> <span class='ocrx_word' id='word_1_298' title='bbox 816 2453 879 2494; x_wconf 90' lang='lat' dir='ltr'><strong>ea</strong></span> <span class='ocrx_word' id='word_1_299' title='bbox 910 2453 1128 2507; x_wconf 89' lang='lat' dir='ltr'><strong>aquam,</strong></span> <span class='ocrx_word' id='word_1_300' title='bbox 1167 2446 1222 2492; x_wconf 91' lang='lat' dir='ltr'><strong>et</strong></span> <span class='ocrx_word' id='word_1_301' title='bbox 1273 2452 1502 2507; x_wconf 81' lang='lat' dir='ltr'><strong>congere</strong></span> <span class='ocrx_word' id='word_1_302' title='bbox 1542 2435 1712 2491; x_wconf 90' lang='lat' dir='ltr'><strong>frusta</strong></span> 
     </span>
    </p>
   </div>
   <div class='ocr_carea' id='block_1_41' title="bbox 162 2527 1740 2599">
    <p class='ocr_par' dir='ltr' id='par_1_41' title="bbox 162 2527 1740 2599">
     <span class='ocr_line' id='line_1_41' title="bbox 162 2527 1740 2599; baseline 0.004 -17"><span class='ocrx_word' id='word_1_303' title='bbox 162 2529 286 2599; x_wconf 86' lang='lat' dir='ltr'><strong>ejus</strong></span> <span class='ocrx_word' id='word_1_304' title='bbox 326 2530 377 2582; x_wconf 91' lang='lat' dir='ltr'><strong>in</strong></span> <span class='ocrx_word' id='word_1_305' title='bbox 406 2544 490 2583; x_wconf 88' lang='lat' dir='ltr'><strong>ea.</strong></span> <span class='ocrx_word' id='word_1_306' title='bbox 523 2547 541 2579; x_wconf 73' lang='grc' dir='ltr'><strong><em>ι</em></strong></span> <span class='ocrx_word' id='word_1_307' title='bbox 573 2529 639 2582; x_wconf 83' lang='grc' dir='ltr'><strong>Ει</strong></span> <span class='ocrx_word' id='word_1_308' title='bbox 670 2528 829 2598; x_wconf 88' lang='lat' dir='ltr'><strong>paulo</strong></span> <span class='ocrx_word' id='word_1_309' title='bbox 863 2538 985 2598; x_wconf 89' lang='lat' dir='ltr'><strong>post</strong></span> <span class='ocrx_word' id='word_1_310' title='bbox 1014 2547 1026 2580; x_wconf 91' lang='lat'><strong>:</strong></span> <span class='ocrx_word' id='word_1_311' title='bbox 1057 2547 1074 2579; x_wconf 73' lang='grc' dir='ltr'><strong><em>ι</em></strong></span> <span class='ocrx_word' id='word_1_312' title='bbox 1107 2527 1366 2583; x_wconf 84' lang='lat' dir='ltr'><strong>Efferbuit</strong></span> <span class='ocrx_word' id='word_1_313' title='bbox 1402 2529 1577 2584; x_wconf 90' lang='lat' dir='ltr'><strong>coctio</strong></span> <span class='ocrx_word' id='word_1_314' title='bbox 1602 2527 1740 2596; x_wconf 75' lang='lat' dir='ltr'><strong>ejus.</strong></span> 
     </span>
    </p>
   </div>
   <div class='ocr_carea' id='block_1_42' title="bbox 163 2618 1743 2689">
    <p class='ocr_par' dir='ltr' id='par_1_42' title="bbox 163 2618 1743 2689">
     <span class='ocr_line' id='line_1_42' title="bbox 163 2618 1743 2689; baseline 0 -15"><span class='ocrx_word' id='word_1_315' title='bbox 163 2628 224 2674; x_wconf 90' lang='lat' dir='ltr'><strong>et</strong></span> <span class='ocrx_word' id='word_1_316' title='bbox 250 2620 486 2674; x_wconf 88' lang='lat' dir='ltr'><strong>discocta</strong></span> <span class='ocrx_word' id='word_1_317' title='bbox 534 2629 661 2674; x_wconf 91' lang='lat' dir='ltr'><strong>sunt</strong></span> <span class='ocrx_word' id='word_1_318' title='bbox 699 2636 821 2674; x_wconf 89' lang='lat' dir='ltr'><strong>ossa</strong></span> <span class='ocrx_word' id='word_1_319' title='bbox 864 2620 1005 2675; x_wconf 89' lang='lat' dir='ltr'><strong>illius</strong></span> <span class='ocrx_word' id='word_1_320' title='bbox 1042 2620 1095 2674; x_wconf 91' lang='lat' dir='ltr'><strong>in</strong></span> <span class='ocrx_word' id='word_1_321' title='bbox 1130 2619 1306 2675; x_wconf 92' lang='lat' dir='ltr'><strong>medio</strong></span> <span class='ocrx_word' id='word_1_322' title='bbox 1348 2618 1482 2689; x_wconf 85' lang='lat' dir='ltr'><strong>ejus.</strong></span> <span class='ocrx_word' id='word_1_323' title='bbox 1520 2639 1538 2672; x_wconf 70' lang='grc' dir='ltr'><strong><em>ι</em></strong></span> <span class='ocrx_word' id='word_1_324' title='bbox 1568 2619 1743 2689; x_wconf 85' lang='lat' dir='ltr'><strong>Atque</strong></span> 
     </span>
    </p>
   </div>
   <div class='ocr_carea' id='block_1_43' title="bbox 161 2709 1739 2781">
    <p class='ocr_par' dir='ltr' id='par_1_43' title="bbox 161 2709 1739 2781">
     <span class='ocr_line' id='line_1_43' title="bbox 161 2709 1739 2781; baseline -0.001 -16"><span class='ocrx_word' id='word_1_325' title='bbox 161 2712 364 2765; x_wconf 88' lang='lat' dir='ltr'><strong>iterum</strong></span> <span class='ocrx_word' id='word_1_326' title='bbox 396 2726 409 2763; x_wconf 90' lang='lat'>:</span> <span class='ocrx_word' id='word_1_327' title='bbox 450 2730 466 2761; x_wconf 86' lang='grc'><strong>‹</strong></span> <span class='ocrx_word' id='word_1_328' title='bbox 502 2709 741 2781; x_wconf 88' lang='lat' dir='ltr'><strong>Congere</strong></span> <span class='ocrx_word' id='word_1_329' title='bbox 780 2726 899 2766; x_wconf 91' lang='lat' dir='ltr'><strong>ossa</strong></span> <span class='ocrx_word' id='word_1_330' title='bbox 933 2727 1052 2781; x_wconf 84' lang='lat' dir='ltr'><strong>quae</strong></span> <span class='ocrx_word' id='word_1_331' title='bbox 1084 2711 1191 2781; x_wconf 88' lang='lat' dir='ltr'><strong>igni</strong></span> <span class='ocrx_word' id='word_1_332' title='bbox 1231 2711 1577 2774; x_wconf 87' lang='lat' dir='ltr'><strong>succendam,</strong></span> <span class='ocrx_word' id='word_1_333' title='bbox 1609 2726 1739 2765; x_wconf 89' lang='lat' dir='ltr'><strong>con-</strong></span> 
     </span>
    </p>
   </div>
   <div class='ocr_carea' id='block_1_44' title="bbox 160 2801 1737 2873">
    <p class='ocr_par' dir='ltr' id='par_1_44' title="bbox 160 2801 1737 2873">
     <span class='ocr_line' id='line_1_44' title="bbox 160 2801 1737 2873; baseline -0.002 -15"><span class='ocrx_word' id='word_1_334' title='bbox 160 2811 448 2858; x_wconf 83' lang='lat' dir='ltr'><strong>sumentur</strong></span> <span class='ocrx_word' id='word_1_335' title='bbox 478 2818 692 2866; x_wconf 88' lang='lat' dir='ltr'><strong>carnes,</strong></span> <span class='ocrx_word' id='word_1_336' title='bbox 730 2810 786 2857; x_wconf 90' lang='lat' dir='ltr'><strong>et</strong></span> <span class='ocrx_word' id='word_1_337' title='bbox 814 2812 1073 2873; x_wconf 87' lang='lat' dir='ltr'><strong>coquetur</strong></span> <span class='ocrx_word' id='word_1_338' title='bbox 1108 2802 1360 2861; x_wconf 88' lang='lat' dir='ltr'><strong>universa</strong></span> <span class='ocrx_word' id='word_1_339' title='bbox 1392 2801 1737 2871; x_wconf 89' lang='lat' dir='ltr'><strong>compositio,</strong></span> 
     </span>
    </p>
   </div>
   <div class='ocr_carea' id='block_1_45' title="bbox 161 2890 1744 2961">
    <p class='ocr_par' dir='ltr' id='par_1_45' title="bbox 161 2890 1744 2961">
     <span class='ocr_line' id='line_1_45' title="bbox 161 2890 1744 2961; baseline -0.001 -16"><span class='ocrx_word' id='word_1_340' title='bbox 161 2899 221 2945; x_wconf 85' lang='lat' dir='ltr'><strong>et</strong></span> <span class='ocrx_word' id='word_1_341' title='bbox 241 2905 363 2944; x_wconf 87' lang='lat' dir='ltr'><strong>ossa</strong></span> <span class='ocrx_word' id='word_1_342' title='bbox 392 2890 683 2944; x_wconf 78' lang='lat' dir='ltr'><strong>tabesceut.</strong></span> <span class='ocrx_word' id='word_1_343' title='bbox 712 2890 858 2944; x_wconf 88' lang='lat' dir='ltr'><strong>Pone</strong></span> <span class='ocrx_word' id='word_1_344' title='bbox 880 2906 1091 2961; x_wconf 86' lang='lat' dir='ltr'><strong>quoque</strong></span> <span class='ocrx_word' id='word_1_345' title='bbox 1119 2906 1236 2944; x_wconf 88' lang='lat' dir='ltr'><strong>cam</strong></span> <span class='ocrx_word' id='word_1_346' title='bbox 1261 2906 1419 2960; x_wconf 90' lang='lat' dir='ltr'><strong>super</strong></span> <span class='ocrx_word' id='word_1_347' title='bbox 1436 2906 1634 2960; x_wconf 91' lang='lat' dir='ltr'><strong>prunas</strong></span> <span class='ocrx_word' id='word_1_348' title='bbox 1651 2905 1744 2943; x_wconf 88' lang='lat' dir='ltr'><strong>va-</strong></span> 
     </span>
    </p>
   </div>
   <div class='ocr_carea' id='block_1_46' title="bbox 163 2982 1743 3053">
    <p class='ocr_par' dir='ltr' id='par_1_46' title="bbox 163 2982 1743 3053">
     <span class='ocr_line' id='line_1_46' title="bbox 163 2982 1743 3053; baseline -0.002 -15"><span class='ocrx_word' id='word_1_349' title='bbox 163 2998 347 3044; x_wconf 87' lang='lat' dir='ltr'><strong>cuam,</strong></span> <span class='ocrx_word' id='word_1_350' title='bbox 380 2990 436 3035; x_wconf 87' lang='lat' dir='ltr'><strong>ut</strong></span> <span class='ocrx_word' id='word_1_351' title='bbox 468 2982 757 3037; x_wconf 86' lang='lat' dir='ltr'><strong>incalescat</strong></span> <span class='ocrx_word' id='word_1_352' title='bbox 781 2996 833 3038; x_wconf 88' lang='lat' dir='ltr'><strong>et</strong></span> <span class='ocrx_word' id='word_1_353' title='bbox 860 2982 1099 3053; x_wconf 87' lang='lat' dir='ltr'><strong>liqueﬁat</strong></span> <span class='ocrx_word' id='word_1_354' title='bbox 1133 3000 1207 3038; x_wconf 72' lang='lat' dir='ltr'><strong>ms</strong></span> <span class='ocrx_word' id='word_1_355' title='bbox 1230 2982 1367 3050; x_wconf 83' lang='lat' dir='ltr'><strong>ejus.</strong></span> <span class='ocrx_word' id='word_1_356' title='bbox 1392 3002 1410 3033; x_wconf 73' lang='grc' dir='ltr'><strong><em>ι</em></strong></span> <span class='ocrx_word' id='word_1_357' title='bbox 1430 2982 1579 3038; x_wconf 87' lang='lat' dir='ltr'><strong>Tunc</strong></span> <span class='ocrx_word' id='word_1_358' title='bbox 1600 2983 1743 3037; x_wconf 89' lang='lat' dir='ltr'><strong>enim</strong></span> 
     </span>
    </p>
   </div>
   <div class='ocr_carea' id='block_1_47' title="bbox 164 3073 1739 3143">
    <p class='ocr_par' dir='ltr' id='par_1_47' title="bbox 164 3073 1739 3143">
     <span class='ocr_line' id='line_1_47' title="bbox 164 3073 1739 3143; baseline -0.002 -15"><span class='ocrx_word' id='word_1_359' title='bbox 164 3074 325 3128; x_wconf 89' lang='lat' dir='ltr'><strong>nobis</strong></span> <span class='ocrx_word' id='word_1_360' title='bbox 350 3073 451 3126; x_wconf 88' lang='lat' dir='ltr'><strong>olla</strong></span> <span class='ocrx_word' id='word_1_361' title='bbox 482 3074 651 3143; x_wconf 82' lang='lat' dir='ltr'><strong>posita</strong></span> <span class='ocrx_word' id='word_1_362' title='bbox 680 3083 784 3138; x_wconf 86' lang='lat' dir='ltr'><strong>est,</strong></span> <span class='ocrx_word' id='word_1_363' title='bbox 820 3089 939 3127; x_wconf 88' lang='lat' dir='ltr'><strong>cum</strong></span> <span class='ocrx_word' id='word_1_364' title='bbox 968 3075 1083 3127; x_wconf 77' lang='lat' dir='ltr'><strong>lucc</strong></span> <span class='ocrx_word' id='word_1_365' title='bbox 1105 3082 1188 3127; x_wconf 91' lang='lat' dir='ltr'><strong>est</strong></span> <span class='ocrx_word' id='word_1_366' title='bbox 1215 3073 1406 3127; x_wconf 82' lang='lat' dir='ltr'><strong>civitas</strong></span> <span class='ocrx_word' id='word_1_367' title='bbox 1431 3073 1739 3137; x_wconf 90' lang='lat' dir='ltr'><strong>constituta,</strong></span> 
     </span>
    </p>
   </div>
   <div class='ocr_carea' id='block_1_48' title="bbox 168 3162 1742 3234">
    <p class='ocr_par' dir='ltr' id='par_1_48' title="bbox 168 3162 1742 3234">
     <span class='ocr_line' id='line_1_48' title="bbox 168 3162 1742 3234; baseline -0.001 -16"><span class='ocrx_word' id='word_1_368' title='bbox 168 3176 297 3218; x_wconf 82' lang='lat' dir='ltr'><strong>tunc</strong></span> <span class='ocrx_word' id='word_1_369' title='bbox 326 3165 377 3218; x_wconf 91' lang='lat' dir='ltr'><strong>in</strong></span> <span class='ocrx_word' id='word_1_370' title='bbox 409 3179 527 3217; x_wconf 90' lang='lat' dir='ltr'><strong>eam</strong></span> <span class='ocrx_word' id='word_1_371' title='bbox 558 3180 693 3234; x_wconf 85' lang='lat' dir='ltr'><strong>aqua</strong></span> <span class='ocrx_word' id='word_1_372' title='bbox 734 3165 895 3217; x_wconf 86' lang='lat' dir='ltr'><strong>missa</strong></span> <span class='ocrx_word' id='word_1_373' title='bbox 933 3173 1031 3229; x_wconf 87' lang='lat' dir='ltr'><strong>est,</strong></span> <span class='ocrx_word' id='word_1_374' title='bbox 1066 3172 1120 3217; x_wconf 91' lang='lat' dir='ltr'><strong>et</strong></span> <span class='ocrx_word' id='word_1_375' title='bbox 1146 3162 1313 3217; x_wconf 82' lang='lat' dir='ltr'><strong>frusta</strong></span> <span class='ocrx_word' id='word_1_376' title='bbox 1342 3163 1458 3233; x_wconf 89' lang='lat' dir='ltr'><strong>ejus</strong></span> <span class='ocrx_word' id='word_1_377' title='bbox 1489 3170 1742 3233; x_wconf 86' lang='lat' dir='ltr'><strong>congesta</strong></span> 
     </span>
    </p>
   </div>
   <div class='ocr_carea' id='block_1_49' title="bbox 165 3231 1814 3324">
    <p class='ocr_par' dir='ltr' id='par_1_49' title="bbox 165 3231 1814 3324">
     <span class='ocr_line' id='line_1_49' title="bbox 165 3231 1814 3324; baseline 0 -17"><span class='ocrx_word' id='word_1_378' title='bbox 165 3262 313 3317; x_wconf 87' lang='lat' dir='ltr'><strong>sunt,</strong></span> <span class='ocrx_word' id='word_1_379' title='bbox 340 3253 553 3323; x_wconf 87' lang='lat' dir='ltr'><strong>quando</strong></span> <span class='ocrx_word' id='word_1_380' title='bbox 589 3231 652 3307; x_wconf 80' lang='lat' dir='ltr'><strong>ad</strong></span> <span class='ocrx_word' id='word_1_381' title='bbox 676 3270 795 3307; x_wconf 82' lang='lat' dir='ltr'><strong>cant</strong></span> <span class='ocrx_word' id='word_1_382' title='bbox 825 3254 1058 3323; x_wconf 90' lang='lat' dir='ltr'><strong>undique</strong></span> <span class='ocrx_word' id='word_1_383' title='bbox 1087 3254 1264 3324; x_wconf 88' lang='lat' dir='ltr'><strong>populi</strong></span> <span class='ocrx_word' id='word_1_384' title='bbox 1289 3231 1615 3315; x_wconf 64' lang='lat' dir='ltr'><strong>defluebant,</strong></span> <span class='ocrx_word' id='word_1_385' title='bbox 1649 3253 1739 3322; x_wconf 91' lang='lat' dir='ltr'><strong>qui</strong></span> <span class='ocrx_word' id='word_1_386' title='bbox 1770 3231 1814 3293; x_wconf 65' lang='grc' dir='ltr'>ο</span> 
     </span>
    </p>
   </div>
   <div class='ocr_carea' id='block_1_50' title="bbox 164 3343 1738 3412">
    <p class='ocr_par' dir='ltr' id='par_1_50' title="bbox 164 3343 1738 3412">
     <span class='ocr_line' id='line_1_50' title="bbox 164 3343 1738 3412; baseline 0.003 -17"><span class='ocrx_word' id='word_1_387' title='bbox 164 3344 315 3399; x_wconf 81' lang='lat' dir='ltr'><strong>velut</strong></span> <span class='ocrx_word' id='word_1_388' title='bbox 366 3360 504 3412; x_wconf 86' lang='lat' dir='ltr'><strong>aqua</strong></span> <span class='ocrx_word' id='word_1_389' title='bbox 557 3344 739 3398; x_wconf 80' lang='lat' dir='ltr'><strong>calens</strong></span> <span class='ocrx_word' id='word_1_390' title='bbox 762 3345 1064 3399; x_wconf 88' lang='lat' dir='ltr'><strong>actionibus</strong></span> <span class='ocrx_word' id='word_1_391' title='bbox 1114 3344 1297 3400; x_wconf 87' lang='lat' dir='ltr'><strong>mundi</strong></span> <span class='ocrx_word' id='word_1_392' title='bbox 1344 3343 1738 3409; x_wconf 87' lang='lat' dir='ltr'><strong>fervescerent,</strong></span> 
     </span>
    </p>
   </div>
   <div class='ocr_carea' id='block_1_51' title="bbox 163 3435 1742 3509">
    <p class='ocr_par' dir='ltr' id='par_1_51' title="bbox 163 3435 1742 3509">
     <span class='ocr_line' id='line_1_51' title="bbox 163 3435 1742 3509; baseline -0.002 -17"><span class='ocrx_word' id='word_1_393' title='bbox 163 3447 221 3492; x_wconf 87' lang='lat' dir='ltr'><strong>et</strong></span> <span class='ocrx_word' id='word_1_394' title='bbox 249 3437 403 3504; x_wconf 88' lang='lat' dir='ltr'><strong>quasi</strong></span> <span class='ocrx_word' id='word_1_395' title='bbox 434 3436 605 3489; x_wconf 85' lang='lat' dir='ltr'><strong>frusta</strong></span> <span class='ocrx_word' id='word_1_396' title='bbox 660 3437 921 3500; x_wconf 87' lang='lat' dir='ltr'><strong>carnium,</strong></span> <span class='ocrx_word' id='word_1_397' title='bbox 956 3437 1006 3490; x_wconf 92' lang='lat' dir='ltr'><strong>in</strong></span> <span class='ocrx_word' id='word_1_398' title='bbox 1050 3437 1163 3506; x_wconf 85' lang='lat' dir='ltr'><strong>ipso</strong></span> <span class='ocrx_word' id='word_1_399' title='bbox 1188 3451 1284 3491; x_wconf 92' lang='lat' dir='ltr'><strong>suo</strong></span> <span class='ocrx_word' id='word_1_400' title='bbox 1330 3435 1539 3491; x_wconf 83' lang='lat' dir='ltr'><strong>fervore</strong></span> <span class='ocrx_word' id='word_1_401' title='bbox 1567 3437 1742 3509; x_wconf 86' lang='lat' dir='ltr'><strong>liqua-</strong></span> 
     </span>
    </p>
   </div>
   <div class='ocr_carea' id='block_1_52' title="bbox 166 3512 1742 3594">
    <p class='ocr_par' dir='ltr' id='par_1_52' title="bbox 166 3512 1742 3594">
     <span class='ocr_line' id='line_1_52' title="bbox 166 3512 1742 3594; baseline 0.003 -17"><span class='ocrx_word' id='word_1_402' title='bbox 166 3536 378 3589; x_wconf 85' lang='lat' dir='ltr'><strong>rentur,</strong></span> <span class='ocrx_word' id='word_1_403' title='bbox 410 3512 478 3578; x_wconf 85' lang='lat' dir='ltr'><strong>de</strong></span> <span class='ocrx_word' id='word_1_404' title='bbox 504 3542 606 3593; x_wconf 84' lang='lat' dir='ltr'><strong>qua</strong></span> <span class='ocrx_word' id='word_1_405' title='bbox 637 3526 772 3580; x_wconf 88' lang='lat' dir='ltr'><strong>bene</strong></span> <span class='ocrx_word' id='word_1_406' title='bbox 795 3526 1010 3590; x_wconf 85' lang='lat' dir='ltr'><strong>dicitur,</strong></span> <span class='ocrx_word' id='word_1_407' title='bbox 1055 3546 1071 3576; x_wconf 69' lang='grc' dir='ltr'><strong><em>ι</em></strong></span> <span class='ocrx_word' id='word_1_408' title='bbox 1113 3525 1360 3581; x_wconf 68' lang='lat' dir='ltr'><strong>elferbuit</strong></span> <span class='ocrx_word' id='word_1_409' title='bbox 1390 3527 1563 3582; x_wconf 92' lang='lat' dir='ltr'><strong>coctio</strong></span> <span class='ocrx_word' id='word_1_410' title='bbox 1604 3526 1742 3594; x_wconf 80' lang='lat' dir='ltr'><strong>ejus,</strong></span> 
     </span>
    </p>
   </div>
   <div class='ocr_carea' id='block_1_53' title="bbox 166 3615 1743 3688">
    <p class='ocr_par' dir='ltr' id='par_1_53' title="bbox 166 3615 1743 3688">
     <span class='ocr_line' id='line_1_53' title="bbox 166 3615 1743 3688; baseline 0.002 -19"><span class='ocrx_word' id='word_1_411' title='bbox 166 3624 226 3669; x_wconf 92' lang='lat' dir='ltr'><strong>et</strong></span> <span class='ocrx_word' id='word_1_412' title='bbox 268 3616 505 3669; x_wconf 85' lang='lat' dir='ltr'><strong>discocta</strong></span> <span class='ocrx_word' id='word_1_413' title='bbox 558 3624 683 3669; x_wconf 92' lang='lat' dir='ltr'><strong>sunt</strong></span> <span class='ocrx_word' id='word_1_414' title='bbox 729 3631 852 3670; x_wconf 91' lang='lat' dir='ltr'><strong>ossa</strong></span> <span class='ocrx_word' id='word_1_415' title='bbox 900 3615 1044 3671; x_wconf 92' lang='lat' dir='ltr'><strong>illius</strong></span> <span class='ocrx_word' id='word_1_416' title='bbox 1095 3617 1147 3670; x_wconf 90' lang='lat' dir='ltr'><strong>in</strong></span> <span class='ocrx_word' id='word_1_417' title='bbox 1195 3617 1371 3672; x_wconf 88' lang='lat' dir='ltr'><strong>medio</strong></span> <span class='ocrx_word' id='word_1_418' title='bbox 1398 3618 1533 3687; x_wconf 88' lang='lat' dir='ltr'><strong>ejus,</strong></span> <span class='ocrx_word' id='word_1_419' title='bbox 1570 3637 1587 3669; x_wconf 76' lang='grc' dir='ltr'><strong><em>ι</em></strong></span> <span class='ocrx_word' id='word_1_420' title='bbox 1618 3620 1743 3688; x_wconf 84' lang='lat' dir='ltr'><strong>quia</strong></span> 
     </span>
    </p>
   </div>
   <div class='ocr_carea' id='block_1_54' title="bbox 165 3706 1743 3781">
    <p class='ocr_par' dir='ltr' id='par_1_54' title="bbox 165 3706 1743 3781">
     <span class='ocr_line' id='line_1_54' title="bbox 165 3706 1743 3781; baseline 0.003 -21"><span class='ocrx_word' id='word_1_421' title='bbox 165 3706 320 3777; x_wconf 83' lang='lat' dir='ltr'><strong>prius</strong></span> <span class='ocrx_word' id='word_1_422' title='bbox 346 3707 558 3775; x_wconf 86' lang='lat' dir='ltr'><strong>quidem</strong></span> <span class='ocrx_word' id='word_1_423' title='bbox 583 3708 634 3761; x_wconf 89' lang='lat' dir='ltr'><strong>in</strong></span> <span class='ocrx_word' id='word_1_424' title='bbox 663 3723 727 3761; x_wconf 83' lang='lat' dir='ltr'><strong>ea</strong></span> <span class='ocrx_word' id='word_1_425' title='bbox 758 3709 1101 3762; x_wconf 85' lang='lat' dir='ltr'><strong>vehementer</strong></span> <span class='ocrx_word' id='word_1_426' title='bbox 1127 3708 1352 3763; x_wconf 89' lang='lat' dir='ltr'><strong>incaluit</strong></span> <span class='ocrx_word' id='word_1_427' title='bbox 1380 3710 1521 3764; x_wconf 89' lang='lat' dir='ltr'><strong>actio</strong></span> <span class='ocrx_word' id='word_1_428' title='bbox 1562 3710 1743 3781; x_wconf 76' lang='lat' dir='ltr'><strong>gloriae</strong></span> 
     </span>
    </p>
   </div>
   <div class='ocr_carea' id='block_1_55' title="bbox 166 3796 1741 3867">
    <p class='ocr_par' dir='ltr' id='par_1_55' title="bbox 166 3796 1741 3867">
     <span class='ocr_line' id='line_1_55' title="bbox 166 3796 1741 3867; baseline 0.002 -13"><span class='ocrx_word' id='word_1_429' title='bbox 166 3796 466 3861; x_wconf 66' lang='lat' dir='ltr'><strong>saechlaris,</strong></span> <span class='ocrx_word' id='word_1_430' title='bbox 495 3800 587 3852; x_wconf 91' lang='lat' dir='ltr'><strong>sed</strong></span> <span class='ocrx_word' id='word_1_431' title='bbox 627 3799 963 3866; x_wconf 89' lang='lat' dir='ltr'><strong>postmodum</strong></span> <span class='ocrx_word' id='word_1_432' title='bbox 994 3800 1107 3867; x_wconf 88' lang='lat' dir='ltr'><strong>ipsa</strong></span> <span class='ocrx_word' id='word_1_433' title='bbox 1147 3800 1317 3867; x_wconf 82' lang='lat' dir='ltr'><strong>gloria</strong></span> <span class='ocrx_word' id='word_1_434' title='bbox 1350 3815 1469 3854; x_wconf 92' lang='lat' dir='ltr'><strong>cum</strong></span> <span class='ocrx_word' id='word_1_435' title='bbox 1515 3803 1626 3855; x_wconf 85' lang='lat' dir='ltr'><strong>suis</strong></span> <span class='ocrx_word' id='word_1_436' title='bbox 1654 3817 1741 3857; x_wconf 84' lang='lat' dir='ltr'><strong>se-</strong></span> 
     </span>
    </p>
   </div>
   <div class='ocr_carea' id='block_1_56' title="bbox 166 3888 1740 3960">
    <p class='ocr_par' dir='ltr' id='par_1_56' title="bbox 166 3888 1740 3960">
     <span class='ocr_line' id='line_1_56' title="bbox 166 3888 1740 3960; baseline 0.002 -19"><span class='ocrx_word' id='word_1_437' title='bbox 166 3888 435 3959; x_wconf 88' lang='lat' dir='ltr'><strong>quacibus</strong></span> <span class='ocrx_word' id='word_1_438' title='bbox 463 3888 677 3943; x_wconf 86' lang='lat' dir='ltr'><strong>defccit.</strong></span> <span class='ocrx_word' id='word_1_439' title='bbox 710 3888 810 3941; x_wconf 86' lang='lat' dir='ltr'><strong>Per</strong></span> <span class='ocrx_word' id='word_1_440' title='bbox 856 3903 977 3942; x_wconf 91' lang='lat' dir='ltr'><strong>ossa</strong></span> <span class='ocrx_word' id='word_1_441' title='bbox 1022 3890 1220 3942; x_wconf 89' lang='lat' dir='ltr'><strong>etenim</strong></span> <span class='ocrx_word' id='word_1_442' title='bbox 1260 3898 1510 3960; x_wconf 90' lang='lat' dir='ltr'><strong>potentes</strong></span> <span class='ocrx_word' id='word_1_443' title='bbox 1538 3892 1740 3957; x_wconf 65' lang='lat' dir='ltr'><strong>seculi,</strong></span> 
     </span>
    </p>
   </div>
   <div class='ocr_carea' id='block_1_57' title="bbox 163 3976 1738 4049">
    <p class='ocr_par' dir='ltr' id='par_1_57' title="bbox 163 3976 1738 4049">
     <span class='ocr_line' id='line_1_57' title="bbox 163 3976 1738 4049; baseline 0.002 -18"><span class='ocrx_word' id='word_1_444' title='bbox 163 3994 268 4049; x_wconf 83' lang='lat' dir='ltr'><strong>per</strong></span> <span class='ocrx_word' id='word_1_445' title='bbox 295 3992 485 4031; x_wconf 89' lang='lat' dir='ltr'><strong>carnes</strong></span> <span class='ocrx_word' id='word_1_446' title='bbox 510 3992 634 4031; x_wconf 89' lang='lat' dir='ltr'><strong>vero</strong></span> <span class='ocrx_word' id='word_1_447' title='bbox 662 3976 839 4047; x_wconf 88' lang='lat' dir='ltr'><strong>populi</strong></span> <span class='ocrx_word' id='word_1_448' title='bbox 866 3976 1235 4048; x_wconf 84' lang='lat' dir='ltr'><strong>designantur.</strong></span> <span class='ocrx_word' id='word_1_449' title='bbox 1287 3978 1422 4045; x_wconf 86' lang='lat' dir='ltr'><strong>Quia</strong></span> <span class='ocrx_word' id='word_1_450' title='bbox 1445 3979 1584 4033; x_wconf 91' lang='lat' dir='ltr'><strong>sicut</strong></span> <span class='ocrx_word' id='word_1_451' title='bbox 1612 3996 1738 4034; x_wconf 91' lang='lat' dir='ltr'><strong>car-</strong></span> 
     </span>
    </p>
   </div>
   <div class='ocr_carea' id='block_1_58' title="bbox 166 4070 1744 4140">
    <p class='ocr_par' dir='ltr' id='par_1_58' title="bbox 166 4070 1744 4140">
     <span class='ocr_line' id='line_1_58' title="bbox 166 4070 1744 4140; baseline 0.001 -14"><span class='ocrx_word' id='word_1_452' title='bbox 166 4087 270 4126; x_wconf 82' lang='lat' dir='ltr'><strong>nes</strong></span> <span class='ocrx_word' id='word_1_453' title='bbox 296 4079 581 4137; x_wconf 82' lang='lat' dir='ltr'><strong>porlantut-</strong></span> <span class='ocrx_word' id='word_1_454' title='bbox 608 4070 845 4136; x_wconf 89' lang='lat' dir='ltr'><strong>ossibus,</strong></span> <span class='ocrx_word' id='word_1_455' title='bbox 880 4070 950 4124; x_wconf 91' lang='lat' dir='ltr'><strong>ita</strong></span> <span class='ocrx_word' id='word_1_456' title='bbox 974 4086 1070 4140; x_wconf 89' lang='lat' dir='ltr'><strong>per</strong></span> <span class='ocrx_word' id='word_1_457' title='bbox 1105 4078 1353 4140; x_wconf 90' lang='lat' dir='ltr'><strong>potentes</strong></span> <span class='ocrx_word' id='word_1_458' title='bbox 1383 4072 1563 4126; x_wconf 85' lang='lat' dir='ltr'><strong>saeculi</strong></span> <span class='ocrx_word' id='word_1_459' title='bbox 1592 4073 1744 4127; x_wconf 90' lang='lat' dir='ltr'><strong>inlir-</strong></span> 
     </span>
    </p>
   </div>
   <div class='ocr_carea' id='block_1_59' title="bbox 168 4164 1745 4237">
    <p class='ocr_par' dir='ltr' id='par_1_59' title="bbox 168 4164 1745 4237">
     <span class='ocr_line' id='line_1_59' title="bbox 168 4164 1745 4237; baseline 0.002 -18"><span class='ocrx_word' id='word_1_460' title='bbox 168 4165 337 4219; x_wconf 87' lang='lat' dir='ltr'><strong>mitas</strong></span> <span class='ocrx_word' id='word_1_461' title='bbox 368 4164 572 4233; x_wconf 86' lang='lat' dir='ltr'><strong>regitur</strong></span> <span class='ocrx_word' id='word_1_462' title='bbox 597 4164 933 4234; x_wconf 89' lang='lat' dir='ltr'><strong>populorum.</strong></span> <span class='ocrx_word' id='word_1_463' title='bbox 982 4164 1085 4220; x_wconf 89' lang='lat' dir='ltr'><strong>Sed</strong></span> <span class='ocrx_word' id='word_1_464' title='bbox 1115 4181 1240 4221; x_wconf 89' lang='lat' dir='ltr'><strong>ecce</strong></span> <span class='ocrx_word' id='word_1_465' title='bbox 1267 4167 1379 4237; x_wconf 85' lang='lat' dir='ltr'><strong>jam</strong></span> <span class='ocrx_word' id='word_1_466' title='bbox 1412 4168 1477 4222; x_wconf 91' lang='lat' dir='ltr'><strong>de</strong></span> <span class='ocrx_word' id='word_1_467' title='bbox 1518 4168 1604 4222; x_wconf 87' lang='lat' dir='ltr'><strong>illa</strong></span> <span class='ocrx_word' id='word_1_468' title='bbox 1631 4184 1745 4224; x_wconf 85' lang='lat' dir='ltr'><strong>om-</strong></span> 
     </span>
    </p>
   </div>
   <div class='ocr_carea' id='block_1_60' title="bbox 168 4254 1742 4329">
    <p class='ocr_par' dir='ltr' id='par_1_60' title="bbox 168 4254 1742 4329">
     <span class='ocr_line' id='line_1_60' title="bbox 168 4254 1742 4329; baseline 0.001 -19"><span class='ocrx_word' id='word_1_469' title='bbox 168 4272 270 4312; x_wconf 85' lang='lat' dir='ltr'><strong>nes</strong></span> <span class='ocrx_word' id='word_1_470' title='bbox 285 4254 640 4323; x_wconf 68' lang='lat' dir='ltr'><strong>hujussacculi</strong></span> <span class='ocrx_word' id='word_1_471' title='bbox 670 4264 915 4325; x_wconf 90' lang='lat' dir='ltr'><strong>potentes</strong></span> <span class='ocrx_word' id='word_1_472' title='bbox 939 4256 1097 4311; x_wconf 90' lang='lat' dir='ltr'><strong>ablati</strong></span> <span class='ocrx_word' id='word_1_473' title='bbox 1114 4266 1256 4312; x_wconf 88' lang='lat' dir='ltr'><strong>sunt.</strong></span> <span class='ocrx_word' id='word_1_474' title='bbox 1282 4258 1416 4313; x_wconf 86' lang='lat' dir='ltr'><strong>Ossa</strong></span> <span class='ocrx_word' id='word_1_475' title='bbox 1441 4274 1568 4329; x_wconf 87' lang='lat' dir='ltr'><strong>ergo</strong></span> <span class='ocrx_word' id='word_1_476' title='bbox 1583 4273 1742 4314; x_wconf 84' lang='lat' dir='ltr'><strong>cxco-</strong></span> 
     </span>
    </p>
   </div>
   <div class='ocr_carea' id='block_1_61' title="bbox 167 4344 1743 4417">
    <p class='ocr_par' dir='ltr' id='par_1_61' title="bbox 167 4344 1743 4417">
     <span class='ocr_line' id='line_1_61' title="bbox 167 4344 1743 4417; baseline 0.002 -18"><span class='ocrx_word' id='word_1_477' title='bbox 167 4354 258 4399; x_wconf 88' lang='lat' dir='ltr'><strong>cta</strong></span> <span class='ocrx_word' id='word_1_478' title='bbox 278 4354 420 4409; x_wconf 88' lang='lat' dir='ltr'><strong>sunt,</strong></span> <span class='ocrx_word' id='word_1_479' title='bbox 440 4360 564 4399; x_wconf 89' lang='lat' dir='ltr'><strong>ecce</strong></span> <span class='ocrx_word' id='word_1_480' title='bbox 579 4345 756 4415; x_wconf 85' lang='lat' dir='ltr'><strong>pepuli</strong></span> <span class='ocrx_word' id='word_1_481' title='bbox 771 4344 1097 4411; x_wconf 86' lang='lat' dir='ltr'><strong>defecerunt,</strong></span> <span class='ocrx_word' id='word_1_482' title='bbox 1113 4363 1173 4402; x_wconf 90' lang='lat' dir='ltr'><strong>ea</strong></span> <span class='ocrx_word' id='word_1_483' title='bbox 1182 4362 1303 4402; x_wconf 87' lang='lat' dir='ltr'><strong>rues</strong></span> <span class='ocrx_word' id='word_1_484' title='bbox 1317 4346 1431 4415; x_wconf 89' lang='lat' dir='ltr'><strong>ejus</strong></span> <span class='ocrx_word' id='word_1_485' title='bbox 1447 4348 1743 4417; x_wconf 72' lang='lat' dir='ltr'><strong>liquefacta:</strong></span> 
     </span>
    </p>
   </div>
   <div class='ocr_carea' id='block_1_62' title="bbox 168 4434 1741 4506">
    <p class='ocr_par' dir='ltr' id='par_1_62' title="bbox 168 4434 1741 4506">
     <span class='ocr_line' id='line_1_62' title="bbox 168 4434 1741 4506; baseline 0.002 -15"><span class='ocrx_word' id='word_1_486' title='bbox 168 4444 317 4491; x_wconf 85' lang='lat' dir='ltr'><strong>sunt.</strong></span> <span class='ocrx_word' id='word_1_487' title='bbox 355 4435 572 4489; x_wconf 87' lang='lat' dir='ltr'><strong>Dicatur</strong></span> <span class='ocrx_word' id='word_1_488' title='bbox 602 4434 802 4504; x_wconf 87' lang='lat' dir='ltr'><strong>itaque,</strong></span> <span class='ocrx_word' id='word_1_489' title='bbox 848 4453 867 4485; x_wconf 84' lang='grc'><strong><em>‹</em></strong></span> <span class='ocrx_word' id='word_1_490' title='bbox 901 4435 1143 4504; x_wconf 83' lang='lat' dir='ltr'><strong>Congere</strong></span> <span class='ocrx_word' id='word_1_491' title='bbox 1168 4452 1287 4492; x_wconf 88' lang='lat' dir='ltr'><strong>ossa</strong></span> <span class='ocrx_word' id='word_1_492' title='bbox 1324 4454 1443 4506; x_wconf 79' lang='lat' dir='ltr'><strong>quae</strong></span> <span class='ocrx_word' id='word_1_493' title='bbox 1470 4440 1590 4505; x_wconf 84' lang='lat' dir='ltr'><strong>igne</strong></span> <span class='ocrx_word' id='word_1_494' title='bbox 1618 4456 1741 4494; x_wconf 89' lang='lat' dir='ltr'><strong>suc-</strong></span> 
     </span>
    </p>
   </div>
   <div class='ocr_carea' id='block_1_63' title="bbox 172 4524 1741 4596">
    <p class='ocr_par' dir='ltr' id='par_1_63' title="bbox 172 4524 1741 4596">
     <span class='ocr_line' id='line_1_63' title="bbox 172 4524 1741 4596; baseline 0.001 -13"><span class='ocrx_word' id='word_1_495' title='bbox 172 4528 423 4583; x_wconf 85' lang='lat' dir='ltr'><strong>cendam.</strong></span> <span class='ocrx_word' id='word_1_496' title='bbox 455 4524 849 4580; x_wconf 88' lang='lat' dir='ltr'><strong>Consumentur</strong></span> <span class='ocrx_word' id='word_1_497' title='bbox 878 4542 1067 4582; x_wconf 87' lang='lat' dir='ltr'><strong>carnes</strong></span> <span class='ocrx_word' id='word_1_498' title='bbox 1107 4535 1162 4582; x_wconf 90' lang='lat' dir='ltr'><strong>et</strong></span> <span class='ocrx_word' id='word_1_499' title='bbox 1198 4536 1457 4596; x_wconf 90' lang='lat' dir='ltr'><strong>coquetur</strong></span> <span class='ocrx_word' id='word_1_500' title='bbox 1492 4529 1741 4584; x_wconf 87' lang='lat' dir='ltr'><strong>universa</strong></span> 
     </span>
    </p>
   </div>
   <div class='ocr_carea' id='block_1_64' title="bbox 170 4614 1746 4685">
    <p class='ocr_par' dir='ltr' id='par_1_64' title="bbox 170 4614 1746 4685">
     <span class='ocr_line' id='line_1_64' title="bbox 170 4614 1746 4685; baseline 0.003 -15"><span class='ocrx_word' id='word_1_501' title='bbox 170 4615 495 4685; x_wconf 73' lang='lat' dir='ltr'><strong>compositio</strong></span> <span class='ocrx_word' id='word_1_502' title='bbox 525 4614 658 4685; x_wconf 87' lang='lat' dir='ltr'><strong>ejus,</strong></span> <span class='ocrx_word' id='word_1_503' title='bbox 689 4624 743 4668; x_wconf 92' lang='lat' dir='ltr'><strong>et</strong></span> <span class='ocrx_word' id='word_1_504' title='bbox 765 4631 883 4670; x_wconf 89' lang='lat' dir='ltr'><strong>ossa</strong></span> <span class='ocrx_word' id='word_1_505' title='bbox 917 4618 1209 4672; x_wconf 87' lang='lat' dir='ltr'><strong>tabescent.</strong></span> <span class='ocrx_word' id='word_1_506' title='bbox 1247 4637 1264 4669; x_wconf 80' lang='grc'><strong>›</strong></span> <span class='ocrx_word' id='word_1_507' title='bbox 1294 4618 1393 4674; x_wconf 89' lang='lat' dir='ltr'><strong>Ubi</strong></span> <span class='ocrx_word' id='word_1_508' title='bbox 1427 4619 1569 4674; x_wconf 90' lang='lat' dir='ltr'><strong>enim</strong></span> <span class='ocrx_word' id='word_1_509' title='bbox 1592 4634 1746 4674; x_wconf 89' lang='lat' dir='ltr'><strong>sena-</strong></span> 
     </span>
    </p>
   </div>
   <div class='ocr_carea' id='block_1_65' title="bbox 171 4705 1748 4779">
    <p class='ocr_par' dir='ltr' id='par_1_65' title="bbox 171 4705 1748 4779">
     <span class='ocr_line' id='line_1_65' title="bbox 171 4705 1748 4779; baseline 0.003 -18"><span class='ocrx_word' id='word_1_510' title='bbox 171 4717 286 4772; x_wconf 92' lang='lat' dir='ltr'><strong>tus,</strong></span> <span class='ocrx_word' id='word_1_511' title='bbox 316 4708 402 4761; x_wconf 89' lang='lat' dir='ltr'><strong>ubi</strong></span> <span class='ocrx_word' id='word_1_512' title='bbox 426 4707 537 4776; x_wconf 88' lang='lat' dir='ltr'><strong>jam</strong></span> <span class='ocrx_word' id='word_1_513' title='bbox 563 4705 1395 4777; x_wconf 84' lang='lat' dir='ltr'><strong>populus?Contabucruntossa,</strong></span> <span class='ocrx_word' id='word_1_514' title='bbox 1419 4718 1748 4779; x_wconf 62' lang='lat' dir='ltr'><strong>consumptae</strong></span> 
     </span>
    </p>
   </div>
   <div class='ocr_carea' id='block_1_66' title="bbox 170 4796 1743 4870">
    <p class='ocr_par' dir='ltr' id='par_1_66' title="bbox 170 4796 1743 4870">
     <span class='ocr_line' id='line_1_66' title="bbox 170 4796 1743 4870; baseline 0.003 -19"><span class='ocrx_word' id='word_1_515' title='bbox 170 4804 302 4851; x_wconf 82' lang='lat' dir='ltr'><strong>sunt</strong></span> <span class='ocrx_word' id='word_1_516' title='bbox 338 4810 562 4861; x_wconf 86' lang='lat' dir='ltr'><strong>carnes,</strong></span> <span class='ocrx_word' id='word_1_517' title='bbox 607 4796 781 4849; x_wconf 88' lang='lat' dir='ltr'><strong>omnis</strong></span> <span class='ocrx_word' id='word_1_518' title='bbox 833 4796 885 4849; x_wconf 91' lang='lat' dir='ltr'><strong>in</strong></span> <span class='ocrx_word' id='word_1_519' title='bbox 930 4810 991 4850; x_wconf 88' lang='lat' dir='ltr'><strong>ea</strong></span> <span class='ocrx_word' id='word_1_520' title='bbox 1042 4798 1379 4852; x_wconf 78' lang='lat' dir='ltr'><strong>saecularium</strong></span> <span class='ocrx_word' id='word_1_521' title='bbox 1426 4798 1743 4870; x_wconf 84' lang='lat' dir='ltr'><strong>dignitatum</strong></span> 
     </span>
    </p>
   </div>
   <div class='ocr_carea' id='block_1_67' title="bbox 171 4887 1745 4960">
    <p class='ocr_par' dir='ltr' id='par_1_67' title="bbox 171 4887 1745 4960">
     <span class='ocr_line' id='line_1_67' title="bbox 171 4887 1745 4960; baseline 0.004 -19"><span class='ocrx_word' id='word_1_522' title='bbox 171 4888 309 4941; x_wconf 90' lang='lat' dir='ltr'><strong>ordo</strong></span> <span class='ocrx_word' id='word_1_523' title='bbox 330 4887 624 4940; x_wconf 81' lang='lat' dir='ltr'><strong>exstinctus</strong></span> <span class='ocrx_word' id='word_1_524' title='bbox 645 4893 747 4949; x_wconf 91' lang='lat' dir='ltr'><strong>est,</strong></span> <span class='ocrx_word' id='word_1_525' title='bbox 778 4895 997 4941; x_wconf 84' lang='lat' dir='ltr'><strong>excocta</strong></span> <span class='ocrx_word' id='word_1_526' title='bbox 1026 4896 1107 4941; x_wconf 90' lang='lat' dir='ltr'><strong>est</strong></span> <span class='ocrx_word' id='word_1_527' title='bbox 1136 4888 1387 4943; x_wconf 89' lang='lat' dir='ltr'><strong>universa</strong></span> <span class='ocrx_word' id='word_1_528' title='bbox 1429 4892 1745 4960; x_wconf 88' lang='lat' dir='ltr'><strong>compositio</strong></span> 
     </span>
    </p>
   </div>
   <div class='ocr_carea' id='block_1_68' title="bbox 172 4976 1741 5049">
    <p class='ocr_par' dir='ltr' id='par_1_68' title="bbox 172 4976 1741 5049">
     <span class='ocr_line' id='line_1_68' title="bbox 172 4976 1741 5049; baseline 0.001 -16"><span class='ocrx_word' id='word_1_529' title='bbox 172 4980 330 5049; x_wconf 85' lang='lat' dir='ltr'><strong>ejus:</strong></span> <span class='ocrx_word' id='word_1_530' title='bbox 369 4984 425 5030; x_wconf 90' lang='lat' dir='ltr'><strong>et</strong></span> <span class='ocrx_word' id='word_1_531' title='bbox 463 4986 642 5030; x_wconf 88' lang='lat' dir='ltr'><strong>tamen</strong></span> <span class='ocrx_word' id='word_1_532' title='bbox 690 4976 833 5045; x_wconf 89' lang='lat' dir='ltr'><strong>ipsos</strong></span> <span class='ocrx_word' id='word_1_533' title='bbox 877 4992 973 5031; x_wconf 91' lang='lat' dir='ltr'><strong>nos</strong></span> <span class='ocrx_word' id='word_1_534' title='bbox 1014 4991 1215 5046; x_wconf 89' lang='lat' dir='ltr'><strong>paucos</strong></span> <span class='ocrx_word' id='word_1_535' title='bbox 1242 4979 1334 5048; x_wconf 90' lang='lat' dir='ltr'><strong>qui</strong></span> <span class='ocrx_word' id='word_1_536' title='bbox 1366 4981 1741 5046; x_wconf 85' lang='lat' dir='ltr'><strong>remansimus,</strong></span> 
     </span>
    </p>
   </div>
   <div class='ocr_carea' id='block_1_69' title="bbox 173 5065 1746 5137">
    <p class='ocr_par' dir='ltr' id='par_1_69' title="bbox 173 5065 1746 5137">
     <span class='ocr_line' id='line_1_69' title="bbox 173 5065 1746 5137; baseline 0.002 -14"><span class='ocrx_word' id='word_1_537' title='bbox 173 5070 352 5123; x_wconf 80' lang='lat' dir='ltr'><strong>adhuc</strong></span> <span class='ocrx_word' id='word_1_538' title='bbox 378 5066 615 5135; x_wconf 87' lang='lat' dir='ltr'><strong>quotidie</strong></span> <span class='ocrx_word' id='word_1_539' title='bbox 647 5065 825 5136; x_wconf 86' lang='lat' dir='ltr'><strong>gladii,</strong></span> <span class='ocrx_word' id='word_1_540' title='bbox 874 5068 1047 5121; x_wconf 88' lang='lat' dir='ltr'><strong>adhuc</strong></span> <span class='ocrx_word' id='word_1_541' title='bbox 1074 5068 1308 5137; x_wconf 85' lang='lat' dir='ltr'><strong>quotidie</strong></span> <span class='ocrx_word' id='word_1_542' title='bbox 1336 5069 1626 5126; x_wconf 78' lang='lat' dir='ltr'><strong>innumera:</strong></span> <span class='ocrx_word' id='word_1_543' title='bbox 1650 5072 1746 5125; x_wconf 88' lang='lat' dir='ltr'><strong>tri-</strong></span> 
     </span>
    </p>
   </div>
   <div class='ocr_carea' id='block_1_70' title="bbox 176 5157 1745 5231">
    <p class='ocr_par' dir='ltr' id='par_1_70' title="bbox 176 5157 1745 5231">
     <span class='ocr_line' id='line_1_70' title="bbox 176 5157 1745 5231; baseline 0.002 -18"><span class='ocrx_word' id='word_1_544' title='bbox 176 5158 479 5213; x_wconf 83' lang='lat' dir='ltr'><strong>bulationes</strong></span> <span class='ocrx_word' id='word_1_545' title='bbox 523 5166 790 5227; x_wconf 86' lang='lat' dir='ltr'><strong>premunt.</strong></span> <span class='ocrx_word' id='word_1_546' title='bbox 828 5157 1050 5211; x_wconf 89' lang='lat' dir='ltr'><strong>Dicatur</strong></span> <span class='ocrx_word' id='word_1_547' title='bbox 1094 5174 1257 5227; x_wconf 83' lang='lat' dir='ltr'><strong>ergo:</strong></span> <span class='ocrx_word' id='word_1_548' title='bbox 1285 5177 1303 5209; x_wconf 73' lang='grc' dir='ltr'><strong>ε</strong></span> <span class='ocrx_word' id='word_1_549' title='bbox 1333 5158 1481 5214; x_wconf 87' lang='lat' dir='ltr'><strong>Pone</strong></span> <span class='ocrx_word' id='word_1_550' title='bbox 1531 5175 1745 5231; x_wconf 88' lang='lat' dir='ltr'><strong>quoque</strong></span> 
     </span>
    </p>
   </div>
   <div class='ocr_carea' id='block_1_71' title="bbox 174 5247 1744 5318">
    <p class='ocr_par' dir='ltr' id='par_1_71' title="bbox 174 5247 1744 5318">
     <span class='ocr_line' id='line_1_71' title="bbox 174 5247 1744 5318; baseline 0.001 -15"><span class='ocrx_word' id='word_1_551' title='bbox 174 5265 296 5303; x_wconf 87' lang='lat' dir='ltr'><strong>eam</strong></span> <span class='ocrx_word' id='word_1_552' title='bbox 351 5263 512 5318; x_wconf 89' lang='lat' dir='ltr'><strong>super</strong></span> <span class='ocrx_word' id='word_1_553' title='bbox 567 5262 767 5318; x_wconf 88' lang='lat' dir='ltr'><strong>prunas</strong></span> <span class='ocrx_word' id='word_1_554' title='bbox 822 5261 1078 5312; x_wconf 87' lang='lat' dir='ltr'><strong>vacuam,</strong></span> <span class='ocrx_word' id='word_1_555' title='bbox 1118 5265 1135 5298; x_wconf 73' lang='grc' dir='ltr'><strong><em>ι</em></strong></span> <span class='ocrx_word' id='word_1_556' title='bbox 1169 5247 1295 5317; x_wconf 87' lang='lat' dir='ltr'><strong>quia</strong></span> <span class='ocrx_word' id='word_1_557' title='bbox 1335 5248 1479 5302; x_wconf 90' lang='lat' dir='ltr'><strong>enim</strong></span> <span class='ocrx_word' id='word_1_558' title='bbox 1527 5259 1744 5305; x_wconf 88' lang='lat' dir='ltr'><strong>senatus</strong></span> 
     </span>
    </p>
   </div>
   <div class='ocr_carea' id='block_1_72' title="bbox 176 5335 1744 5408">
    <p class='ocr_par' dir='ltr' id='par_1_72' title="bbox 176 5335 1744 5408">
     <span class='ocr_line' id='line_1_72' title="bbox 176 5335 1744 5408; baseline -0.001 -13"><span class='ocrx_word' id='word_1_559' title='bbox 176 5342 347 5403; x_wconf 87' lang='lat' dir='ltr'><strong>deest,</strong></span> <span class='ocrx_word' id='word_1_560' title='bbox 377 5338 600 5408; x_wconf 91' lang='lat' dir='ltr'><strong>populus</strong></span> <span class='ocrx_word' id='word_1_561' title='bbox 624 5336 845 5398; x_wconf 88' lang='lat' dir='ltr'><strong>interiit,</strong></span> <span class='ocrx_word' id='word_1_562' title='bbox 881 5343 936 5390; x_wconf 87' lang='lat' dir='ltr'><strong>et</strong></span> <span class='ocrx_word' id='word_1_563' title='bbox 961 5343 1138 5392; x_wconf 90' lang='lat' dir='ltr'><strong>tamen</strong></span> <span class='ocrx_word' id='word_1_564' title='bbox 1174 5335 1228 5389; x_wconf 91' lang='lat' dir='ltr'><strong>in</strong></span> <span class='ocrx_word' id='word_1_565' title='bbox 1273 5337 1456 5405; x_wconf 87' lang='lat' dir='ltr'><strong>paucis</strong></span> <span class='ocrx_word' id='word_1_566' title='bbox 1496 5338 1587 5407; x_wconf 90' lang='lat' dir='ltr'><strong>qui</strong></span> <span class='ocrx_word' id='word_1_567' title='bbox 1618 5348 1744 5394; x_wconf 88' lang='lat' dir='ltr'><strong>sunt</strong></span> 
     </span>
    </p>
   </div>
   <div class='ocr_carea' id='block_1_73' title="bbox 176 5425 1740 5498">
    <p class='ocr_par' dir='ltr' id='par_1_73' title="bbox 176 5425 1740 5498">
     <span class='ocr_line' id='line_1_73' title="bbox 176 5425 1740 5498; baseline -0.004 -11"><span class='ocrx_word' id='word_1_568' title='bbox 176 5430 407 5491; x_wconf 81' lang='lat' dir='ltr'><strong>dolores,</strong></span> <span class='ocrx_word' id='word_1_569' title='bbox 436 5436 490 5482; x_wconf 91' lang='lat' dir='ltr'><strong>et</strong></span> <span class='ocrx_word' id='word_1_570' title='bbox 517 5428 747 5498; x_wconf 80' lang='lat' dir='ltr'><strong>gemitus</strong></span> <span class='ocrx_word' id='word_1_571' title='bbox 766 5425 1005 5496; x_wconf 91' lang='lat' dir='ltr'><strong>quotidie</strong></span> <span class='ocrx_word' id='word_1_572' title='bbox 1034 5425 1492 5494; x_wconf 86' lang='lat' dir='ltr'><strong>multiplicantur:</strong></span> <span class='ocrx_word' id='word_1_573' title='bbox 1514 5426 1624 5495; x_wconf 78' lang='lat' dir='ltr'><strong>jan.</strong></span> <span class='ocrx_word' id='word_1_574' title='bbox 1650 5445 1740 5482; x_wconf 82' lang='lat' dir='ltr'><strong>va-</strong></span> 
     </span>
    </p>
   </div>
   <div class='ocr_carea' id='block_1_74' title="bbox 177 5515 1743 5582">
    <p class='ocr_par' dir='ltr' id='par_1_74' title="bbox 177 5515 1743 5582">
     <span class='ocr_line' id='line_1_74' title="bbox 177 5515 1743 5582; baseline -0.004 -5"><span class='ocrx_word' id='word_1_575' title='bbox 177 5536 277 5577; x_wconf 79' lang='lat' dir='ltr'><strong>cua</strong></span> <span class='ocrx_word' id='word_1_576' title='bbox 306 5524 461 5575; x_wconf 86' lang='lat' dir='ltr'><strong>ardet</strong></span> <span class='ocrx_word' id='word_1_577' title='bbox 496 5518 687 5572; x_wconf 77' lang='lat' dir='ltr'><strong>Roma.</strong></span> <span class='ocrx_word' id='word_1_578' title='bbox 725 5515 861 5582; x_wconf 89' lang='lat' dir='ltr'><strong>Quid</strong></span> <span class='ocrx_word' id='word_1_579' title='bbox 883 5525 1060 5570; x_wconf 66' lang='lat' dir='ltr'><strong>autent</strong></span> <span class='ocrx_word' id='word_1_580' title='bbox 1096 5516 1197 5569; x_wconf 89' lang='lat' dir='ltr'><strong>ista</strong></span> <span class='ocrx_word' id='word_1_581' title='bbox 1231 5515 1297 5571; x_wconf 89' lang='lat' dir='ltr'><strong>de</strong></span> <span class='ocrx_word' id='word_1_582' title='bbox 1334 5515 1637 5571; x_wconf 89' lang='lat' dir='ltr'><strong>hominibus</strong></span> <span class='ocrx_word' id='word_1_583' title='bbox 1663 5517 1743 5571; x_wconf 88' lang='lat' dir='ltr'><strong>di-</strong></span> 
     </span>
    </p>
   </div>
   <div class='ocr_carea' id='block_1_75' title="bbox 178 5605 1742 5675">
    <p class='ocr_par' dir='ltr' id='par_1_75' title="bbox 178 5605 1742 5675">
     <span class='ocr_line' id='line_1_75' title="bbox 178 5605 1742 5675; baseline -0.003 -10"><span class='ocrx_word' id='word_1_584' title='bbox 178 5612 367 5675; x_wconf 89' lang='lat' dir='ltr'><strong>cimus,</strong></span> <span class='ocrx_word' id='word_1_585' title='bbox 390 5624 533 5673; x_wconf 89' lang='lat' dir='ltr'><strong>cum,</strong></span> <span class='ocrx_word' id='word_1_586' title='bbox 549 5608 722 5661; x_wconf 87' lang='lat' dir='ltr'><strong>ruinis</strong></span> <span class='ocrx_word' id='word_1_587' title='bbox 740 5606 1218 5670; x_wconf 89' lang='lat' dir='ltr'><strong>crebrescentibus,</strong></span> <span class='ocrx_word' id='word_1_588' title='bbox 1250 5605 1363 5674; x_wconf 90' lang='lat' dir='ltr'><strong>ipsa</strong></span> <span class='ocrx_word' id='word_1_589' title='bbox 1392 5620 1605 5675; x_wconf 89' lang='lat' dir='ltr'><strong>quoque</strong></span> <span class='ocrx_word' id='word_1_590' title='bbox 1625 5605 1742 5674; x_wconf 84' lang='lat' dir='ltr'><strong>ejus</strong></span> 
     </span>
    </p>
   </div>
   <div class='ocr_carea' id='block_1_76' title="bbox 177 5694 1743 5764">
    <p class='ocr_par' dir='ltr' id='par_1_76' title="bbox 177 5694 1743 5764">
     <span class='ocr_line' id='line_1_76' title="bbox 177 5694 1743 5764; baseline -0.003 -9"><span class='ocrx_word' id='word_1_591' title='bbox 177 5700 364 5755; x_wconf 87' lang='lat' dir='ltr'><strong>distrui</strong></span> <span class='ocrx_word' id='word_1_592' title='bbox 397 5698 623 5753; x_wconf 83' lang='lat' dir='ltr'><strong>aedilicia</strong></span> <span class='ocrx_word' id='word_1_593' title='bbox 664 5694 945 5750; x_wconf 85' lang='lat' dir='ltr'><strong>videmus?</strong></span> <span class='ocrx_word' id='word_1_594' title='bbox 983 5694 1136 5749; x_wconf 88' lang='lat' dir='ltr'><strong>Unde</strong></span> <span class='ocrx_word' id='word_1_595' title='bbox 1163 5702 1216 5750; x_wconf 90' lang='lat' dir='ltr'><strong>et</strong></span> <span class='ocrx_word' id='word_1_596' title='bbox 1256 5702 1378 5764; x_wconf 88' lang='lat' dir='ltr'><strong>apte</strong></span> <span class='ocrx_word' id='word_1_597' title='bbox 1417 5694 1482 5747; x_wconf 92' lang='lat' dir='ltr'><strong>de</strong></span> <span class='ocrx_word' id='word_1_598' title='bbox 1526 5695 1743 5750; x_wconf 88' lang='lat' dir='ltr'><strong>civitate</strong></span> 
     </span>
    </p>
   </div>
   <div class='ocr_carea' id='block_1_77' title="bbox 170 5775 1740 5861">
    <p class='ocr_par' dir='ltr' id='par_1_77' title="bbox 170 5775 1740 5861">
     <span class='ocr_line' id='line_1_77' title="bbox 170 5775 1740 5861; baseline -0.003 -15"><span class='ocrx_word' id='word_1_599' title='bbox 170 5792 282 5861; x_wconf 86' lang='lat' dir='ltr'><strong>jam</strong></span> <span class='ocrx_word' id='word_1_600' title='bbox 329 5775 497 5846; x_wconf 77' lang='lat' dir='ltr'><strong>vacua</strong></span> <span class='ocrx_word' id='word_1_601' title='bbox 548 5787 819 5843; x_wconf 88' lang='lat' dir='ltr'><strong>subditur:</strong></span> <span class='ocrx_word' id='word_1_602' title='bbox 851 5806 868 5837; x_wconf 74' lang='grc' dir='ltr'>ι</span> <span class='ocrx_word' id='word_1_603' title='bbox 914 5786 1206 5842; x_wconf 83' lang='lat' dir='ltr'><strong>incalescat</strong></span> <span class='ocrx_word' id='word_1_604' title='bbox 1256 5792 1309 5841; x_wconf 92' lang='lat' dir='ltr'><strong>et</strong></span> <span class='ocrx_word' id='word_1_605' title='bbox 1364 5784 1605 5858; x_wconf 89' lang='lat' dir='ltr'><strong>liqucﬁat</strong></span> <span class='ocrx_word' id='word_1_606' title='bbox 1667 5801 1740 5841; x_wconf 79' lang='lat' dir='ltr'><strong>aes</strong></span> 
     </span>
    </p>
   </div>
   <div class='ocr_carea' id='block_1_78' title="bbox 1837 2161 3409 2238">
    <p class='ocr_par' dir='ltr' id='par_1_78' title="bbox 1837 2161 3409 2238">
     <span class='ocr_line' id='line_1_78' title="bbox 1837 2161 3409 2238; baseline -0.005 -14"><span class='ocrx_word' id='word_1_607' title='bbox 1837 2168 2032 2224; x_wconf 90' lang='lat' dir='ltr'><strong>mendo</strong></span> <span class='ocrx_word' id='word_1_608' title='bbox 2074 2167 2308 2238; x_wconf 57' lang='lat' dir='ltr'><strong>praedam</strong></span> <span class='ocrx_word' id='word_1_609' title='bbox 2358 2166 2594 2237; x_wconf 87' lang='lat' dir='ltr'><strong>diripiat.</strong></span> <span class='ocrx_word' id='word_1_610' title='bbox 2635 2164 2886 2219; x_wconf 88' lang='lat' dir='ltr'><strong>Dicamus</strong></span> <span class='ocrx_word' id='word_1_611' title='bbox 2926 2179 3076 2234; x_wconf 87' lang='lat' dir='ltr'><strong>ergo,</strong></span> <span class='ocrx_word' id='word_1_612' title='bbox 3114 2180 3133 2213; x_wconf 82' lang='grc'>‹</span> <span class='ocrx_word' id='word_1_613' title='bbox 3185 2161 3287 2219; x_wconf 89' lang='lat' dir='ltr'><strong>Ubi</strong></span> <span class='ocrx_word' id='word_1_614' title='bbox 3325 2170 3409 2217; x_wconf 88' lang='lat' dir='ltr'><strong>est</strong></span> 
     </span>
    </p>
   </div>
   <div class='ocr_carea' id='block_1_79' title="bbox 1838 2254 3402 2329">
    <p class='ocr_par' dir='ltr' id='par_1_79' title="bbox 1838 2254 3402 2329">
     <span class='ocr_line' id='line_1_79' title="bbox 1838 2254 3402 2329; baseline -0.006 -13"><span class='ocrx_word' id='word_1_615' title='bbox 1838 2258 2207 2329; x_wconf 80' lang='lat' dir='ltr'><strong>habitaculum</strong></span> <span class='ocrx_word' id='word_1_616' title='bbox 2226 2258 2456 2321; x_wconf 90' lang='lat' dir='ltr'><strong>leonum,</strong></span> <span class='ocrx_word' id='word_1_617' title='bbox 2486 2264 2540 2313; x_wconf 89' lang='lat' dir='ltr'><strong>et</strong></span> <span class='ocrx_word' id='word_1_618' title='bbox 2558 2272 2755 2328; x_wconf 89' lang='lat' dir='ltr'><strong>pascua</strong></span> <span class='ocrx_word' id='word_1_619' title='bbox 2778 2256 3078 2310; x_wconf 84' lang='lat' dir='ltr'><strong>catulorum</strong></span> <span class='ocrx_word' id='word_1_620' title='bbox 3106 2254 3355 2309; x_wconf 90' lang='lat' dir='ltr'><strong>leonum?</strong></span> <span class='ocrx_word' id='word_1_621' title='bbox 3384 2273 3402 2306; x_wconf 72' lang='grc' dir='ltr'>ι</span> 
     </span>
    </p>
   </div>
   <div class='ocr_carea' id='block_1_80' title="bbox 1839 2340 3405 2421">
    <p class='ocr_par' dir='ltr' id='par_1_80' title="bbox 1839 2340 3405 2421">
     <span class='ocr_line' id='line_1_80' title="bbox 1839 2340 3405 2421; baseline -0.005 -14"><span class='ocrx_word' id='word_1_622' title='bbox 1839 2340 2189 2421; x_wconf 57' lang='grc' dir='ltr'><strong>ϐοηιίηεῑίθὶ</strong></span> <span class='ocrx_word' id='word_1_623' title='bbox 2213 2350 2353 2419; x_wconf 91' lang='lat' dir='ltr'><strong>quod</strong></span> <span class='ocrx_word' id='word_1_624' title='bbox 2383 2349 2449 2404; x_wconf 90' lang='lat' dir='ltr'><strong>de</strong></span> <span class='ocrx_word' id='word_1_625' title='bbox 2478 2346 2659 2403; x_wconf 73' lang='lat' dir='ltr'><strong>Judzea</strong></span> <span class='ocrx_word' id='word_1_626' title='bbox 2688 2346 2932 2402; x_wconf 88' lang='lat' dir='ltr'><strong>novimus</strong></span> <span class='ocrx_word' id='word_1_627' title='bbox 2960 2360 3058 2416; x_wconf 91' lang='lat' dir='ltr'><strong>per</strong></span> <span class='ocrx_word' id='word_1_628' title='bbox 3085 2346 3405 2415; x_wconf 84' lang='lat' dir='ltr'><strong>prophetam</strong></span> 
     </span>
    </p>
   </div>
   <div class='ocr_carea' id='block_1_81' title="bbox 1840 2435 3408 2506">
    <p class='ocr_par' dir='ltr' id='par_1_81' title="bbox 1840 2435 3408 2506">
     <span class='ocr_line' id='line_1_81' title="bbox 1840 2435 3408 2506; baseline -0.004 -11"><span class='ocrx_word' id='word_1_629' title='bbox 1840 2440 2043 2496; x_wconf 92' lang='lat' dir='ltr'><strong>dictum</strong></span> <span class='ocrx_word' id='word_1_630' title='bbox 2076 2457 2089 2493; x_wconf 92' lang='lat'><strong>:</strong></span> <span class='ocrx_word' id='word_1_631' title='bbox 2135 2457 2153 2490; x_wconf 78' lang='lat' dir='ltr'><strong>r</strong></span> <span class='ocrx_word' id='word_1_632' title='bbox 2181 2438 2355 2493; x_wconf 88' lang='lat' dir='ltr'><strong>Dilata</strong></span> <span class='ocrx_word' id='word_1_633' title='bbox 2380 2438 2652 2493; x_wconf 91' lang='lat' dir='ltr'><strong>calvitium</strong></span> <span class='ocrx_word' id='word_1_634' title='bbox 2688 2446 2835 2491; x_wconf 92' lang='lat' dir='ltr'><strong>tuum</strong></span> <span class='ocrx_word' id='word_1_635' title='bbox 2866 2436 3199 2505; x_wconf 87' lang='lat' dir='ltr'><strong>sicutaquila</strong></span> <span class='ocrx_word' id='word_1_636' title='bbox 3224 2435 3408 2506; x_wconf 74' lang='lat' dir='ltr'><strong>(Mich.</strong></span> 
     </span>
    </p>
   </div>
   <div class='ocr_carea' id='block_1_82' title="bbox 1841 2510 3402 2605">
    <p class='ocr_par' dir='ltr' id='par_1_82' title="bbox 1841 2510 3402 2605">
     <span class='ocr_line' id='line_1_82' title="bbox 1841 2510 3402 2605; baseline -0.003 -17"><span class='ocrx_word' id='word_1_637' title='bbox 1841 2532 1902 2605; x_wconf 82' lang='grc' dir='ltr'><strong>ι).</strong></span> <span class='ocrx_word' id='word_1_638' title='bbox 1933 2552 1951 2584; x_wconf 74' lang='grc' dir='ltr'>ι</span> <span class='ocrx_word' id='word_1_639' title='bbox 1985 2510 2268 2587; x_wconf 87' lang='lat' dir='ltr'><strong>Calvitium</strong></span> <span class='ocrx_word' id='word_1_640' title='bbox 2294 2530 2490 2600; x_wconf 88' lang='lat' dir='ltr'><strong>quippe</strong></span> <span class='ocrx_word' id='word_1_641' title='bbox 2526 2529 2758 2584; x_wconf 87' lang='lat' dir='ltr'><strong>hominis</strong></span> <span class='ocrx_word' id='word_1_642' title='bbox 2802 2529 2855 2583; x_wconf 90' lang='lat' dir='ltr'><strong>in</strong></span> <span class='ocrx_word' id='word_1_643' title='bbox 2906 2529 3021 2583; x_wconf 91' lang='lat' dir='ltr'><strong>solo</strong></span> <span class='ocrx_word' id='word_1_644' title='bbox 3069 2528 3245 2599; x_wconf 89' lang='lat' dir='ltr'><strong>capite</strong></span> <span class='ocrx_word' id='word_1_645' title='bbox 3286 2527 3402 2583; x_wconf 90' lang='lat' dir='ltr'><strong>ﬁeri</strong></span> 
     </span>
    </p>
   </div>
   <div class='ocr_carea' id='block_1_83' title="bbox 1842 2616 3407 2689">
    <p class='ocr_par' dir='ltr' id='par_1_83' title="bbox 1842 2616 3407 2689">
     <span class='ocr_line' id='line_1_83' title="bbox 1842 2616 3407 2689; baseline -0.003 -14"><span class='ocrx_word' id='word_1_646' title='bbox 1842 2618 2008 2675; x_wconf 83' lang='lat' dir='ltr'><strong>solet:</strong></span> <span class='ocrx_word' id='word_1_647' title='bbox 2035 2619 2308 2675; x_wconf 84' lang='lat' dir='ltr'><strong>calvitium</strong></span> <span class='ocrx_word' id='word_1_648' title='bbox 2352 2634 2481 2674; x_wconf 87' lang='lat' dir='ltr'><strong>vero</strong></span> <span class='ocrx_word' id='word_1_649' title='bbox 2527 2618 2738 2689; x_wconf 79' lang='lat' dir='ltr'><strong>aquilae,</strong></span> <span class='ocrx_word' id='word_1_650' title='bbox 2789 2617 2842 2672; x_wconf 93' lang='lat' dir='ltr'><strong>in</strong></span> <span class='ocrx_word' id='word_1_651' title='bbox 2870 2626 2981 2673; x_wconf 94' lang='lat' dir='ltr'><strong>toto</strong></span> <span class='ocrx_word' id='word_1_652' title='bbox 3028 2616 3087 2672; x_wconf 86' lang='lat' dir='ltr'><strong>ﬁt</strong></span> <span class='ocrx_word' id='word_1_653' title='bbox 3138 2633 3407 2687; x_wconf 81' lang='lat' dir='ltr'><strong>corpore:</strong></span> 
     </span>
    </p>
   </div>
   <div class='ocr_carea' id='block_1_84' title="bbox 1843 2704 3407 2777">
    <p class='ocr_par' dir='ltr' id='par_1_84' title="bbox 1843 2704 3407 2777">
     <span class='ocr_line' id='line_1_84' title="bbox 1843 2704 3407 2777; baseline 0 -17"><span class='ocrx_word' id='word_1_654' title='bbox 1843 2707 1970 2776; x_wconf 90' lang='lat' dir='ltr'><strong>quia</strong></span> <span class='ocrx_word' id='word_1_655' title='bbox 1995 2722 2119 2762; x_wconf 93' lang='lat' dir='ltr'><strong>eum</strong></span> <span class='ocrx_word' id='word_1_656' title='bbox 2151 2705 2306 2763; x_wconf 83' lang='lat' dir='ltr'><strong>valde</strong></span> <span class='ocrx_word' id='word_1_657' title='bbox 2343 2705 2597 2769; x_wconf 88' lang='lat' dir='ltr'><strong>senuerit,</strong></span> <span class='ocrx_word' id='word_1_658' title='bbox 2630 2705 2824 2777; x_wconf 68' lang='lat' dir='ltr'><strong>plumm</strong></span> <span class='ocrx_word' id='word_1_659' title='bbox 2866 2704 2979 2774; x_wconf 90' lang='lat' dir='ltr'><strong>ejus</strong></span> <span class='ocrx_word' id='word_1_660' title='bbox 3010 2720 3072 2762; x_wconf 90' lang='lat' dir='ltr'><strong>ac</strong></span> <span class='ocrx_word' id='word_1_661' title='bbox 3107 2721 3294 2775; x_wconf 84' lang='lat' dir='ltr'><strong>pennae</strong></span> <span class='ocrx_word' id='word_1_662' title='bbox 3342 2722 3407 2760; x_wconf 81' lang='lat' dir='ltr'><strong>ex</strong></span> 
     </span>
    </p>
   </div>
   <div class='ocr_carea' id='block_1_85' title="bbox 1842 2795 3410 2867">
    <p class='ocr_par' dir='ltr' id='par_1_85' title="bbox 1842 2795 3410 2867">
     <span class='ocr_line' id='line_1_85' title="bbox 1842 2795 3410 2867; baseline 0.001 -15"><span class='ocrx_word' id='word_1_663' title='bbox 1842 2798 2090 2854; x_wconf 89' lang='lat' dir='ltr'><strong>omnibus</strong></span> <span class='ocrx_word' id='word_1_664' title='bbox 2124 2795 2241 2867; x_wconf 88' lang='lat' dir='ltr'><strong>ejus</strong></span> <span class='ocrx_word' id='word_1_665' title='bbox 2259 2798 2512 2853; x_wconf 90' lang='lat' dir='ltr'><strong>membris</strong></span> <span class='ocrx_word' id='word_1_666' title='bbox 2538 2798 2756 2853; x_wconf 89' lang='lat' dir='ltr'><strong>cadunt.</strong></span> <span class='ocrx_word' id='word_1_667' title='bbox 2790 2797 3074 2853; x_wconf 88' lang='lat' dir='ltr'><strong>Calvitium</strong></span> <span class='ocrx_word' id='word_1_668' title='bbox 3092 2814 3219 2865; x_wconf 80' lang='lat' dir='ltr'><strong>ergo</strong></span> <span class='ocrx_word' id='word_1_669' title='bbox 3250 2813 3410 2854; x_wconf 87' lang='lat' dir='ltr'><strong>suum</strong></span> 
     </span>
    </p>
   </div>
   <div class='ocr_carea' id='block_1_86' title="bbox 1844 2893 3413 2965">
    <p class='ocr_par' dir='ltr' id='par_1_86' title="bbox 1844 2893 3413 2965">
     <span class='ocr_line' id='line_1_86' title="bbox 1844 2893 3413 2965; baseline -0.002 -15"><span class='ocrx_word' id='word_1_670' title='bbox 1844 2894 1982 2950; x_wconf 88' lang='lat' dir='ltr'><strong>sicut</strong></span> <span class='ocrx_word' id='word_1_671' title='bbox 2014 2894 2190 2965; x_wconf 86' lang='lat' dir='ltr'><strong>aquila</strong></span> <span class='ocrx_word' id='word_1_672' title='bbox 2224 2894 2432 2958; x_wconf 87' lang='lat' dir='ltr'><strong>dilatat,</strong></span> <span class='ocrx_word' id='word_1_673' title='bbox 2473 2899 2595 2964; x_wconf 88' lang='lat' dir='ltr'><strong>quia</strong></span> <span class='ocrx_word' id='word_1_674' title='bbox 2627 2893 2838 2962; x_wconf 90' lang='lat' dir='ltr'><strong>plumas</strong></span> <span class='ocrx_word' id='word_1_675' title='bbox 2868 2893 3102 2963; x_wconf 64' lang='lat' dir='ltr'><strong>perdidit</strong></span> <span class='ocrx_word' id='word_1_676' title='bbox 3148 2907 3266 2963; x_wconf 86' lang='lat' dir='ltr'><strong>quae</strong></span> <span class='ocrx_word' id='word_1_677' title='bbox 3314 2906 3413 2962; x_wconf 87' lang='lat' dir='ltr'><strong>po-</strong></span> 
     </span>
    </p>
   </div>
   <div class='ocr_carea' id='block_1_87' title="bbox 1842 2983 3411 3055">
    <p class='ocr_par' dir='ltr' id='par_1_87' title="bbox 1842 2983 3411 3055">
     <span class='ocr_line' id='line_1_87' title="bbox 1842 2983 3411 3055; baseline -0.001 -16"><span class='ocrx_word' id='word_1_678' title='bbox 1842 2985 2025 3055; x_wconf 88' lang='lat' dir='ltr'><strong>pulum</strong></span> <span class='ocrx_word' id='word_1_679' title='bbox 2073 2986 2270 3038; x_wconf 90' lang='lat' dir='ltr'><strong>amisit.</strong></span> <span class='ocrx_word' id='word_1_680' title='bbox 2317 2983 2533 3038; x_wconf 87' lang='lat' dir='ltr'><strong>Alarum</strong></span> <span class='ocrx_word' id='word_1_681' title='bbox 2578 2999 2789 3054; x_wconf 90' lang='lat' dir='ltr'><strong>quoque</strong></span> <span class='ocrx_word' id='word_1_682' title='bbox 2841 2999 3027 3054; x_wconf 86' lang='lat' dir='ltr'><strong>pennae</strong></span> <span class='ocrx_word' id='word_1_683' title='bbox 3080 2984 3411 3051; x_wconf 88' lang='lat' dir='ltr'><strong>ceciderunt,</strong></span> 
     </span>
    </p>
   </div>
   <div class='ocr_carea' id='block_1_88' title="bbox 1850 3075 3411 3145">
    <p class='ocr_par' dir='ltr' id='par_1_88' title="bbox 1850 3075 3411 3145">
     <span class='ocr_line' id='line_1_88' title="bbox 1850 3075 3411 3145; baseline 0 -15"><span class='ocrx_word' id='word_1_684' title='bbox 1850 3091 1973 3131; x_wconf 92' lang='lat' dir='ltr'><strong>cum</strong></span> <span class='ocrx_word' id='word_1_685' title='bbox 2006 3076 2203 3145; x_wconf 90' lang='lat' dir='ltr'><strong>quibus</strong></span> <span class='ocrx_word' id='word_1_686' title='bbox 2252 3076 2436 3129; x_wconf 86' lang='lat' dir='ltr'><strong>volare</strong></span> <span class='ocrx_word' id='word_1_687' title='bbox 2482 3076 2546 3129; x_wconf 85' lang='lat' dir='ltr'><strong>ad</strong></span> <span class='ocrx_word' id='word_1_688' title='bbox 2586 3076 2819 3144; x_wconf 68' lang='lat' dir='ltr'><strong>praedam</strong></span> <span class='ocrx_word' id='word_1_689' title='bbox 2852 3083 3239 3130; x_wconf 87' lang='lat' dir='ltr'><strong>consueverat:</strong></span> <span class='ocrx_word' id='word_1_690' title='bbox 3287 3075 3411 3144; x_wconf 87' lang='lat' dir='ltr'><strong>quia</strong></span> 
     </span>
    </p>
   </div>
   <div class='ocr_carea' id='block_1_89' title="bbox 1845 3164 3411 3237">
    <p class='ocr_par' dir='ltr' id='par_1_89' title="bbox 1845 3164 3411 3237">
     <span class='ocr_line' id='line_1_89' title="bbox 1845 3164 3411 3237; baseline -0.001 -16"><span class='ocrx_word' id='word_1_691' title='bbox 1845 3182 2032 3222; x_wconf 89' lang='lat' dir='ltr'><strong>omnes</strong></span> <span class='ocrx_word' id='word_1_692' title='bbox 2073 3166 2188 3237; x_wconf 90' lang='lat' dir='ltr'><strong>ejus</strong></span> <span class='ocrx_word' id='word_1_693' title='bbox 2215 3174 2459 3235; x_wconf 86' lang='lat' dir='ltr'><strong>potentes</strong></span> <span class='ocrx_word' id='word_1_694' title='bbox 2490 3166 2741 3220; x_wconf 79' lang='lat' dir='ltr'><strong>exstincti</strong></span> <span class='ocrx_word' id='word_1_695' title='bbox 2771 3174 2927 3229; x_wconf 89' lang='lat' dir='ltr'><strong>sunt,</strong></span> <span class='ocrx_word' id='word_1_696' title='bbox 2960 3180 3056 3235; x_wconf 87' lang='lat' dir='ltr'><strong>per</strong></span> <span class='ocrx_word' id='word_1_697' title='bbox 3077 3180 3212 3234; x_wconf 85' lang='lat' dir='ltr'><strong>quos</strong></span> <span class='ocrx_word' id='word_1_698' title='bbox 3240 3164 3411 3219; x_wconf 87' lang='lat' dir='ltr'><strong>aliena</strong></span> 
     </span>
    </p>
   </div>
   <div class='ocr_carea' id='block_1_90' title="bbox 1846 3248 3412 3326">
    <p class='ocr_par' dir='ltr' id='par_1_90' title="bbox 1846 3248 3412 3326">
     <span class='ocr_line' id='line_1_90' title="bbox 1846 3248 3412 3326; baseline -0.001 -17"><span class='ocrx_word' id='word_1_699' title='bbox 1846 3256 2105 3326; x_wconf 87' lang='lat' dir='ltr'><strong>rapiebat.</strong></span> <span class='ocrx_word' id='word_1_700' title='bbox 2140 3255 2263 3310; x_wconf 75' lang='lat' dir='ltr'><strong>Hzec</strong></span> <span class='ocrx_word' id='word_1_701' title='bbox 2296 3264 2473 3309; x_wconf 89' lang='lat' dir='ltr'><strong>autem</strong></span> <span class='ocrx_word' id='word_1_702' title='bbox 2505 3271 2624 3325; x_wconf 67' lang='lat' dir='ltr'><strong>quae</strong></span> <span class='ocrx_word' id='word_1_703' title='bbox 2653 3256 2716 3310; x_wconf 89' lang='lat' dir='ltr'><strong>de</strong></span> <span class='ocrx_word' id='word_1_704' title='bbox 2758 3248 3011 3309; x_wconf 71' lang='lat' dir='ltr'><strong>Romanm</strong></span> <span class='ocrx_word' id='word_1_705' title='bbox 3036 3254 3183 3309; x_wconf 87' lang='lat' dir='ltr'><strong>urbis</strong></span> <span class='ocrx_word' id='word_1_706' title='bbox 3212 3254 3412 3310; x_wconf 84' lang='lat' dir='ltr'><strong>contri-</strong></span> 
     </span>
    </p>
   </div>
   <div class='ocr_carea' id='block_1_91' title="bbox 1846 3344 3409 3411">
    <p class='ocr_par' dir='ltr' id='par_1_91' title="bbox 1846 3344 3409 3411">
     <span class='ocr_line' id='line_1_91' title="bbox 1846 3344 3409 3411; baseline -0.001 -10"><span class='ocrx_word' id='word_1_707' title='bbox 1846 3347 1992 3401; x_wconf 89' lang='lat' dir='ltr'><strong>tione</strong></span> <span class='ocrx_word' id='word_1_708' title='bbox 2040 3347 2291 3411; x_wconf 87' lang='lat' dir='ltr'><strong>dicimus,</strong></span> <span class='ocrx_word' id='word_1_709' title='bbox 2354 3347 2406 3401; x_wconf 92' lang='lat' dir='ltr'><strong>in</strong></span> <span class='ocrx_word' id='word_1_710' title='bbox 2444 3346 2652 3401; x_wconf 83' lang='lat' dir='ltr'><strong>cunctis</strong></span> <span class='ocrx_word' id='word_1_711' title='bbox 2698 3345 2837 3399; x_wconf 86' lang='lat' dir='ltr'><strong>facta</strong></span> <span class='ocrx_word' id='word_1_712' title='bbox 2877 3344 3061 3398; x_wconf 90' lang='lat' dir='ltr'><strong>mundi</strong></span> <span class='ocrx_word' id='word_1_713' title='bbox 3101 3344 3409 3399; x_wconf 83' lang='lat' dir='ltr'><strong>civitatibus</strong></span> 
     </span>
    </p>
   </div>
   <div class='ocr_carea' id='block_1_92' title="bbox 1845 3435 3410 3500">
    <p class='ocr_par' dir='ltr' id='par_1_92' title="bbox 1845 3435 3410 3500">
     <span class='ocr_line' id='line_1_92' title="bbox 1845 3435 3410 3500; baseline -0.003 -6"><span class='ocrx_word' id='word_1_714' title='bbox 1845 3441 2066 3495; x_wconf 90' lang='lat' dir='ltr'><strong>scimus.</strong></span> <span class='ocrx_word' id='word_1_715' title='bbox 2116 3438 2237 3494; x_wconf 85' lang='lat' dir='ltr'><strong>Alia</strong></span> <span class='ocrx_word' id='word_1_716' title='bbox 2261 3439 2466 3493; x_wconf 86' lang='lat' dir='ltr'><strong>etenim</strong></span> <span class='ocrx_word' id='word_1_717' title='bbox 2498 3438 2614 3493; x_wconf 88' lang='lat' dir='ltr'><strong>loca</strong></span> <span class='ocrx_word' id='word_1_718' title='bbox 2650 3436 2801 3492; x_wconf 91' lang='lat' dir='ltr'><strong>clade</strong></span> <span class='ocrx_word' id='word_1_719' title='bbox 2840 3436 3075 3491; x_wconf 88' lang='lat' dir='ltr'><strong>desolata</strong></span> <span class='ocrx_word' id='word_1_720' title='bbox 3116 3443 3261 3500; x_wconf 89' lang='lat' dir='ltr'><strong>sunt,</strong></span> <span class='ocrx_word' id='word_1_721' title='bbox 3307 3435 3410 3489; x_wconf 85' lang='lat' dir='ltr'><strong>alia</strong></span> 
     </span>
    </p>
   </div>
   <div class='ocr_carea' id='block_1_93' title="bbox 1845 3526 3412 3600">
    <p class='ocr_par' dir='ltr' id='par_1_93' title="bbox 1845 3526 3412 3600">
     <span class='ocr_line' id='line_1_93' title="bbox 1845 3526 3412 3600; baseline -0.001 -18"><span class='ocrx_word' id='word_1_722' title='bbox 1845 3529 2020 3600; x_wconf 87' lang='lat' dir='ltr'><strong>gladio</strong></span> <span class='ocrx_word' id='word_1_723' title='bbox 2063 3537 2397 3597; x_wconf 89' lang='lat' dir='ltr'><strong>consumpta,</strong></span> <span class='ocrx_word' id='word_1_724' title='bbox 2449 3528 2552 3582; x_wconf 91' lang='lat' dir='ltr'><strong>alia</strong></span> <span class='ocrx_word' id='word_1_725' title='bbox 2608 3526 2748 3582; x_wconf 89' lang='lat' dir='ltr'><strong>fame</strong></span> <span class='ocrx_word' id='word_1_726' title='bbox 2793 3526 3053 3591; x_wconf 87' lang='lat' dir='ltr'><strong>cruciata,</strong></span> <span class='ocrx_word' id='word_1_727' title='bbox 3101 3526 3207 3580; x_wconf 88' lang='lat' dir='ltr'><strong>alia</strong></span> <span class='ocrx_word' id='word_1_728' title='bbox 3256 3534 3412 3580; x_wconf 71' lang='lat' dir='ltr'><strong>terra:</strong></span> 
     </span>
    </p>
   </div>
   <div class='ocr_carea' id='block_1_94' title="bbox 1846 3618 3410 3691">
    <p class='ocr_par' dir='ltr' id='par_1_94' title="bbox 1846 3618 3410 3691">
     <span class='ocr_line' id='line_1_94' title="bbox 1846 3618 3410 3691; baseline -0.004 -14"><span class='ocrx_word' id='word_1_729' title='bbox 1846 3624 2081 3678; x_wconf 88' lang='lat' dir='ltr'><strong>hiatibus</strong></span> <span class='ocrx_word' id='word_1_730' title='bbox 2115 3623 2383 3691; x_wconf 86' lang='lat' dir='ltr'><strong>absorpta.</strong></span> <span class='ocrx_word' id='word_1_731' title='bbox 2419 3621 2789 3691; x_wconf 89' lang='lat' dir='ltr'><strong>Despiciamus</strong></span> <span class='ocrx_word' id='word_1_732' title='bbox 2816 3635 2944 3690; x_wconf 80' lang='lat' dir='ltr'><strong>ergo</strong></span> <span class='ocrx_word' id='word_1_733' title='bbox 2982 3619 3049 3674; x_wconf 92' lang='lat' dir='ltr'><strong>de</strong></span> <span class='ocrx_word' id='word_1_734' title='bbox 3092 3626 3202 3674; x_wconf 87' lang='lat' dir='ltr'><strong>toto</strong></span> <span class='ocrx_word' id='word_1_735' title='bbox 3230 3618 3410 3672; x_wconf 91' lang='lat' dir='ltr'><strong>animo</strong></span> 
     </span>
    </p>
   </div>
   <div class='ocr_carea' id='block_1_95' title="bbox 1844 3711 3410 3785">
    <p class='ocr_par' dir='ltr' id='par_1_95' title="bbox 1844 3711 3410 3785">
     <span class='ocr_line' id='line_1_95' title="bbox 1844 3711 3410 3785; baseline -0.003 -14"><span class='ocrx_word' id='word_1_736' title='bbox 1844 3717 1946 3772; x_wconf 90' lang='lat' dir='ltr'><strong>hoc</strong></span> <span class='ocrx_word' id='word_1_737' title='bbox 2003 3731 2237 3785; x_wconf 61' lang='lat' dir='ltr'><strong>praesens</strong></span> <span class='ocrx_word' id='word_1_738' title='bbox 2286 3714 2559 3778; x_wconf 66' lang='lat' dir='ltr'><strong>saeculum,</strong></span> <span class='ocrx_word' id='word_1_739' title='bbox 2617 3713 2701 3769; x_wconf 88' lang='lat' dir='ltr'><strong>vel</strong></span> <span class='ocrx_word' id='word_1_740' title='bbox 2752 3714 3107 3777; x_wconf 77' lang='lat' dir='ltr'><strong>exstinctum;</strong></span> <span class='ocrx_word' id='word_1_741' title='bbox 3160 3711 3410 3766; x_wconf 82' lang='lat' dir='ltr'><strong>finiamus</strong></span> 
     </span>
    </p>
   </div>
   <div class='ocr_carea' id='block_1_96' title="bbox 1844 3803 3405 3868">
    <p class='ocr_par' dir='ltr' id='par_1_96' title="bbox 1844 3803 3405 3868">
     <span class='ocr_line' id='line_1_96' title="bbox 1844 3803 3405 3868; baseline -0.005 -6"><span class='ocrx_word' id='word_1_742' title='bbox 1844 3808 2027 3862; x_wconf 91' lang='lat' dir='ltr'><strong>mundi</strong></span> <span class='ocrx_word' id='word_1_743' title='bbox 2054 3807 2316 3861; x_wconf 86' lang='lat' dir='ltr'><strong>desideria</strong></span> <span class='ocrx_word' id='word_1_744' title='bbox 2370 3806 2561 3861; x_wconf 90' lang='lat' dir='ltr'><strong>saltem</strong></span> <span class='ocrx_word' id='word_1_745' title='bbox 2599 3821 2720 3860; x_wconf 89' lang='lat' dir='ltr'><strong>cum</strong></span> <span class='ocrx_word' id='word_1_746' title='bbox 2752 3805 2930 3859; x_wconf 92' lang='lat' dir='ltr'><strong>mundi</strong></span> <span class='ocrx_word' id='word_1_747' title='bbox 2972 3804 3095 3868; x_wconf 90' lang='lat' dir='ltr'><strong>ﬁne,</strong></span> <span class='ocrx_word' id='word_1_748' title='bbox 3133 3803 3405 3857; x_wconf 89' lang='lat' dir='ltr'><strong>imitemur</strong></span> 
     </span>
    </p>
   </div>
   <div class='ocr_carea' id='block_1_97' title="bbox 1844 3895 3411 3967">
    <p class='ocr_par' dir='ltr' id='par_1_97' title="bbox 1844 3895 3411 3967">
     <span class='ocr_line' id='line_1_97' title="bbox 1844 3895 3411 3967; baseline -0.005 -14"><span class='ocrx_word' id='word_1_749' title='bbox 1844 3900 2111 3953; x_wconf 90' lang='lat' dir='ltr'><strong>bonorum</strong></span> <span class='ocrx_word' id='word_1_750' title='bbox 2158 3896 2300 3951; x_wconf 88' lang='lat' dir='ltr'><strong>facta</strong></span> <span class='ocrx_word' id='word_1_751' title='bbox 2331 3912 2452 3967; x_wconf 73' lang='lat' dir='ltr'><strong>quae</strong></span> <span class='ocrx_word' id='word_1_752' title='bbox 2502 3911 2808 3964; x_wconf 77' lang='lat' dir='ltr'><strong>possumus,</strong></span> <span class='ocrx_word' id='word_1_753' title='bbox 2838 3904 2896 3949; x_wconf 92' lang='lat' dir='ltr'><strong>ut</strong></span> <span class='ocrx_word' id='word_1_754' title='bbox 2939 3895 3005 3950; x_wconf 87' lang='lat' dir='ltr'><strong>ad</strong></span> <span class='ocrx_word' id='word_1_755' title='bbox 3050 3904 3310 3950; x_wconf 66' lang='lat' dir='ltr'><strong>aeternum</strong></span> <span class='ocrx_word' id='word_1_756' title='bbox 3357 3901 3411 3946; x_wconf 90' lang='lat' dir='ltr'><strong>et</strong></span> 
     </span>
    </p>
   </div>
   <div class='ocr_carea' id='block_1_98' title="bbox 1845 3986 2955 4058">
    <p class='ocr_par' dir='ltr' id='par_1_98' title="bbox 1845 3986 2955 4058">
     <span class='ocr_line' id='line_1_98' title="bbox 1845 3986 2955 4058; baseline -0.005 -14"><span class='ocrx_word' id='word_1_757' title='bbox 1845 3988 2038 4045; x_wconf 89' lang='lat' dir='ltr'><strong>stabile</strong></span> <span class='ocrx_word' id='word_1_758' title='bbox 2069 4002 2289 4058; x_wconf 89' lang='lat' dir='ltr'><strong>regnum</strong></span> <span class='ocrx_word' id='word_1_759' title='bbox 2318 3986 2600 4056; x_wconf 89' lang='lat' dir='ltr'><strong>pervenire</strong></span> <span class='ocrx_word' id='word_1_760' title='bbox 2632 4000 2955 4039; x_wconf 86' lang='lat' dir='ltr'><strong>mereamur.</strong></span> 
     </span>
    </p>
   </div>
   <div class='ocr_carea' id='block_1_99' title="bbox 1923 4076 3408 4135">
    <p class='ocr_par' dir='ltr' id='par_1_99' title="bbox 1923 4076 3408 4135">
     <span class='ocr_line' id='line_1_99' title="bbox 1923 4076 3408 4135; baseline -0.001 -4"><span class='ocrx_word' id='word_1_761' title='bbox 1923 4099 1942 4131; x_wconf 70' lang='grc' dir='ltr'><strong><em>ε</em></strong></span> <span class='ocrx_word' id='word_1_762' title='bbox 1983 4082 2047 4135; x_wconf 86' lang='lat' dir='ltr'><strong>Et</strong></span> <span class='ocrx_word' id='word_1_763' title='bbox 2085 4080 2284 4135; x_wconf 89' lang='lat' dir='ltr'><strong>factum</strong></span> <span class='ocrx_word' id='word_1_764' title='bbox 2321 4088 2406 4135; x_wconf 87' lang='lat' dir='ltr'><strong>est</strong></span> <span class='ocrx_word' id='word_1_765' title='bbox 2438 4079 2658 4134; x_wconf 89' lang='lat' dir='ltr'><strong>verbum</strong></span> <span class='ocrx_word' id='word_1_766' title='bbox 2695 4077 2905 4132; x_wconf 91' lang='lat' dir='ltr'><strong>Domini</strong></span> <span class='ocrx_word' id='word_1_767' title='bbox 2953 4079 3020 4133; x_wconf 87' lang='lat' dir='ltr'><strong>ad</strong></span> <span class='ocrx_word' id='word_1_768' title='bbox 3056 4091 3140 4132; x_wconf 90' lang='lat' dir='ltr'><strong>me</strong></span> <span class='ocrx_word' id='word_1_769' title='bbox 3187 4076 3408 4132; x_wconf 87' lang='lat' dir='ltr'><strong>dicens:</strong></span> 
     </span>
    </p>
   </div>
   <div class='ocr_carea' id='block_1_100' title="bbox 1851 4166 3410 4237">
    <p class='ocr_par' dir='ltr' id='par_1_100' title="bbox 1851 4166 3410 4237">
     <span class='ocr_line' id='line_1_100' title="bbox 1851 4166 3410 4237; baseline -0.001 -15"><span class='ocrx_word' id='word_1_770' title='bbox 1851 4191 1868 4221; x_wconf 75' lang='grc' dir='ltr'>ι</span> <span class='ocrx_word' id='word_1_771' title='bbox 1906 4170 2007 4224; x_wconf 87' lang='lat' dir='ltr'><strong>Fili</strong></span> <span class='ocrx_word' id='word_1_772' title='bbox 2061 4169 2332 4233; x_wconf 90' lang='lat' dir='ltr'><strong>hominis,</strong></span> <span class='ocrx_word' id='word_1_773' title='bbox 2384 4182 2511 4223; x_wconf 91' lang='lat' dir='ltr'><strong>ecce</strong></span> <span class='ocrx_word' id='word_1_774' title='bbox 2553 4182 2651 4237; x_wconf 86' lang='lat' dir='ltr'><strong>ego</strong></span> <span class='ocrx_word' id='word_1_775' title='bbox 2707 4166 2831 4221; x_wconf 90' lang='lat' dir='ltr'><strong>tollo</strong></span> <span class='ocrx_word' id='word_1_776' title='bbox 2879 4182 2907 4220; x_wconf 87' lang='lat' dir='ltr'><strong>a</strong></span> <span class='ocrx_word' id='word_1_777' title='bbox 2957 4178 3006 4221; x_wconf 89' lang='lat' dir='ltr'><strong>te</strong></span> <span class='ocrx_word' id='word_1_778' title='bbox 3058 4166 3410 4221; x_wconf 88' lang='lat' dir='ltr'><strong>desiderabile</strong></span> 
     </span>
    </p>
   </div>
   <div class='ocr_carea' id='block_1_101' title="bbox 1852 4254 3410 4326">
    <p class='ocr_par' dir='ltr' id='par_1_101' title="bbox 1852 4254 3410 4326">
     <span class='ocr_line' id='line_1_101' title="bbox 1852 4254 3410 4326; baseline -0.002 -16"><span class='ocrx_word' id='word_1_779' title='bbox 1852 4278 1869 4310; x_wconf 83' lang='grc'><strong><em>‹</em></strong></span> <span class='ocrx_word' id='word_1_780' title='bbox 1903 4258 2179 4315; x_wconf 90' lang='lat' dir='ltr'><strong>oculorum</strong></span> <span class='ocrx_word' id='word_1_781' title='bbox 2209 4265 2420 4312; x_wconf 88' lang='lat' dir='ltr'><strong>tuorum</strong></span> <span class='ocrx_word' id='word_1_782' title='bbox 2458 4258 2513 4311; x_wconf 92' lang='lat' dir='ltr'><strong>in</strong></span> <span class='ocrx_word' id='word_1_783' title='bbox 2539 4257 2718 4326; x_wconf 85' lang='lat' dir='ltr'><strong>plaga.</strong></span> <span class='ocrx_word' id='word_1_784' title='bbox 2762 4266 2817 4310; x_wconf 91' lang='lat' dir='ltr'><strong>et</strong></span> <span class='ocrx_word' id='word_1_785' title='bbox 2847 4271 2965 4310; x_wconf 92' lang='lat' dir='ltr'><strong>non.</strong></span> <span class='ocrx_word' id='word_1_786' title='bbox 2984 4254 3204 4325; x_wconf 88' lang='lat' dir='ltr'><strong>planges</strong></span> <span class='ocrx_word' id='word_1_787' title='bbox 3237 4269 3410 4322; x_wconf 82' lang='lat' dir='ltr'><strong>neque</strong></span> 
     </span>
    </p>
   </div>
   <div class='ocr_carea' id='block_1_102' title="bbox 1852 4345 3409 4420">
    <p class='ocr_par' dir='ltr' id='par_1_102' title="bbox 1852 4345 3409 4420">
     <span class='ocr_line' id='line_1_102' title="bbox 1852 4345 3409 4420; baseline -0.002 -18"><span class='ocrx_word' id='word_1_788' title='bbox 1852 4370 1869 4402; x_wconf 74' lang='grc' dir='ltr'><strong>ε</strong></span> <span class='ocrx_word' id='word_1_789' title='bbox 1905 4349 2161 4420; x_wconf 88' lang='lat' dir='ltr'><strong>plorabis,</strong></span> <span class='ocrx_word' id='word_1_790' title='bbox 2213 4364 2389 4419; x_wconf 89' lang='lat' dir='ltr'><strong>neque</strong></span> <span class='ocrx_word' id='word_1_791' title='bbox 2437 4346 2602 4403; x_wconf 83' lang='lat' dir='ltr'><strong>liuent</strong></span> <span class='ocrx_word' id='word_1_792' title='bbox 2646 4348 2896 4417; x_wconf 71' lang='lat' dir='ltr'><strong>laerymaa</strong></span> <span class='ocrx_word' id='word_1_793' title='bbox 2940 4355 3062 4401; x_wconf 70' lang='lat' dir='ltr'><strong>tuae.</strong></span> <span class='ocrx_word' id='word_1_794' title='bbox 3116 4345 3409 4419; x_wconf 67' lang='lat' dir='ltr'><strong>lngemisce</strong></span> 
     </span>
    </p>
   </div>
   <div class='ocr_carea' id='block_1_103' title="bbox 1851 4436 3409 4506">
    <p class='ocr_par' dir='ltr' id='par_1_103' title="bbox 1851 4436 3409 4506">
     <span class='ocr_line' id='line_1_103' title="bbox 1851 4436 3409 4506; baseline -0.003 -14"><span class='ocrx_word' id='word_1_795' title='bbox 1851 4461 1868 4492; x_wconf 77' lang='grc' dir='ltr'>ι</span> <span class='ocrx_word' id='word_1_796' title='bbox 1906 4448 2110 4506; x_wconf 90' lang='lat' dir='ltr'><strong>tacens,</strong></span> <span class='ocrx_word' id='word_1_797' title='bbox 2140 4446 2466 4493; x_wconf 88' lang='lat' dir='ltr'><strong>mortuorum</strong></span> <span class='ocrx_word' id='word_1_798' title='bbox 2493 4439 2691 4493; x_wconf 90' lang='lat' dir='ltr'><strong>luctum</strong></span> <span class='ocrx_word' id='word_1_799' title='bbox 2721 4452 2826 4491; x_wconf 91' lang='lat' dir='ltr'><strong>non</strong></span> <span class='ocrx_word' id='word_1_800' title='bbox 2856 4436 3037 4491; x_wconf 89' lang='lat' dir='ltr'><strong>facies.</strong></span> <span class='ocrx_word' id='word_1_801' title='bbox 3076 4436 3281 4490; x_wconf 88' lang='lat' dir='ltr'><strong>Corona</strong></span> <span class='ocrx_word' id='word_1_802' title='bbox 3322 4442 3409 4487; x_wconf 88' lang='lat' dir='ltr'><strong>tua</strong></span> 
     </span>
    </p>
   </div>
   <div class='ocr_carea' id='block_1_104' title="bbox 1854 4524 3411 4600">
    <p class='ocr_par' dir='ltr' id='par_1_104' title="bbox 1854 4524 3411 4600">
     <span class='ocr_line' id='line_1_104' title="bbox 1854 4524 3411 4600; baseline -0.002 -19"><span class='ocrx_word' id='word_1_803' title='bbox 1854 4550 1871 4581; x_wconf 82' lang='grc'>‹</span> <span class='ocrx_word' id='word_1_804' title='bbox 1909 4530 2274 4600; x_wconf 88' lang='lat' dir='ltr'><strong>circumligata</strong></span> <span class='ocrx_word' id='word_1_805' title='bbox 2311 4530 2381 4584; x_wconf 90' lang='lat' dir='ltr'><strong>sit</strong></span> <span class='ocrx_word' id='word_1_806' title='bbox 2406 4530 2524 4593; x_wconf 92' lang='lat' dir='ltr'><strong>tibi,</strong></span> <span class='ocrx_word' id='word_1_807' title='bbox 2555 4537 2608 4584; x_wconf 91' lang='lat' dir='ltr'><strong>et</strong></span> <span class='ocrx_word' id='word_1_808' title='bbox 2638 4528 3001 4583; x_wconf 89' lang='lat' dir='ltr'><strong>calceamenta</strong></span> <span class='ocrx_word' id='word_1_809' title='bbox 3042 4535 3203 4580; x_wconf 91' lang='lat' dir='ltr'><strong>erunt</strong></span> <span class='ocrx_word' id='word_1_810' title='bbox 3241 4524 3292 4579; x_wconf 90' lang='lat' dir='ltr'><strong>in</strong></span> <span class='ocrx_word' id='word_1_811' title='bbox 3318 4541 3411 4593; x_wconf 85' lang='lat' dir='ltr'><strong>pc—</strong></span> 
     </span>
    </p>
   </div>
   <div class='ocr_carea' id='block_1_105' title="bbox 1857 4613 3410 4685">
    <p class='ocr_par' dir='ltr' id='par_1_105' title="bbox 1857 4613 3410 4685">
     <span class='ocr_line' id='line_1_105' title="bbox 1857 4613 3410 4685; baseline -0.003 -14"><span class='ocrx_word' id='word_1_812' title='bbox 1857 4638 1874 4671; x_wconf 72' lang='grc'><strong>(</strong></span> <span class='ocrx_word' id='word_1_813' title='bbox 1913 4620 2067 4676; x_wconf 89' lang='lat' dir='ltr'><strong>dibus</strong></span> <span class='ocrx_word' id='word_1_814' title='bbox 2108 4620 2235 4685; x_wconf 89' lang='lat' dir='ltr'><strong>tuis,</strong></span> <span class='ocrx_word' id='word_1_815' title='bbox 2263 4634 2363 4675; x_wconf 88' lang='lat' dir='ltr'><strong>nec</strong></span> <span class='ocrx_word' id='word_1_816' title='bbox 2390 4619 2587 4673; x_wconf 90' lang='lat' dir='ltr'><strong>amictu</strong></span> <span class='ocrx_word' id='word_1_817' title='bbox 2614 4634 2707 4673; x_wconf 92' lang='lat' dir='ltr'><strong>ora</strong></span> <span class='ocrx_word' id='word_1_818' title='bbox 2736 4617 2958 4681; x_wconf 87' lang='lat' dir='ltr'><strong>velabis,</strong></span> <span class='ocrx_word' id='word_1_819' title='bbox 3014 4630 3111 4671; x_wconf 92' lang='lat' dir='ltr'><strong>nec</strong></span> <span class='ocrx_word' id='word_1_820' title='bbox 3134 4615 3282 4670; x_wconf 90' lang='lat' dir='ltr'><strong>cibos</strong></span> <span class='ocrx_word' id='word_1_821' title='bbox 3331 4613 3410 4667; x_wconf 92' lang='lat' dir='ltr'><strong>lu-</strong></span> 
     </span>
    </p>
   </div>
   <div class='ocr_carea' id='block_1_106' title="bbox 1856 4704 3404 4783">
    <p class='ocr_par' dir='ltr' id='par_1_106' title="bbox 1856 4704 3404 4783">
     <span class='ocr_line' id='line_1_106' title="bbox 1856 4704 3404 4783; baseline -0.004 -20"><span class='ocrx_word' id='word_1_822' title='bbox 1856 4730 1874 4763; x_wconf 73' lang='grc' dir='ltr'>ι</span> <span class='ocrx_word' id='word_1_823' title='bbox 1910 4712 2151 4783; x_wconf 78' lang='lat' dir='ltr'><strong>gentium</strong></span> <span class='ocrx_word' id='word_1_824' title='bbox 2188 4711 2454 4773; x_wconf 91' lang='lat' dir='ltr'><strong>comedes,</strong></span> <span class='ocrx_word' id='word_1_825' title='bbox 2510 4710 2721 4765; x_wconf 90' lang='lat' dir='ltr'><strong>locutus</strong></span> <span class='ocrx_word' id='word_1_826' title='bbox 2745 4725 2859 4764; x_wconf 88' lang='lat' dir='ltr'><strong>sum</strong></span> <span class='ocrx_word' id='word_1_827' title='bbox 2893 4722 3019 4779; x_wconf 88' lang='lat' dir='ltr'><strong>ergo</strong></span> <span class='ocrx_word' id='word_1_828' title='bbox 3057 4708 3123 4761; x_wconf 90' lang='lat' dir='ltr'><strong>ad</strong></span> <span class='ocrx_word' id='word_1_829' title='bbox 3152 4704 3404 4775; x_wconf 88' lang='lat' dir='ltr'><strong>populum</strong></span> 
     </span>
    </p>
   </div>
   <div class='ocr_carea' id='block_1_107' title="bbox 1855 4795 3407 4867">
    <p class='ocr_par' dir='ltr' id='par_1_107' title="bbox 1855 4795 3407 4867">
     <span class='ocr_line' id='line_1_107' title="bbox 1855 4795 3407 4867; baseline -0.003 -15"><span class='ocrx_word' id='word_1_830' title='bbox 1855 4820 1873 4852; x_wconf 74' lang='grc' dir='ltr'><strong><em>ι</em></strong></span> <span class='ocrx_word' id='word_1_831' title='bbox 1913 4816 2090 4867; x_wconf 90' lang='lat' dir='ltr'><strong>mane,</strong></span> <span class='ocrx_word' id='word_1_832' title='bbox 2139 4810 2193 4857; x_wconf 90' lang='lat' dir='ltr'><strong>et</strong></span> <span class='ocrx_word' id='word_1_833' title='bbox 2229 4810 2437 4856; x_wconf 89' lang='lat' dir='ltr'><strong>mortua</strong></span> <span class='ocrx_word' id='word_1_834' title='bbox 2464 4808 2549 4855; x_wconf 87' lang='lat' dir='ltr'><strong>est</strong></span> <span class='ocrx_word' id='word_1_835' title='bbox 2597 4815 2734 4853; x_wconf 80' lang='lat' dir='ltr'><strong>uxor</strong></span> <span class='ocrx_word' id='word_1_836' title='bbox 2772 4814 2888 4853; x_wconf 88' lang='lat' dir='ltr'><strong>mea</strong></span> <span class='ocrx_word' id='word_1_837' title='bbox 2918 4797 3146 4867; x_wconf 82' lang='lat' dir='ltr'><strong>vesperi,</strong></span> <span class='ocrx_word' id='word_1_838' title='bbox 3195 4795 3407 4865; x_wconf 80' lang='lat' dir='ltr'><strong>fecique</strong></span> 
     </span>
    </p>
   </div>
   <div class='ocr_carea' id='block_1_108' title="bbox 1854 4886 3403 4959">
    <p class='ocr_par' dir='ltr' id='par_1_108' title="bbox 1854 4886 3403 4959">
     <span class='ocr_line' id='line_1_108' title="bbox 1854 4886 3403 4959; baseline -0.001 -18"><span class='ocrx_word' id='word_1_839' title='bbox 1854 4909 1871 4941; x_wconf 70' lang='grc' dir='ltr'>ε</span> <span class='ocrx_word' id='word_1_840' title='bbox 1911 4906 2066 4945; x_wconf 89' lang='lat' dir='ltr'><strong>mane</strong></span> <span class='ocrx_word' id='word_1_841' title='bbox 2093 4891 2233 4945; x_wconf 91' lang='lat' dir='ltr'><strong>sicut</strong></span> <span class='ocrx_word' id='word_1_842' title='bbox 2280 4898 2606 4959; x_wconf 69' lang='lat' dir='ltr'><strong>praeceperat</strong></span> <span class='ocrx_word' id='word_1_843' title='bbox 2639 4889 2789 4942; x_wconf 89' lang='lat' dir='ltr'><strong>mihi.</strong></span> <span class='ocrx_word' id='word_1_844' title='bbox 2832 4888 2899 4941; x_wconf 90' lang='lat' dir='ltr'><strong>Et</strong></span> <span class='ocrx_word' id='word_1_845' title='bbox 2922 4887 3059 4942; x_wconf 79' lang='lat' dir='ltr'><strong>dixit</strong></span> <span class='ocrx_word' id='word_1_846' title='bbox 3103 4886 3170 4941; x_wconf 88' lang='lat' dir='ltr'><strong>ad</strong></span> <span class='ocrx_word' id='word_1_847' title='bbox 3194 4900 3280 4940; x_wconf 85' lang='lat' dir='ltr'><strong>me</strong></span> <span class='ocrx_word' id='word_1_848' title='bbox 3308 4900 3403 4954; x_wconf 87' lang='lat' dir='ltr'><strong>po-</strong></span> 
     </span>
    </p>
   </div>
   <div class='ocr_carea' id='block_1_109' title="bbox 1855 4974 3407 5051">
    <p class='ocr_par' dir='ltr' id='par_1_109' title="bbox 1855 4974 3407 5051">
     <span class='ocr_line' id='line_1_109' title="bbox 1855 4974 3407 5051; baseline -0.002 -20"><span class='ocrx_word' id='word_1_849' title='bbox 1855 5000 1873 5031; x_wconf 77' lang='grc' dir='ltr'>ι</span> <span class='ocrx_word' id='word_1_850' title='bbox 1911 4981 2064 5051; x_wconf 83' lang='lat' dir='ltr'><strong>polus</strong></span> <span class='ocrx_word' id='word_1_851' title='bbox 2093 4999 2103 5033; x_wconf 95' lang='lat'>:</span> <span class='ocrx_word' id='word_1_852' title='bbox 2135 4981 2312 5048; x_wconf 87' lang='lat' dir='ltr'><strong>Quare</strong></span> <span class='ocrx_word' id='word_1_853' title='bbox 2350 4994 2455 5034; x_wconf 91' lang='lat' dir='ltr'><strong>non</strong></span> <span class='ocrx_word' id='word_1_854' title='bbox 2495 4979 2705 5043; x_wconf 84' lang='lat' dir='ltr'><strong>indicas</strong></span> <span class='ocrx_word' id='word_1_855' title='bbox 2743 4978 2895 5033; x_wconf 92' lang='lat' dir='ltr'><strong>nobis</strong></span> <span class='ocrx_word' id='word_1_856' title='bbox 2921 4977 3047 5046; x_wconf 87' lang='lat' dir='ltr'><strong>quid</strong></span> <span class='ocrx_word' id='word_1_857' title='bbox 3094 4976 3197 5031; x_wconf 88' lang='lat' dir='ltr'><strong>ista</strong></span> <span class='ocrx_word' id='word_1_858' title='bbox 3243 4974 3407 5043; x_wconf 83' lang='lat' dir='ltr'><strong>signi-</strong></span> 
     </span>
    </p>
   </div>
   <div class='ocr_carea' id='block_1_110' title="bbox 1854 5062 3391 5141">
    <p class='ocr_par' dir='ltr' id='par_1_110' title="bbox 1854 5062 3391 5141">
     <span class='ocr_line' id='line_1_110' title="bbox 1854 5062 3391 5141; baseline -0.003 -17"><span class='ocrx_word' id='word_1_859' title='bbox 1854 5092 1872 5124; x_wconf 72' lang='grc' dir='ltr'>ι</span> <span class='ocrx_word' id='word_1_860' title='bbox 1908 5073 2068 5129; x_wconf 87' lang='lat' dir='ltr'><strong>licent</strong></span> <span class='ocrx_word' id='word_1_861' title='bbox 2109 5086 2227 5141; x_wconf 65' lang='lat' dir='ltr'><strong>qum</strong></span> <span class='ocrx_word' id='word_1_862' title='bbox 2254 5080 2311 5126; x_wconf 93' lang='lat' dir='ltr'><strong>tu</strong></span> <span class='ocrx_word' id='word_1_863' title='bbox 2346 5071 2511 5126; x_wconf 86' lang='lat' dir='ltr'><strong>facis?</strong></span> <span class='ocrx_word' id='word_1_864' title='bbox 2548 5070 2615 5124; x_wconf 85' lang='lat' dir='ltr'><strong>Et</strong></span> <span class='ocrx_word' id='word_1_865' title='bbox 2663 5070 2771 5124; x_wconf 79' lang='lat' dir='ltr'><strong>dixi</strong></span> <span class='ocrx_word' id='word_1_866' title='bbox 2811 5070 2876 5123; x_wconf 90' lang='lat' dir='ltr'><strong>ad</strong></span> <span class='ocrx_word' id='word_1_867' title='bbox 2910 5082 3004 5126; x_wconf 92' lang='lat' dir='ltr'><strong>eos</strong></span> <span class='ocrx_word' id='word_1_868' title='bbox 3034 5086 3046 5121; x_wconf 91' lang='lat'><strong>:</strong></span> <span class='ocrx_word' id='word_1_869' title='bbox 3081 5066 3269 5122; x_wconf 89' lang='lat' dir='ltr'><strong>Sermo</strong></span> <span class='ocrx_word' id='word_1_870' title='bbox 3289 5062 3391 5119; x_wconf 81' lang='lat' dir='ltr'><strong>Do-</strong></span> 
     </span>
    </p>
   </div>
   <div class='ocr_carea' id='block_1_111' title="bbox 1854 5153 3401 5226">
    <p class='ocr_par' dir='ltr' id='par_1_111' title="bbox 1854 5153 3401 5226">
     <span class='ocr_line' id='line_1_111' title="bbox 1854 5153 3401 5226; baseline -0.005 -14"><span class='ocrx_word' id='word_1_871' title='bbox 1854 5182 1871 5212; x_wconf 74' lang='grc' dir='ltr'>ι</span> <span class='ocrx_word' id='word_1_872' title='bbox 1904 5161 2031 5215; x_wconf 91' lang='lat' dir='ltr'><strong>mini</strong></span> <span class='ocrx_word' id='word_1_873' title='bbox 2082 5160 2257 5216; x_wconf 87' lang='lat' dir='ltr'><strong>factus</strong></span> <span class='ocrx_word' id='word_1_874' title='bbox 2298 5168 2381 5214; x_wconf 89' lang='lat' dir='ltr'><strong>est</strong></span> <span class='ocrx_word' id='word_1_875' title='bbox 2431 5160 2498 5214; x_wconf 86' lang='lat' dir='ltr'><strong>ad</strong></span> <span class='ocrx_word' id='word_1_876' title='bbox 2546 5175 2632 5213; x_wconf 85' lang='lat' dir='ltr'><strong>me</strong></span> <span class='ocrx_word' id='word_1_877' title='bbox 2686 5158 2887 5213; x_wconf 87' lang='lat' dir='ltr'><strong>dicens.</strong></span> <span class='ocrx_word' id='word_1_878' title='bbox 2937 5156 3179 5226; x_wconf 88' lang='lat' dir='ltr'><strong>Loquere</strong></span> <span class='ocrx_word' id='word_1_879' title='bbox 3222 5153 3401 5208; x_wconf 90' lang='lat' dir='ltr'><strong>domui</strong></span> 
     </span>
    </p>
   </div>
   <div class='ocr_carea' id='block_1_112' title="bbox 1853 5242 3404 5313">
    <p class='ocr_par' dir='ltr' id='par_1_112' title="bbox 1853 5242 3404 5313">
     <span class='ocr_line' id='line_1_112' title="bbox 1853 5242 3404 5313; baseline -0.005 -11"><span class='ocrx_word' id='word_1_880' title='bbox 1853 5273 1870 5302; x_wconf 76' lang='grc' dir='ltr'>ι</span> <span class='ocrx_word' id='word_1_881' title='bbox 1906 5249 2073 5304; x_wconf 89' lang='lat' dir='ltr'><strong>lsrael</strong></span> <span class='ocrx_word' id='word_1_882' title='bbox 2109 5267 2122 5305; x_wconf 91' lang='lat'><strong>:</strong></span> <span class='ocrx_word' id='word_1_883' title='bbox 2152 5248 2277 5303; x_wconf 66' lang='lat' dir='ltr'><strong>Haec</strong></span> <span class='ocrx_word' id='word_1_884' title='bbox 2305 5247 2437 5303; x_wconf 90' lang='lat' dir='ltr'><strong>dicit</strong></span> <span class='ocrx_word' id='word_1_885' title='bbox 2464 5246 2722 5301; x_wconf 87' lang='lat' dir='ltr'><strong>Dominus</strong></span> <span class='ocrx_word' id='word_1_886' title='bbox 2769 5247 2910 5300; x_wconf 89' lang='lat' dir='ltr'><strong>Deus</strong></span> <span class='ocrx_word' id='word_1_887' title='bbox 2941 5263 2953 5298; x_wconf 83' lang='lat'>:</span> <span class='ocrx_word' id='word_1_888' title='bbox 2987 5244 3123 5299; x_wconf 86' lang='lat' dir='ltr'><strong>Ecce</strong></span> <span class='ocrx_word' id='word_1_889' title='bbox 3150 5258 3249 5313; x_wconf 88' lang='lat' dir='ltr'><strong>ego</strong></span> <span class='ocrx_word' id='word_1_890' title='bbox 3289 5242 3404 5311; x_wconf 89' lang='lat' dir='ltr'><strong>pol-</strong></span> 
     </span>
    </p>
   </div>
   <div class='ocr_carea' id='block_1_113' title="bbox 1850 5330 3404 5406">
    <p class='ocr_par' dir='ltr' id='par_1_113' title="bbox 1850 5330 3404 5406">
     <span class='ocr_line' id='line_1_113' title="bbox 1850 5330 3404 5406; baseline -0.003 -15"><span class='ocrx_word' id='word_1_891' title='bbox 1850 5360 1869 5391; x_wconf 74' lang='grc' dir='ltr'>ι</span> <span class='ocrx_word' id='word_1_892' title='bbox 1903 5340 2044 5393; x_wconf 84' lang='lat' dir='ltr'><strong>luant</strong></span> <span class='ocrx_word' id='word_1_893' title='bbox 2096 5337 2466 5393; x_wconf 89' lang='lat' dir='ltr'><strong>sanctuarium</strong></span> <span class='ocrx_word' id='word_1_894' title='bbox 2514 5351 2717 5401; x_wconf 88' lang='lat' dir='ltr'><strong>meum,</strong></span> <span class='ocrx_word' id='word_1_895' title='bbox 2750 5334 3050 5406; x_wconf 87' lang='lat' dir='ltr'><strong>superbiam</strong></span> <span class='ocrx_word' id='word_1_896' title='bbox 3102 5330 3314 5401; x_wconf 85' lang='lat' dir='ltr'><strong>imperii</strong></span> <span class='ocrx_word' id='word_1_897' title='bbox 3348 5339 3404 5386; x_wconf 83' lang='lat' dir='ltr'><strong>et</strong></span> 
     </span>
    </p>
   </div>
   <div class='ocr_carea' id='block_1_114' title="bbox 1850 5422 3404 5491">
    <p class='ocr_par' dir='ltr' id='par_1_114' title="bbox 1850 5422 3404 5491">
     <span class='ocr_line' id='line_1_114' title="bbox 1850 5422 3404 5491; baseline -0.004 -12"><span class='ocrx_word' id='word_1_898' title='bbox 1850 5448 1866 5479; x_wconf 72' lang='grc' dir='ltr'>ι</span> <span class='ocrx_word' id='word_1_899' title='bbox 1906 5428 2255 5484; x_wconf 89' lang='lat' dir='ltr'><strong>desiderabile</strong></span> <span class='ocrx_word' id='word_1_900' title='bbox 2300 5422 2574 5483; x_wconf 88' lang='lat' dir='ltr'><strong>oculorum</strong></span> <span class='ocrx_word' id='word_1_901' title='bbox 2617 5433 2948 5489; x_wconf 68' lang='lat' dir='ltr'><strong>vestrorum,</strong></span> <span class='ocrx_word' id='word_1_902' title='bbox 2996 5431 3051 5478; x_wconf 91' lang='lat' dir='ltr'><strong>et</strong></span> <span class='ocrx_word' id='word_1_903' title='bbox 3092 5436 3254 5491; x_wconf 87' lang='lat' dir='ltr'><strong>super</strong></span> <span class='ocrx_word' id='word_1_904' title='bbox 3293 5434 3404 5489; x_wconf 91' lang='lat' dir='ltr'><strong>quo</strong></span> 
     </span>
    </p>
   </div>
   <div class='ocr_carea' id='block_1_115' title="bbox 1851 5512 3401 5589">
    <p class='ocr_par' dir='ltr' id='par_1_115' title="bbox 1851 5512 3401 5589">
     <span class='ocr_line' id='line_1_115' title="bbox 1851 5512 3401 5589; baseline -0.003 -18"><span class='ocrx_word' id='word_1_905' title='bbox 1851 5540 1868 5571; x_wconf 75' lang='grc' dir='ltr'>ι</span> <span class='ocrx_word' id='word_1_906' title='bbox 1903 5528 2059 5589; x_wconf 88' lang='lat' dir='ltr'><strong>pavet</strong></span> <span class='ocrx_word' id='word_1_907' title='bbox 2085 5519 2263 5572; x_wconf 82' lang='lat' dir='ltr'><strong>anima</strong></span> <span class='ocrx_word' id='word_1_908' title='bbox 2304 5527 2503 5581; x_wconf 88' lang='lat' dir='ltr'><strong>vestra,</strong></span> <span class='ocrx_word' id='word_1_909' title='bbox 2534 5526 2589 5572; x_wconf 89' lang='lat' dir='ltr'><strong>et</strong></span> <span class='ocrx_word' id='word_1_910' title='bbox 2636 5517 2729 5571; x_wconf 88' lang='lat' dir='ltr'><strong>lilii</strong></span> <span class='ocrx_word' id='word_1_911' title='bbox 2783 5515 2947 5571; x_wconf 85' lang='lat' dir='ltr'><strong>vestri</strong></span> <span class='ocrx_word' id='word_1_912' title='bbox 2998 5522 3053 5568; x_wconf 89' lang='lat' dir='ltr'><strong>et</strong></span> <span class='ocrx_word' id='word_1_913' title='bbox 3104 5512 3225 5566; x_wconf 66' lang='lat' dir='ltr'><strong>ﬁlia:</strong></span> <span class='ocrx_word' id='word_1_914' title='bbox 3265 5522 3401 5580; x_wconf 87' lang='lat' dir='ltr'><strong>quas</strong></span> 
     </span>
    </p>
   </div>
   <div class='ocr_carea' id='block_1_116' title="bbox 1848 5597 3394 5677">
    <p class='ocr_par' dir='ltr' id='par_1_116' title="bbox 1848 5597 3394 5677">
     <span class='ocr_line' id='line_1_116' title="bbox 1848 5597 3394 5677; baseline -0.005 -18"><span class='ocrx_word' id='word_1_915' title='bbox 1848 5628 1865 5659; x_wconf 79' lang='grc' dir='ltr'>ι</span> <span class='ocrx_word' id='word_1_916' title='bbox 1906 5608 2192 5677; x_wconf 87' lang='lat' dir='ltr'><strong>reliquistis</strong></span> <span class='ocrx_word' id='word_1_917' title='bbox 2217 5606 2391 5676; x_wconf 87' lang='lat' dir='ltr'><strong>gladio</strong></span> <span class='ocrx_word' id='word_1_918' title='bbox 2413 5606 2625 5669; x_wconf 88' lang='lat' dir='ltr'><strong>cadent,</strong></span> <span class='ocrx_word' id='word_1_919' title='bbox 2652 5614 2707 5660; x_wconf 89' lang='lat' dir='ltr'><strong>et</strong></span> <span class='ocrx_word' id='word_1_920' title='bbox 2734 5604 2937 5659; x_wconf 83' lang='lat' dir='ltr'><strong>facietis</strong></span> <span class='ocrx_word' id='word_1_921' title='bbox 2974 5602 3113 5656; x_wconf 92' lang='lat' dir='ltr'><strong>sicut</strong></span> <span class='ocrx_word' id='word_1_922' title='bbox 3142 5599 3260 5655; x_wconf 89' lang='lat' dir='ltr'><strong>feci.</strong></span> <span class='ocrx_word' id='word_1_923' title='bbox 3288 5597 3394 5654; x_wconf 83' lang='lat' dir='ltr'><strong>Ora</strong></span> 
     </span>
    </p>
   </div>
   <div class='ocr_carea' id='block_1_117' title="bbox 1847 5694 3395 5762">
    <p class='ocr_par' dir='ltr' id='par_1_117' title="bbox 1847 5694 3395 5762">
     <span class='ocr_line' id='line_1_117' title="bbox 1847 5694 3395 5762; baseline -0.006 -11"><span class='ocrx_word' id='word_1_924' title='bbox 1847 5719 1865 5751; x_wconf 73' lang='grc' dir='ltr'><strong><em>ι</em></strong></span> <span class='ocrx_word' id='word_1_925' title='bbox 1899 5700 2095 5754; x_wconf 89' lang='lat' dir='ltr'><strong>amictu</strong></span> <span class='ocrx_word' id='word_1_926' title='bbox 2110 5712 2215 5752; x_wconf 89' lang='lat' dir='ltr'><strong>non</strong></span> <span class='ocrx_word' id='word_1_927' title='bbox 2245 5696 2511 5761; x_wconf 87' lang='lat' dir='ltr'><strong>velabitis,</strong></span> <span class='ocrx_word' id='word_1_928' title='bbox 2547 5704 2603 5751; x_wconf 86' lang='lat' dir='ltr'><strong>et</strong></span> <span class='ocrx_word' id='word_1_929' title='bbox 2620 5696 2768 5750; x_wconf 91' lang='lat' dir='ltr'><strong>cibos</strong></span> <span class='ocrx_word' id='word_1_930' title='bbox 2797 5694 3084 5762; x_wconf 80' lang='lat' dir='ltr'><strong>lugentium</strong></span> <span class='ocrx_word' id='word_1_931' title='bbox 3117 5705 3221 5743; x_wconf 90' lang='lat' dir='ltr'><strong>non</strong></span> <span class='ocrx_word' id='word_1_932' title='bbox 3245 5702 3395 5743; x_wconf 87' lang='lat' dir='ltr'><strong>com-</strong></span> 
     </span>
    </p>
   </div>
   <div class='ocr_carea' id='block_1_118' title="bbox 1847 5779 3395 5844">
    <p class='ocr_par' dir='ltr' id='par_1_118' title="bbox 1847 5779 3395 5844">
     <span class='ocr_line' id='line_1_118' title="bbox 1847 5779 3395 5844; baseline -0.009 0"><span class='ocrx_word' id='word_1_933' title='bbox 1847 5808 1864 5839; x_wconf 74' lang='grc' dir='ltr'><strong><em>ι</em></strong></span> <span class='ocrx_word' id='word_1_934' title='bbox 1899 5789 2086 5843; x_wconf 87' lang='lat' dir='ltr'><strong>edetis.</strong></span> <span class='ocrx_word' id='word_1_935' title='bbox 2114 5788 2355 5844; x_wconf 82' lang='lat' dir='ltr'><strong>Coronas</strong></span> <span class='ocrx_word' id='word_1_936' title='bbox 2410 5784 2670 5841; x_wconf 64' lang='lat' dir='ltr'><strong>habebi&#39;is</strong></span> <span class='ocrx_word' id='word_1_937' title='bbox 2710 5784 2762 5840; x_wconf 82' lang='lat' dir='ltr'><strong>in</strong></span> <span class='ocrx_word' id='word_1_938' title='bbox 2798 5781 3060 5837; x_wconf 74' lang='lat' dir='ltr'><strong>capitibus</strong></span> <span class='ocrx_word' id='word_1_939' title='bbox 3094 5779 3309 5841; x_wconf 87' lang='lat' dir='ltr'><strong>vestris,</strong></span> <span class='ocrx_word' id='word_1_940' title='bbox 3338 5785 3395 5830; x_wconf 88' lang='lat' dir='ltr'><strong>et</strong></span> 
     </span>
    </p>
   </div>
  </div>
