3936 6364
483 341 586 399 755

1123 343 1185 398 Β.
1226 341 1479 399 RABANI
1515 340 1731 399 MAURI
1767 337 2084 396 ARCHIEP.
2126 338 2411 396 MOGUNT
2473 341 2755 398 OPERUM
2794 342 2970 399 PARS
3008 343 3070 399 ll.

3649 331 3765 388 756

489 480 507 511 ι
545 457 975 514 caleeamentain
994 456 1235 529 pedibus.
1254 454 1368 511 Non
1382 454 1836 527 plangetisneque
1850 451 2064 516 ﬂebitis,
2095 459 2147 517 Α
2172 460 2230 505 ιιι
2251 452 2319 505 ad
2358 451 2612 521 populum
2637 452 2804 508 Israel
2830 454 3077 524 loquerer
3109 455 3209 509 ista
3234 454 3522 524 praecepit:
3559 470 3577 502 ι
3610 450 3766 504 Ecce

491 574 509 603 ι
546 555 638 610 sed
657 552 944 609 tabescetis
957 552 1010 607 in
1026 552 1397 621 iniquitatibus
1412 549 1626 611 vestris,
1642 546 2074 617 etunusquisque

493 665 510 695 ε
546 645 721 715 gemet
741 643 808 699 ad
836 642 1056 698 fratrem
1081 659 1258 699 suum.
1300 643 1521 712 Eritque
1558 637 1805 694 Ezechiel
1841 637 1989 693 vobis
2018 637 2073 691 in

492 756 509 786 ι
546 744 870 807 portentum.
886 733 1045 789 Juxta
1065 735 1244 788 omnia
1261 748 1380 803 qua:
1398 732 1525 787 fecit
1540 730 1767 793 facietis,
1786 743 1905 782 cum
1920 737 2076 782 veno‘

492 848 508 877 ι
554 826 623 883 rit
652 826 817 893 istud,
834 836 888 881 ct
911 827 1233 897 scietisquia
1258 841 1356 898 ego
1371 822 1799 880 DominusDeus.
1824 820 1980 882 Ettu,
1998 818 2071 872 ﬁli

493 939 510 969 ι
552 919 799 981 hominis,
815 934 942 975 ecce
958 919 1008 972 in
1025 919 1109 973 die
1123 934 1230 988 quo
1248 916 1424 971 tollam
1438 915 1503 970 ab
1515 914 1594 969 eis
1609 912 1972 969 fortitudinem
1989 924 2067 965 eo-

493 1029 510 1059 ι
550 1017 757 1076 rum,et
784 1008 1035 1079 gaudium
1066 1007 1432 1079 dignitatis,et
1454 1004 1777 1059 desiderium
1792 1000 2070 1056 oculorum

493 1122 510 1150 ί
546 1116 732 1156 eorum
756 1115 917 1169 super
930 1114 1037 1168 quo
1059 1097 1608 1168 requiescuntanima:
1625 1109 1813 1150 eorum
1834 1111 1847 1159 ;
1867 1092 2003 1146 ﬁlios
2017 1100 2071 1146 et

493 1214 509 1241 ι
549 1192 682 1246 ﬁlias
708 1206 893 1246 eorum
923 1191 973 1244 in
1005 1189 1090 1246 die
1109 1190 1194 1246 illa
1212 1205 1334 1244 cum
1363 1187 1569 1243 venerit
1591 1185 1799 1257 fugiens
1824 1184 1892 1239 ad
1918 1194 1988 1250 te,
2012 1191 2072 1237 ut

494 1303 510 1331 ιι
550 1281 830 1337 annuntiet
851 1282 967 1336 tibi.
987 1279 1041 1335 lu
1061 1281 1168 1345 die,
1201 1281 1439 1349 inquam,
1456 1277 1542 1332 illa
1561 1276 1905 1347 aperieturos
1920 1262 2068 1327 tuum

494 1394 510 1421 ι
550 1388 671 1428 cum
709 1388 774 1427 co
801 1372 891 1442 qui
925 1371 1078 1443 fugit,
1113 1380 1170 1426 et
1198 1369 1433 1440 loqueris
1459 1376 1515 1423 et
1560 1382 1665 1421 non
1696 1365 1881 1421 silebis
1903 1363 2064 1427 ultra,

496 1484 514 1514 ι
550 1464 766 1533 erisque
797 1464 875 1519 eis
912 1463 963 1517 in
1001 1471 1333 1533 portentum,
1363 1468 1418 1514 et
1462 1458 1646 1515 scietis
1686 1456 1811 1527 quia
1837 1470 1936 1527 ego
1966 1454 2068 1509 Do-

493 1576 510 1606 ι
550 1557 747 1611 minus.
785 1575 803 1606 ι
835 1553 1102 1626 (meram)
1128 1550 1299 1622 Supra
1327 1549 1444 1606 ollze
1464 1548 1759 1619 lebetisque
1786 1545 2067 1603 succcnsio

487 1647 826 1704 obsidionem
849 1645 998 1700 urbis
1011 1644 1342 1707 ostenderat,
1367 1656 1510 1696 nunc
1535 1647 1748 1710 captam
1769 1654 1887 1694 eam
1905 1645 2068 1707 atque

489 1738 743 1802 deletam,
771 1746 827 1792 et
848 1751 1063 1792 omnem
1088 1734 1344 1806 populum
1366 1732 1453 1788 vel
1484 1730 1834 1789 interfectum
1861 1729 2061 1801 gladio,

2173 554 2291 610 ego,
2327 540 2379 594 id
2404 550 2505 605 est,
2523 541 2634 610 jam
2661 556 2804 597 nunc
2840 542 3073 613 polluam
3101 543 3466 598 sanctuarium
3490 555 3701 604 meum,
3733 555 3762 589 ›

2173 640 2231 685 ut
2270 632 2588 686 incendatur
2627 633 2901 701 templum,
2949 644 3003 689 ct
3046 638 3254 690 cunctis
3299 634 3610 703 alienigenis
3653 646 3766 702 pa-

2174 731 2282 777 teat
2317 733 2372 777 et
2412 722 2685 793 profanis,
2733 734 2789 779 et
2831 727 2881 779 in
2932 743 3039 796 quo
3083 728 3361 783 habebatis
3404 728 3765 797 superbiam,

2171 812 2276 867 hoc
2298 820 2382 867 est
2406 811 2787 867 conﬁdentiam
2831 823 2887 868 et
2933 831 3080 885 spem
3115 831 3178 870 ac
3202 816 3526 870 desiderium
3556 813 3769 868 salutis

2174 911 2384 968 vestra),
2432 913 2485 958 et
2525 904 2593 960 ad
2626 904 2780 974 cujus
2821 906 3155 960 obsidionem
3192 917 3383 962 vestrm
3418 908 3608 961 animae
3642 904 3768 959 for—

2171 996 2468 1061 midabant,
2509 997 2648 1051 ﬁlios
2692 1013 2907 1067 quoque
2943 1006 2998 1053 et
3038 998 3175 1052 ﬁlias
3219 1015 3353 1067 quos
3396 1000 3542 1052 vobis
3578 998 3769 1052 fames

2171 1103 2235 1143 ac
2278 1089 2579 1161 pestilentia
2628 1090 2863 1159 reliquos
2910 1091 3179 1157 fecerant,
3206 1106 3518 1151 consumam
3548 1088 3765 1160 gladio.

2170 1181 2438 1252 Quidquid
2487 1197 2586 1253 ego
2637 1182 2760 1247 feci,
2807 1184 2909 1237 hoc
2951 1182 3163 1238 facietis
3206 1197 3322 1237 vos.
3371 1182 3593 1249 Quando
3623 1194 3771 1234 con-

2169 1274 2397 1328 suetudo
2424 1284 2671 1329 servatur
2697 1274 2749 1328 in
2785 1274 2950 1339 luctu,
2978 1274 3187 1329 medius
3213 1272 3367 1328 dolor
3391 1282 3507 1326 est:
3537 1270 3773 1341 quando

2170 1371 2346 1419 autem
2377 1374 2523 1419 tanta
2553 1365 2819 1420 malorum
2863 1353 3126 1420 incumbit
3169 1366 3486 1428 necessitas,
3517 1373 3574 1418 ut
3600 1362 3767 1415 omni

2166 1454 2376 1524 ploratu
2430 1457 2601 1527 major
2645 1457 2717 1511 sit
2756 1457 3126 1526 unusquisque
3170 1456 3235 1510 de
3281 1470 3377 1509 sua
3422 1469 3551 1509 nece
3598 1453 3771 1507 solli-

2169 1541 2327 1608 citus,
2346 1546 2411 1599 ad
2427 1544 2676 1609 aliorum,
2702 1546 2949 1615 quamvis
2975 1546 3084 1600 sint
3105 1545 3357 1614 proximi,
3382 1544 3627 1597 miserias
3653 1558 3770 1594 non

2168 1634 2486 1705 ingemiscit.
2536 1634 2701 1701 Nihil,
2725 1636 2916 1705 inquit,
2949 1634 3159 1689 facietis
3193 1634 3333 1702 quod
3362 1634 3495 1687 solet
3525 1634 3576 1685 in
3605 1632 3772 1684 luctu

2170 1724 2323 1792 ﬁeri,
2367 1726 2459 1780 sed
2504 1727 2637 1781 urbe
2680 1727 2983 1794 temploque
3017 1725 3315 1788 succensis,
3358 1724 3646 1793 stupebitis
3700 1722 3770 1773 ad

488 1832 575 1888 vel
607 1833 825 1888 ductum
854 1831 908 1887 in
950 1824 1723 1900 captivitatem,.prophetalis
1767 1836 1948 1877 sermo
1981 1829 2061 1875 te-
2094 1809 2137 1868 Β
2166 1817 2429 1872 malorum
2451 1817 2912 1887 magnitudinem:
2949 1830 3053 1869 non
3098 1814 3475 1875 attondcbitis,
3516 1828 3611 1867 nec
3664 1829 3775 1864 nu-

490 1934 687 1980 statur.
748 1923 816 1978 Et
860 1921 1093 1991 primum
1135 1918 1292 1990 juxta
1340 1914 1780 1970 consuetudinem
1827 1917 2069 1965 nostram

489 2015 732 2087 historiae
756 1998 1104 2085 fundamenta
1135 2007 1425 2078 jaciamus.
1458 2026 1476 2058 ι
1508 2005 1634 2071 Fili,
1678 2002 1874 2073 inquit,
1899 2001 2072 2057 homi-

488 2107 596 2173 nis,
626 2119 755 2162 ecce
800 2102 1043 2159 auferam
1070 2101 1136 2156 de
1182 2106 1474 2169 conspectu
1504 2096 1786 2151 oculorum
1833 2103 2069 2156 tuorum,

490 2196 754 2269 quidquid
779 2194 874 2250 tibi
901 2189 1257 2248 desiderabile
1286 2197 1394 2255 est,
1420 2196 1474 2243 et
1493 2184 1732 2241 auferam
1754 2184 1805 2238 in
1833 2183 2009 2253 plaga,
2048 2200 2065 2234 ι

498 2289 633 2354 sive,
670 2298 729 2343 ut
758 2284 1111 2357 Septuaginta
1140 2286 1441 2345 verterunt,
1475 2296 1493 2328 ι
1525 2277 1577 2332 in
1608 2274 2021 2345 przeparatione,
2048 2290 2066 2321 ι

494 2390 557 2438 ut
585 2380 835 2439 videlicet
861 2391 1132 2449 praepares
1164 2383 1214 2429 te
1240 2372 1306 2428 ad
1336 2386 1399 2428 ea
1424 2385 1529 2426 non
1545 2367 1813 2432 facienda,
1842 2366 1962 2435 quae
1986 2378 2073 2418 so-

498 2471 688 2527 lentin
708 2469 854 2523 luctu
886 2466 1025 2522 ﬁeri.
1072 2483 1091 2516 ι
1130 2464 1244 2518 Non
1268 2462 1489 2533 plangcs
1513 2471 1687 2528 neque
1702 2454 1956 2525 plurabis,
1975 2468 2072 2509 nec

491 2562 723 2619 fluentes
760 2560 1010 2630 lacryma:
1044 2577 1063 2610 ι
1099 2556 1340 2611 dolorem
1384 2552 1563 2609 cordis
1610 2548 1930 2611 ostendent,
1977 2546 2071 2601 sed

495 2656 541 2711 si
572 2654 711 2710 forte
739 2652 908 2707 nimio
936 2650 1102 2705 fueris
1130 2661 1363 2703 maerore
1393 2651 1698 2717 superatus,
1726 2640 1948 2695 tacitum
1979 2639 2074 2692 ba-

494 2747 623 2803 beto
687 2743 987 2814 gemitum,
1037 2754 1138 2796 nec
1170 2726 1173 2727 7
1203 2726 1521 2809 prorumpas
1568 2734 1621 2789 in
1690 2732 1871 2786 verba.
1932 2729 2074 2785 Mor-

498 2846 715 2893 tuorum
738 2834 947 2889 luctum
983 2848 1091 2887 non
1138 2828 1319 2894 facies,
1348 2814 1456 2893 vel,
1492 2835 1554 2880 ut
1594 2834 1803 2880 vertere
1846 2822 2071 2892 Septua-

497 2926 665 2999 ginta,
714 2944 732 2977 ι
762 2923 993 2996 gemitus
1032 2920 1311 2992 sanguinis
1359 2931 1547 2974 renum
1588 2915 1763 2970 luctus
1788 2921 1892 2976 est,
1927 2932 1944 2963 ι
1976 2926 2074 2982 per

500 3018 645 3090 quod
675 3016 913 3073 ostendit
941 3028 1165 3070 uxorem
1192 3010 1308 3082 ejus
1354 3024 1474 3065 esse
1505 3008 1844 3063 morituram.
1876 3002 2072 3058 Statim

501 3112 647 3169 enim
672 3111 945 3180 sequitur:
983 3124 1001 3158 ε
1036 3105 1104 3160 Ει
1126 3112 1338 3160 mortua
1368 3110 1452 3158 est
1482 3116 1620 3157 uxor
1646 3114 1763 3153 mea
1787 3095 2017 3167 vesperi,
2050 3115 2067 3147 ι

504 3205 649 3277 quod
706 3204 924 3276 proprie
966 3202 1035 3257 ad
1096 3200 1529 3271 eonjunctionem
1572 3210 1760 3251 renum
1819 3194 2070 3264 pertinet.

502 3294 649 3351 Nihil
687 3295 808 3350 viro
857 3306 1027 3348 uxore
1075 3292 1218 3346 bona
1262 3288 1569 3352 amabilius,
1599 3300 1720 3355 qua:
1768 3301 1797 3339 a
1827 3282 1937 3337 Deo
1980 3281 2078 3337 bo—

504 3384 641 3441 mini
665 3382 1000 3455 providetur,
1028 3387 1084 3436 et
1118 3378 1202 3433 cui
1240 3375 1450 3432 Domini
1479 3375 1595 3445 lege
1623 3370 1991 3443 conjungitur,
2023 3378 2080 3426 et

501 3492 671 3532 unum
706 3490 830 3532 cum
867 3489 931 3529 ea
985 3486 1180 3542 corpus
1220 3467 1467 3525 efﬁcitur.
1498 3465 1758 3535 Quodque
1787 3462 2029 3533 sequitur
2061 3478 2074 3513 :

509 3586 529 3619 ε
558 3566 765 3621 Corona
791 3573 879 3618 tua
894 3561 1264 3629 circumligata
1295 3559 1367 3613 sit
1388 3557 1503 3621 tibi,
1526 3566 1582 3611 et
1602 3555 1965 3610 calceamenta
1986 3561 2078 3605 tua

502 3666 667 3714 erunt
714 3656 766 3709 in
817 3653 1045 3724 pedibus
1092 3653 1219 3715 tuis,
1274 3669 1292 3703 ι
1335 3650 1437 3705 hoc
1493 3645 1809 3718 signiﬁcat:
1848 3642 2080 3698 Habebis

502 3761 713 3803 comam
765 3758 882 3813 qua:
917 3742 1167 3797 tondetur
1217 3742 1268 3794 in
1319 3740 1489 3801 luctu,
1518 3746 1572 3793 et
1609 3736 1975 3792 calceamenta
2025 3732 2079 3787 in

502 3835 750 3908 pedibus,
776 3848 894 3904 quae
918 3832 1161 3901 lugentes
1190 3830 1363 3886 solent
1388 3828 1642 3899 abjicere.
1666 3825 1818 3882 Unde
1846 3822 2080 3880 etDavid

502 3926 741 3984 Absalon
764 3924 931 3980 tilium
952 3922 1162 3994 fugiens
1185 3920 1268 3994 (11
1294 3920 1421 3991 Reg.
1440 3918 1907 3991 xv),etpe’:nitcns
1922 3929 2081 3985 super

505 4032 641 4074 nece
654 4014 817 4079 Uria),
843 4012 1002 4069 nudis
1022 4012 1267 4084 pedibus,
1294 4010 1510 4065 incedit.
1529 4009 1693 4063 Aiunt
1721 4006 1929 4062 Hebraei
1954 4005 2083 4059 huc-

505 4122 678 4179 usque
699 4104 1022 4179 Babylonios
1044 4104 1330 4173 magistros
1347 4100 1480 4173 legis
1496 4108 1763 4171 praecepta
1781 4103 2080 4159 servantes,

508 4176 826 4272 decalogum
847 4176 1106 4267 scriptum
1132 4195 1185 4249 in
1210 4188 1594 4247 membranulis
1620 4186 1956 4244 circumdare
1989 4200 2079 4271 cas

507 4293 609 4365 piti
634 4262 754 4355 suo,
780 4299 836 4345 et
866 4262 980 4344 haec
999 4300 1118 4341 esse
1139 4298 1258 4356 quae
1278 4283 1568 4354 jubeantur
1593 4287 1726 4348 ante.
1740 4276 1925 4333 oculos
1948 4283 2002 4329 et
2029 4262 2091 4327 in'

508 4386 688 4441 fronte
704 4382 956 4453 pendere,
985 4389 1045 4434 ut
1058 4391 1271 4447 semper
1286 4375 1501 4431 videant
1520 4388 1639 4443 qua:
1654 4379 1918 4442 pmcepta
1937 4376 2080 4423 sunt.

511 4477 579 4533 Et
603 4476 729 4546 quia
757 4470 1013 4528 Ezechiel
1040 4469 1292 4524 sacerdos
1324 4475 1463 4530 erat,
1484 4476 1819 4532 nequaquam
1846 4475 1968 4515 eum
1996 4459 2083 4513 de-

511 4568 641 4623 bere
669 4566 938 4636 deponere
959 4574 1213 4617 coronam
1241 4556 1596 4630 gloriationis,
1625 4552 1718 4609 sed
1750 4553 1965 4623 ligatam
1997 4552 2085 4605 ha-

511 4659 643 4714 bere
664 4657 718 4711 in
733 4654 927 4725 capite.
961 4652 1075 4708 Hoc
1091 4651 1163 4705 illi
1177 4650 1410 4706 dixerint
1436 4663 1451 4701 :
1477 4660 1572 4701 nos
1585 4644 1924 4713 autcmjuxta
1940 4639 2083 4696 LXX

513 4762 771 4805 coronam
804 4744 1122 4814 capillorum
1151 4738 1510 4809 intelligamus
1545 4735 1844 4799 caesariem,
1870 4734 1994 4788 licet
2031 4743 2085 4786 et

513 4838 752 4907 ipsorum
779 4832 1153 4904 interpretatio
1182 4842 1521 4899 nequaquam
1554 4826 1661 4880 vim
1688 4823 1935 4879 Hebraici
1972 4839 2084 4879 ser-

515 4927 690 4983 monis
714 4923 1039 4995 expresserit
1063 4936 1078 4974 :
1111 4940 1129 4970 ‹
1153 4919 1263 4973 Nec
1286 4918 1506 4980 amictu,
1527 4915 1719 4985 inquit,
1734 4931 1827 4970 ora
1858 4915 2085 4979 velabis,

514 5035 618 5075 nec
636 5019 785 5073 cibos
807 5015 1099 5087 lugentium
1121 5013 1323 5082 capies,
1357 5030 1373 5061 ι
1402 5025 1520 5079 qua:
1544 5008 1785 5064 solentin
1810 5007 1952 5061 luctu
1974 5006 2088 5062 ﬁeri

516 5120 579 5167 ut
619 5108 870 5181 operiant
915 5104 1140 5160 vultum.
1186 5103 1420 5156 Locutus
1458 5116 1609 5165 sum,
1654 5098 1855 5169 inquit,
1901 5098 1968 5152 ad
1995 5111 2090 5165 po—

518 5203 741 5274 pulum,
785 5214 903 5269 quae
940 5196 1073 5251 mihi
1113 5193 1371 5249 Dominus
1418 5194 1663 5263 imperat.
1708 5210 1725 5242 ί
1766 5189 1834 5244 Et
1877 5189 2089 5258 vesperi

522 5301 737 5349 mortua
788 5300 872 5346 est
921 5305 1058 5344 uxor
1104 5302 1220 5343 mea
1251 5328 1264 5352 ,
1325 5307 1342 5339 ι
1411 5285 1688 5341 oculorum
1736 5282 2092 5339 desiderabile

520 5387 930 5454 lumborumque
978 5394 1032 5438 et
1079 5381 1354 5453 sanguinis
1399 5380 1592 5434 luctus.
1658 5377 1962 5446 Statimque
2005 5377 2089 5432 die

522 5480 690 5532 altera
733 5491 890 5530 mane
929 5474 1030 5528 feci
1065 5472 1243 5527 omnia
1269 5454 1386 5539 qua:
1412 5470 1542 5523 mihi
1568 5468 1781 5523 fuerant
1810 5470 2087 5538 imperata.

523 5566 984 5635 lnterrogavitque
1010 5579 1095 5617 me
1122 5562 1346 5632 pupulus
1388 5575 1485 5614 cur
1524 5568 1711 5614 contra
1740 5574 1943 5613 morem
1974 5575 2093 5613 om-

527 5661 673 5714 nium
719 5656 979 5721 fecerim,
1031 5667 1330 5722 causasque
1369 5652 1736 5721 quaerentibus
1790 5660 1949 5707 tanta:
2002 5669 2096 5722 pa-

535 5746 733 5804 tientia:
757 5746 1036 5816 respondi:
1060 5760 1239 5801 sermo
1262 5741 1468 5797 Domini
1491 5742 1580 5813 qui
1605 5742 1671 5796 ad
1697 5755 1780 5797 me
1803 5741 1973 5796 factus
1994 5751 2095 5811 cst,

2171 1908 2253 1962 dis
2286 1908 2544 1963 incedetis
2575 1908 2817 1978 pedibus,
2849 1922 2952 1961 non
2979 1906 3265 1977 plangetis,
3294 1920 3394 1960 nec
3428 1906 3624 1958 amictu
3665 1920 3773 1958 ora

2169 1999 2439 2064 velabitis,
2473 2015 2573 2055 nec
2603 2000 2753 2054 cibos
2793 1998 3068 2068 accipietis
3110 2012 3140 2051 a
3191 1996 3607 2059 consolantibus,
3668 1996 3775 2049 sed

2172 2088 2481 2154 tabescetis,
2528 2101 2580 2145 et
2616 2089 3006 2144 consumemini
3044 2089 3097 2143 in
3126 2088 3497 2158 iniquitatibus
3536 2087 3775 2152 vestris,

2170 2189 2227 2237 et
2266 2180 2357 2235 vix
2390 2183 2620 2240 liberum
2642 2181 2912 2237 habebitis
2954 2182 3237 2253 gemitum,
3262 2196 3329 2236 ne
3369 2180 3655 2253 oﬁ‘endatis
3689 2181 3778 2236 vi-

2172 2277 2383 2324 ctorum
2424 2270 2732 2339 superbiam
2778 2271 2824 2325 si
2875 2270 3092 2340 publice
3132 2268 3263 2326 ﬂere
3303 2270 3634 2333 videamini,
3695 2271 3775 2323 ita

2171 2369 2231 2415 ut
2253 2358 2501 2416 Ezechiel
2522 2361 2784 2429 prepheta
2808 2361 2880 2415 sit
2900 2361 3053 2416 vobis
3076 2361 3130 2415 in
3152 2370 3478 2430 portentum,
3501 2372 3553 2415 et
3574 2360 3777 2415 omnia

2172 2466 2292 2521 qua:
2336 2451 2427 2505 ille
2470 2450 2527 2504 in
2571 2461 2750 2507 morte
2793 2468 2899 2507 non
2942 2451 3073 2507 fecit
3117 2453 3321 2516 uxoris,
3365 2468 3463 2506 vos
3501 2454 3552 2506 in
3597 2468 3774 2508 ever-

2172 2542 2325 2597 sione
2360 2542 2508 2596 urbis
2546 2549 2602 2595 et
2647 2542 2828 2611 templi
2873 2558 2977 2599 non
3018 2542 3251 2597 faciatis.
3300 2542 3365 2596 Et
3398 2544 3573 2597 adhuc
3598 2558 3777 2612 aper-

2174 2631 2301 2696 tius,
2325 2646 2378 2695 0,
2403 2629 2597 2700 inquit,
2622 2629 2696 2683 ﬁli
2720 2630 2972 2695 hominis,
3014 2630 3066 2684 iu
3093 2642 3333 2701 tempore
3376 2632 3590 2701 quando
3627 2633 3775 2686 abs-

2173 2721 2347 2777 tulero
2373 2722 2440 2776 ab
2460 2720 2540 2776 eis
2565 2718 2933 2775 fortitudinem
2958 2735 3167 2785 eorum,
3194 2720 3399 2790 templi,
3424 2730 3482 2773 ut
3501 2720 3775 2785 diximus,

2174 2813 2578 2878 conﬁdentiam,
2604 2821 2659 2868 et
2681 2812 2933 2883 gaudium
2967 2812 3262 2881 dignitatis,
3291 2820 3345 2865 et
3380 2813 3432 2865 in
3471 2827 3576 2881 quo
3606 2828 3776 2880 spem

2174 2903 2342 2959 solam
2388 2903 2660 2959 habebant
2697 2916 2761 2957 ac
2800 2902 3151 2965 desiderium,
3200 2901 3253 2955 in
3296 2917 3403 2970 quo
3449 2901 3776 2971 requiesce—

2173 2995 2305 3050 bant
2343 2993 2539 3049 animae
2581 3007 2789 3049 eorum.
2836 2993 3061 3063 Insuper
3106 2992 3244 3047 ﬁlios
3283 3008 3468 3047 eorum
3510 3000 3565 3046 et
3598 2992 3777 3057 ﬁlias,

2177 3084 2493 3139 subauditur
2535 3099 2600 3139 ex
2648 3082 3038 3153 superioribus,
3084 3070 3377 3137 abstulero.
3425 3081 3521 3146 Eo,
3551 3082 3771 3151 inquit,

2182 3183 2422 3244 tempore
2460 3189 2581 3230 cum
2616 3164 2826 3229 venerit
2865 3173 2932 3227 ad
2969 3181 3022 3227 te
3058 3172 3125 3228 de
3166 3170 3463 3227 Jerusalem
3515 3170 3775 3241 fugiens,

2180 3267 2262 3320 vel
2306 3267 2395 3336 qui
2438 3266 2709 3329 evaserit,
2762 3266 2949 3321 dicens
2997 3267 3186 3321 urbem
3235 3279 3360 3321 esse
3403 3266 3780 3334 subversam,

2180 3364 2310 3411 tunc
2351 3355 2441 3425 qui
2484 3356 2634 3426 prius
2682 3362 2951 3419 tacueras,
2988 3363 3043 3409 et
3084 3355 3343 3425 gemitum
3387 3353 3613 3409 liberum
3654 3370 3779 3412 non

2179 3445 2437 3511 habebas,
2463 3455 2518 3501 et
2555 3455 2717 3501 tant-.e
2739 3460 2861 3500 cras
2887 3446 3179 3515 patientiae,
3208 3454 3266 3499 ut
3302 3446 3353 3499 in
3386 3445 3573 3499 uxoris
3602 3459 3772 3507 nece.

2181 3548 2234 3594 et
2261 3538 2562 3593 lumborum
2609 3537 2792 3593 dolore
2820 3537 3111 3608 lacrymam
3156 3552 3261 3592 non
3299 3537 3599 3600 emitteres,
3636 3551 3779 3605 ape-

2182 3630 2290 3685 ries
2328 3645 2390 3685 os
2433 3638 2583 3685 tuum
2621 3638 2676 3683 et
2710 3627 2949 3697 loqueris
2986 3642 3091 3682 non
3130 3628 3198 3681 ad
3236 3643 3358 3682 eum
3401 3628 3490 3697 qui
3532 3626 3775 3690 venerit,

2181 3722 2276 3777 sed
2301 3737 2425 3776 cum
2465 3737 2552 3785 eo,
2596 3730 2656 3775 ut
2694 3734 3030 3791 quaecunque
3065 3729 3123 3773 tu
3150 3726 3374 3774 ventura
3413 3719 3776 3789 praedixeras,

2182 3813 2271 3868 ille
2315 3814 2526 3869 nuntiet
2568 3802 2730 3867 etiam
2774 3810 3049 3881 perfecta,
3093 3819 3150 3865 et
3192 3810 3333 3865 ultra
3378 3824 3483 3864 non
3531 3810 3771 3875 tacebis,

2184 3904 2277 3959 sed
2318 3919 2512 3974 argues
2553 3918 2667 3967 eos,
2718 3910 2774 3956 et
2816 3900 2963 3956 dices
3008 3908 3203 3955 cuncta
3250 3899 3356 3955 illis
3403 3900 3598 3953 merito
3636 3914 3773 3969 pro-

2180 3994 2415 4050 venisse.
2467 3994 2544 4048 lta
2587 4002 2643 4047 ut
2684 3994 2758 4047 sis
2803 3991 2911 4047 illis
2954 3992 3007 4045 in
3048 3999 3386 4061 portentum,
3430 3988 3586 4059 juxta
3634 3988 3771 4043 illud

2183 4079 2327 4157 quod
2375 4087 2427 4141 in
2470 4086 2734 4140 Zacharia
2780 4084 3041 4155 scriptum
3092 4090 3176 4137 est
3224 4079 3415 4152 (Zach.
3463 4079 3586 4150 lli),
3637 4094 3770 4149 pro-

2182 4178 2373 4249 phetas
2411 4178 2556 4231 viros
2595 4192 2713 4232 esse
2756 4175 3161 4247 portendentes.
3223 4173 3291 4227 Et
3330 4171 3590 4226 Dominus
3634 4170 3769 4226 alibi

2184 4265 2421 4336 loquitur
2466 4284 2478 4319 :
2531 4286 2548 4317 ι
2603 4265 2660 4319 1η
2711 4260 2961 4319 manibus
3003 4264 3390 4332 prophetarum
3434 4259 3771 4316 assimilatus

2187 4374 2325 4414 sum.
2361 4378 2378 4409 i
2428 4356 2553 4413 Hmc
2590 4357 2742 4427 juxta
2789 4355 3071 4410 historiam
3116 4355 3259 4409 dicta
3302 4354 3428 4408 sint.
3472 4352 3768 4423 (blaesus)

2188 4449 2482 4504 Veniamus
2523 4450 2586 4503 ad
2625 4462 2923 4518 anagogen,
2963 4447 3007 4501 si
3040 4454 3219 4501 tamen
3246 4445 3476 4500 violenta
3513 4447 3626 4500 visa
3657 4460 3768 4500 non

2188 4538 2348 4593 fuerit
2388 4540 2526 4595 cauti
2565 4538 2783 4593 lectoris
2825 4536 3136 4606 prudentia;
3172 4536 3367 4591 Filium
3396 4536 3630 4603 hominis
3657 4537 3769 4603 dici

2189 4630 2469 4686 Dominum
2518 4629 2857 4683 Salvatorem
2921 4626 3052 4682 nulli
3110 4626 3330 4683 dubium
3386 4626 3479 4696 qui
3522 4636 3769 4682 extrema

2187 4724 2343 4789 hora,
2389 4723 2490 4777 hoc
2525 4731 2628 4785 est,
2673 4720 2740 4775 ad
2782 4733 3063 4790 vesperam
3100 4718 3287 4773 mundi
3336 4718 3496 4787 hujus
3540 4732 3766 4772 uxorem

2186 4816 2468 4885 pristinam
2501 4812 2752 4884 perdidit,
2795 4826 2897 4867 nec
2935 4809 3084 4866 ﬂevit
3123 4824 3266 4875 eam,
3310 4823 3410 4863 nec
3436 4808 3638 4863 amictu
3670 4824 3769 4862 ora

2188 4906 2404 4968 velavit,
2434 4920 2533 4960 nec
2564 4903 2773 4976 recepit
2802 4903 2968 4956 ullam
3008 4902 3286 4956 hominum
3319 4900 3764 4955 consolationem.

2189 4997 2258 5051 Et
2296 4996 2409 5051 haec
2432 5004 2655 5051 ventura
2693 4993 2944 5063 prredixit
2981 5006 3160 5055 mane,
3199 5005 3318 5060 quze
3352 4990 3617 5061 completa
3644 4999 3771 5045 sunt

2190 5088 2421 5158 vesperi.
2469 5088 2533 5143 Et
2566 5101 2782 5141 rursum
2818 5098 2978 5138 mane
3004 5084 3059 5137 in
3086 5081 3322 5137 secundo
3347 5081 3599 5146 adventu,
3627 5080 3771 5135 facta

2190 5178 2441 5248 probabit
2473 5193 2593 5247 qua:
2617 5183 2841 5230 ventura
2880 5172 3238 5243 praedixerat;
3282 5168 3647 5224 sanctuarium
3680 5166 3772 5221 ιιι-

2194 5270 2454 5334 (lacerum,
2494 5276 2550 5322 et
2581 5265 2725 5336 quod
2763 5262 3120 5319 desiderabile
3154 5261 3457 5316 habuerant
3489 5260 3540 5314 in
3577 5260 3767 5321 oculis,

2196 5370 2250 5417 et
2273 5376 2435 5431 super
2460 5374 2568 5429 quo
2597 5357 2897 5412 tremebant
2920 5354 3114 5409 anima:
3143 5367 3352 5415 eorum,
3378 5366 3499 5407 esse
3528 5352 3767 5421 polluta:

2200 5452 2335 5507 ﬁlios
2374 5465 2586 5521 quoque
2629 5462 2836 5511 eorum,
2880 5454 2937 5499 et
2974 5444 3113 5501 ﬁlias
3147 5443 3392 5499 Romano
3430 5442 3608 5512 gladio
3645 5458 3776 5497 con-

2200 5542 2414 5596 cidisse.
2463 5538 2613 5607 Quod
2637 5546 2817 5593 autem
2841 5536 3058 5600 dicitur,
3092 5554 3111 5586 ‹
3143 5548 3397 5589 coronam
3424 5532 3697 5586 habebitis
3723 5534 3771 5586 in

2202 5631 2464 5700 capitibus
2484 5629 2702 5691 vestris,
2728 5635 2784 5681 et
2811 5624 3173 5679 ealeeamenta
3201 5628 3361 5677 erunt
3390 5622 3445 5674 in
3476 5619 3723 5689 pedibus.
3752 5642 3769 5671 ι

2203 5720 2267 5776 ad
2292 5719 2433 5775 illam
2460 5728 2665 5790 partem
2701 5715 3018 5783 referemus,
3045 5714 3187 5787 quod
3222 5728 3563 5783 nequaquam
3592 5712 3774 5784 lugere
