3936 6370
188 394 295 450 757

1139 401 1489 459 COMMENT.
1531 403 1597 460 IN
1638 404 2088 493 BZECHIELEM.
2128 416 2359 477 —_LlB.
2404 417 2471 471 Χ.

3338 422 3446 480 753

187 509 442 576 debeant,
482 525 583 566 nec
622 512 775 582 signa
816 512 991 567 luctus
1030 528 1327 582 assumere,
1356 524 1638 586 postquam
1668 532 1766 585 pro
1794 525 1841 581 Α
1870 522 2079 580 Domini
2118 541 2281 595 opere
2321 528 2586 599 completa
2612 568 2626 594 ,
2674 530 2952 586 habebunt
2990 532 3333 599 libertatem,
3383 546 3439 591 et

189 599 380 654 umbra
434 602 737 671 receperint
776 604 1097 668 veritatem,
1157 612 1213 660 et
1254 602 1497 663 Nazaraei
1539 606 1757 675 quidam

188 688 318 745 facti
352 690 573 747 fuerint.
618 693 683 746 Et
716 694 1082 764 unusquisque
1119 709 1281 764 super
1304 694 1469 750 fratre
1506 711 1604 751 suo
1634 712 1761 750 con-

187 780 472 847 solabitur,
524 784 597 839 ita
642 793 701 838 ut
745 785 993 840 Ezechiel
1042 799 1201 856 quem
1254 785 1577 842 confortavit
1622 788 1761 843 Deus

184 880 365 941 pater,
410 874 481 929 sit
525 875 605 930 eis
647 875 701 929 in
746 884 1054 944 portentum
1097 884 1325 931 ventura
1372 878 1756 946 przenuutians.

184 962 255 1018 Et
294 972 580 1035 postquam
604 966 860 1021 subversa
902 964 1065 1020 fuerit
1100 964 1420 1033 Jerusalem,
1478 967 1763 1037 templum-

1864 614 2071 685 polluto
2094 619 2403 674 sanctuario
2424 620 2559 689 ejus,
2588 620 2702 692 lege
2736 622 3002 693 completa
3030 624 3113 678 vel
3141 624 3436 695 destructa,

1866 708 2162 763 secundum
2200 708 2533 764 occidentem
2570 710 2828 776 litteram,
2851 720 3037 782 aperta
3060 713 3131 769 sit
3164 714 3440 786 Evangelii

1867 796 2071 865 gloria,
2106 805 2161 851 et
2203 807 2492 870 cognoscat
2530 798 2693 855 Israel
2735 803 2879 872 quod
2918 804 3031 873 ipse
3070 805 3140 861 sit
3180 805 3441 865 Dominus

1867 894 1925 941 et
1967 887 2146 952 Deus,
2203 890 2297 958 qui
2342 889 2458 943 huic
2505 903 2665 945 mane
2704 899 2930 946 ventura
2974 894 3323 963 praedixerit,
3383 905 3438 953 et

1869 978 2078 1048 vesperi
2118 987 2279 1047 atque
2318 979 2374 1034 in
2412 982 2871 1039 consummatione
2912 985 3095 1041 mundi
3129 1001 3250 1043 esse
3288 1003 3435 1044 com-

182 1066 292 1120 que
332 1068 674 1120 succensum,
718 1063 774 1110 et
814 1056 916 1110 hoc
955 1063 1099 1110 totus
1139 1056 1371 1110 mundus
1406 1057 1669 1122 audierit,
1711 1066 1766 1113 et
1862 1067 2030 1139 ptem,
2070 1083 2167 1123 suo
2202 1070 2444 1139 probarit
2482 1072 2733 1128 adventu.

183 1142 451 1214 dispersio
474 1144 639 1202 Israel
662 1163 782 1218 qua:
814 1147 961 1203 orbis
992 1147 1251 1204 terminos
1274 1146 1422 1213 colit,
1451 1155 1577 1202 tunc
1600 1148 1762 1203 verba

189 1306 3428 1337 mm

1377 1458 1677 1537 LIBER
1731 1457 2215 1541 DECIMUS.

245 1671 381 1730 Post
420 1672 579 1727 ﬁnem
622 1687 749 1744 ergo
791 1672 917 1726 noui
968 1671 1092 1727 libri
1129 1670 1286 1740 hujus
1331 1676 1545 1744 operis,
1597 1693 1758 1747 quem

2420 1675 2647 1733 CAPUT
2703 1677 2869 1733 XXV.

176 1763 735 1859 [super-explevimus,
763 1762 893 1817 libet
937 1776 1036 1859 nos
1068 1762 1120 1816 in
1152 1763 1304 1817 initio
1332 1764 1536 1859 decimi!
1566 1767 1756 1859 ριξωῖίμ
1783 1788 1832 1848 Β
1859 1789 2044 1846 Sermo
2066 1789 2275 1859 Domini
2299 1797 2480 1859 contra
2503 1786 2641 1855 filios
2664 1787 2905 1855 Ammon,
2929 1799 2975 1844 et
3000 1789 3176 1856 Moab,
3201 1801 3251 1847 el
3272 1790 3422 1859 Seyr,

175 1854 470 1909 tiunculam
502 1854 645 1908 beati
674 1852 981 1924 Hieronymi
1014 1868 1232 1922 ponere,
1263 1870 1382 1924 qua:
1410 1856 1486 1911 sic
1527 1857 1748 1928 incipit:

175 1964 195 1995 ε
229 1943 371 2012 Quid
406 1945 527 2000 aliis
558 1944 728 2013 prosit
757 1944 808 1998 in
843 1931 1345 2014 prophetas'uostra
1376 1948 1614 2015 dietatio,
1658 1951 1753 2006 Dei

170 2035 357 2105 iudicii
386 2046 467 2091 est
495 2051 790 2105 eorumque
814 2036 1177 2102 conscientiae,
1200 2037 1313 2106 qui,
1335 2039 1549 2094 omissis
1575 2039 1754 2095 decla-

172 2127 502 2181 mationibus
538 2141 601 2180 ac
651 2125 841 2195 plausu
898 2132 954 2179 ct
1003 2126 1390 2194 compositione
1440 2131 1749 2196 verborum,

168 2216 399 2286 cupiunt
427 2216 571 2269 scire
594 2214 722 2284 quid
752 2230 936 2268 eorum
968 2230 1168 2279 sermo,
1198 2217 1295 2269 'vel
1326 2228 1507 2273 narret
1532 2228 1752 2287 pecter-

168 2307 328 2373 itum,
350 2307 434 2363 vel
456 2322 690 2378 prmsens
711 2315 921 2383 arguat,
941 2306 1024 2362 vel
1037 2307 1291 2377 praedicat
1311 2323 1430 2362 esse
1444 2316 1746 2375 venturum,

168 2399 337 2455 Nobis
372 2400 588 2454 interim
637 2399 868 2468 primum
913 2399 1169 2468 prodest:
1200 2399 1325 2453 dum
1357 2401 1499 2454 enim
1538 2400 1641 2456 hoc
1667 2401 1747 2454 fa-

168 2493 361 2557 cimus,
414 2502 471 2545 et
512 2491 644 2545 nihil
678 2490 822 2545 aliud
876 2490 1196 2561 cogitamus,
1248 2491 1302 2544 in
1352 2490 1572 2546 modum
1619 2490 1746 2547 furti

166 2580 578 2649 explanationes
612 2579 971 2649 aggredimur,
1020 2586 1077 2632 et
1122 2577 1328 2639 dierum
1371 2579 1614 2634 miserias
1646 2595 1747 2634 no-

168 2670 334 2724 ctium
358 2670 536 2724 studio
557 2683 989 2737 compensamus.
1022 2666 1269 2722 Pascitur
1294 2667 1506 2722 animus
1534 2676 1590 2722 et
1614 2668 1747 2723 obli-

169 2759 393 2815 viscitur
414 2760 600 2815 δεουιί
637 2760 1036 2821 calamitatum,
1086 2759 1229 2828 quod
1270 2760 1324 2813 in
1366 2767 1608 2815 extremo
1642 2760 1747 2815 fine

166 2846 274 2920 jam
301 2850 536 2919 positum
565 2849 913 2919 eongemiscit
938 2856 993 2903 et
1018 2849 1269 2917 parturit,
1293 2849 1462 2904 donec
1485 2851 1575 2920 qui
1605 2858 1744 2905 tenet

169 2942 235 2994 de
267 2941 446 2995 medio
475 2939 597 3005 ﬁat,
639 2948 695 2993 et
730 2940 894 3008 pedes
923 2947 1121 2993 statua
1148 2932 1418 3007 quondam
1452 2938 1610 2995 ferrei
1639 2940 1745 2994 fra-

170 3033 373 3102 gilitate
402 3033 686 3101 digitorum
720 3031 960 3086 ﬁctilium
988 3038 1357 3085 conterantur.
1405 3030 1561 3086 Cadit
1587 3046 1743 3086 mun-

1923 1869 1972 1915 ει
2009 1870 2187 1913 contra
2220 1856 2556 1920 Palwsliuos,
2585 1859 2673 1927 qui
2704 1860 2865 1927 gavisi
2894 1868 3012 1913 sunt
3048 1860 3112 1914 de
3151 1862 3305 1916 ruina
3330 1856 3423 1918 1e4-

1927 1928 2179 1993 rusulem,
2206 1937 2255 1981 et
2283 1927 2575 1997 aﬂlixeruut
2599 1926 2741 1995 ﬁlia)
2766 1926 2943 1983 ludia.

1927 2057 1948 2090 ε
1980 2038 2047 2094 Et
2079 2038 2251 2093 factus
2284 2044 2367 2092 est
2404 2051 2584 2093 sermo
2624 2037 2830 2091 Domini
2858 2037 2925 2091 ad
2955 2052 3040 2092 me
3067 2038 3284 2095 dicens:
3324 2040 3423 2096 Fili

1858 2146 1875 2179 ‹
1908 2128 2166 2193 hominis,
2198 2142 2339 2197 pone
2372 2124 2560 2180 faciem
2599 2134 2742 2180 tuam
2776 2134 2964 2181 contra
2994 2126 3132 2182 filios
3160 2127 3420 2195 Ammon,

1854 2240 1873 2271 ‹
1907 2230 1962 2275 et
1988 2219 2335 2291 prophetabis
2356 2218 2422 2273 de
2444 2218 2543 2281 eis,
2566 2227 2621 2272 et
2643 2218 2789 2272 dices
2810 2217 2933 2273 filiis
2950 2218 3200 2274 Ammon.
3230 2220 3424 2277 Audite

1854 2327 1873 2361 σ
1904 2308 2129 2364 verbum
2143 2307 2351 2364 Domini
2372 2306 2460 2359 Dei
2477 2321 2491 2359 :
2511 2305 2635 2359 llaec
2647 2305 2777 2360 dicit
2793 2305 3047 2361 Dominus
3064 2308 3225 2375 Deus,
3239 2324 3338 2380 pro
3356 2323 3422 2365 eo

1854 2416 1873 2449 ι
1903 2397 2043 2467 quod
2066 2394 2297 2459 dixistis,
2319 2394 2481 2464 Euge,
2507 2411 2640 2467 euge
2659 2410 2821 2465 super
2838 2398 3201 2453 sanctuarium
3219 2414 3421 2465 meum,

1852 2504 1872 2537 ς
1902 2486 2029 2556 quia
2064 2484 2325 2555 pollutum
2358 2495 2471 2547 est,
2519 2493 2574 2538 ct
2620 2499 2779 2555 super
2810 2495 3007 2541 terram
3044 2486 3245 2555 Israel,
3294 2491 3425 2561 quia

1850 2598 1871 2631 ι
1902 2572 2139 2635 desolata
2168 2586 2269 2640 est,
2299 2586 2352 2632 et
2381 2593 2543 2648 super
2568 2577 2782 2633 domum
2808 2576 2965 2645 Juda,
2994 2581 3249 2649 quoniam
3274 2582 3420 2639 ducti

1850 2686 1869 2720 ‹
1904 2676 2030 2723 sunt
2058 2668 2111 2722 in
2144 2668 2532 2737 captivitatem.
2584 2668 2786 2724 Idcirco
2813 2684 2944 2739 ergo
2972 2671 3181 2727 tradam
3210 2673 3418 2731 te‘ﬁliis

1850 2775 1870 2809 ι
1902 2757 2286 2822 orientalibus,
2338 2758 2390 2811 in
2437 2758 2805 2813 hereditatem
2853 2759 3193 2815 collocabunt
3237 2763 3425 2819 caulas

1849 2866 1869 2899 ε
1901 2862 2027 2903 suas
2052 2848 2105 2902 in
2133 2856 2206 2914 te,
2247 2856 2302 2901 et
2326 2856 2526 2918 ponent
2551 2848 2603 2902 in
2635 2856 2686 2903 te
2714 2850 2944 2904 tentoria
2989 2865 3106 2905 sua.
3139 2851 3241 2922 ipsi
3269 2868 3417 2907 com-

1848 2957 1868 2991 ι
1899 2941 2060 2995 edent
2083 2939 2265 3010 fruges
2291 2948 2430 3006 tuas,
2446 2949 2500 2995 et
2518 2940 2617 3009 ipsi
2642 2941 2828 2996 bibent
2852 2941 2935 2997 lac
2958 2950 3127 2997 tuum.
3161 2943 3421 3015 Daboqne

1846 3046 1865 3080 ι
1898 3028 2083 3103 Rabba
2109 3030 2160 3083 in
2187 3029 2550 3085 habitaculum
2576 3030 2924 3089 camelorum.
2947 3041 3003 3086 et
3024 3032 3162 3088 filios
3185 3034 3411 3093 Ammon

169 3123 287 3188 dtis,
320 3132 374 3178 et
403 3124 583 3178 cervix
614 3131 789 3177 erecta
822 3138 926 3176 non
958 3120 1210 3177 ﬂectitur.
1247 3121 1481 3177 Pereunt
1505 3123 1734 3190 divitia),

1846 3133 1865 3167 ‹
1898 3117 1952 3172 in
1980 3118 2153 3173 cubile
2176 3134 2450 3189 pecorum,
2466 3126 2521 3173 et
2540 3120 2722 3174 scietis
2742 3122 2865 3190 quia
2886 3137 2984 3191 ego
2999 3123 3415 3193 Dominus,quia

168 3222 223 3266 et
248 3228 590 3283 nequaquam
618 3222 795 3268 cessat
821 3212 1065 3266 avaritia.
1096 3210 1434 3283 Congregare
1460 3212 1738 3281 festinant,

168 3315 287 3369 qua:
313 3316 526 3355 rursum
554 3303 622 3355 ab
644 3302 765 3356 aliis
790 3310 1136 3371 occupentur.
1171 3302 1442 3357 Aruernnt
1468 3304 1736 3376 lacrymze,

170 3392 340 3461 pictas
365 3394 541 3447 omnis
572 3393 747 3446 ablata
777 3400 877 3449 est.
918 3392 1066 3447 Multi
1094 3394 1185 3463 qui
1215 3404 1433 3464 petant,
1464 3397 1615 3466 pauci
1646 3398 1737 3467 qui

170 3485 425 3539 tribuant.
463 3483 569 3539 Nec
598 3486 984 3549 erubescimus,
1012 3496 1381 3555 paupertatem
1406 3487 1495 3541 vili
1525 3488 1739 3557 palliolo

169 3574 530 3643 praeferentes,
564 3574 735 3630 ϐεδωεί
781 3577 973 3645 Opibus
1003 3576 1279 3643 incubare,
1327 3577 1631 3649 famemque
1684 3588 1738 3635 et

170 3662 439 3717 interitum
490 3663 838 3732 plurimorum
887 3666 1087 3720 nostris
1132 3666 1403 3722 custodire
1448 3667 1733 3733 thesauris,

167 3752 456 3805 secundum
496 3752 642 3827 illum
681 3752 902 3807 divitem
941 3762 1291 3823 purpuratum
1315 3794 1329 3819 ,
1369 3756 1459 3824 qui
1498 3764 1557 3810 ut
1591 3756 1735 3811 aliud

166 3839 293 3893 nihil
322 3839 543 3907 fecerit,
577 3856 749 3910 neque
776 3842 921 3896 enim
954 3843 1170 3911 rapinas
1198 3843 1315 3911 ejus
1342 3853 1393 3898 et
1426 3842 1734 3913 iniquitates

166 3929 438 4001 Scriptura
475 3940 703 3987 testatur
730 3932 879 4004 (Luc.
909 3932 1055 4004 xvi),
1094 3933 1381 3989 crudelitas
1419 3933 1534 4002 ejus
1571 3944 1733 4006 atque

165 4023 410 4093 superbia
441 4040 544 4079 non
576 4024 739 4079 habet
778 4025 993 4079 modum
1024 4044 1036 4077 :
1070 4025 1275 4079 Lazaro
1316 4032 1443 4080 ante
1480 4025 1623 4083 fores
1650 4026 1733 4095 ja-

164 4114 299 4166 centi
330 4123 493 4183 atque
524 4114 812 4179 semineci,
850 4130 915 4169 ne
942 4130 1005 4168 ea
1036 4116 1249 4184 quidem
1278 4114 1439 4185 jussit
1467 4116 1581 4170 dari
1612 4133 1731 4187 quae

164 4205 381 4259 canibus
408 4206 783 4276 projiciuntur.
823 4206 1019 4273 Quanti
1051 4223 1193 4262 nunc
1221 4207 1412 4262 Lazari
1435 4207 1645 4276 jacent,
1676 4221 1731 4265 et

164 4304 482 4360 quantorum
520 4300 771 4367 purpura:
798 4298 1027 4352 diversis
1052 4298 1279 4353 vestium
1310 4299 1580 4355 coloribus
1606 4318 1728 4371 pro-

165 4391 427 4451 teguntur,
451 4403 516 4441 ne
539 4388 590 4441 in
616 4403 742 4459 usus
764 4388 977 4456 quidem
1001 4389 1247 4458 proprios
1264 4391 1581 4445 vertentium
1608 4409 1726 4461 qum

1848 3222 1867 3255 ‹
1898 3204 2015 3261 haec
2053 3207 2184 3262 dicit
2222 3206 2480 3262 Dominus
2519 3208 2687 3274 Deus,
2734 3224 2830 3279 pro
2874 3225 2939 3265 eo
2984 3211 3126 3281 quod
3166 3212 3413 3283 plausisti

1847 3310 1867 3343 ι
1900 3309 2083 3360 manu,
2115 3303 2170 3349 et
2195 3296 2503 3365 percussisti
2531 3296 2688 3365 pede,
2719 3307 2772 3351 et
2802 3299 2983 3367 gavisa
3010 3314 3069 3354 es
3098 3315 3162 3354 ex
3193 3302 3413 3357 toto'af-

1845 3401 1865 3434 ι
1898 3383 2039 3439 fectu
2070 3400 2231 3454 super
2259 3393 2458 3439 terram
2488 3385 2652 3440 Israel
2680 3428 2694 3450 ,
2747 3388 2946 3443 idcirco
2984 3405 3084 3461 ego
3125 3394 3409 3448 extendam

1846 3490 1864 3523 ι
1896 3488 2111 3527 manum
2146 3488 2318 3528 meam
2347 3490 2508 3543 super
2533 3482 2585 3526 te
2606 3514 2625 3543 ,η
2661 3484 2714 3527 et
2744 3476 2954 3530 tradam
2986 3485 3038 3532 te
3067 3477 3121 3531 in
3148 3478 3410 3548 direptio.

1844 3582 1862 3613 ι
1895 3578 2017 3618 neut
2049 3564 2307 3634 gentium,
2337 3573 2391 3617 et
2420 3563 2736 3617 interliciatn
2772 3574 2822 3619 te
2850 3566 2916 3619 de
2942 3565 3173 3635 populis,
3200 3577 3255 3622 et
3279 3582 3408 3639 per-

1844 3672 1862 3704 ‹
1897 3654 2022 3707 dam
2059 3654 2126 3708 de
2171 3654 2346 3718 terris,
2392 3663 2445 3707 et
2486 3665 2780 3709 conteram.
2838 3656 3088 3716 Etscies
3133 3658 3258 3726 quia
3307 3673 3408 3731 ego

1842 3764 1859 3795 ‹
1896 3746 2170 3800 Dominus.
2212 3766 2229 3797 ι
2266 3744 2429 3815 Capta
2470 3746 2548 3800 vel
2576 3747 2794 3801 obsessa
2820 3746 3137 3814 Jerusalem,
3175 3761 3229 3804 et
3260 3763 3404 3821 post-

1834 3853 1994 3907 quam
2025 3840 2169 3891 venit
2203 3838 2256 3891 in
2286 3838 2609 3909 Babylonem
2640 3842 2730 3909 qui
2759 3849 3008 3909 potuerat
3046 3844 3303 3912 evadere,
3350 3857 3406 3903 ct

1831 3928 2097 3981 nuntiavit
2127 3928 2312 3981 urbem
2354 3926 2467 3995 jam
2507 3926 2727 3999 jamque
2755 3932 3106 4001 capiendam,
3153 3937 3234 3990 vel
3279 3954 3399 3993 cum

1833 4019 2028 4088 templo
2045 4034 2163 4075 esse
2185 4020 2516 4087 subversam,
2532 4021 2685 4091 juxta
2705 4027 3140 4083 consuetudinem
3161 4033 3399 4096 omnium

1830 4111 2209 4181 prophetarum
2241 4112 2523 4167 adversum
2550 4122 2772 4169 creteras
2802 4116 2852 4169 in
2881 4116 3107 4171 circuitu
3134 4120 3395 4187 nationes,

1828 4216 1949 4270 quae
1997 4200 2382 4255 insnltaverant
2422 4202 2590 4256 ruinze
2640 4201 2933 4259 Jerusalem
2977 4208 3265 4279 templique
3309 4211 3394 4265 in-

1828 4289 2037 4353 cendio,
2073 4304 2249 4343 sermo
2278 4292 2611 4345 convertitur
2646 4294 2993 4363 prophetalis.
3046 4296 3395 4371 Primumque

1825 4388 2011 4433 contra
2042 4379 2176 4432 ﬁlios
2204 4378 2430 4434 Ammon
2476 4381 2565 4449 qui
2608 4382 2874 4437 habebant
2918 4386 3250 4454 metropolim
3294 4404 3392 4443 no-

164 4476 395 4541 pcritura
415 4487 754 4532 conservant.
785 4476 929 4543 Ilaec,
958 4478 1104 4548 virgo
1129 4476 1324 4533 Christi
1352 4479 1720 4547 Eustochium,

1844 4468 1968 4521 nine
1997 4466 2264 4531 Ilabbath,
2295 4484 2413 4538 qure
2459 4470 2615 4524 hodie
2642 4487 2671 4523 a
2708 4487 2829 4542 rege
2874 4472 3092 4545 Egypti
3117 4475 3393 4535 Ptolouteo

162 4580 225 4616 ex
251 4566 429 4620 cordis
458 4566 782 4622 abundantia
809 4584 869 4623 os
900 4568 1133 4623 locutum
1163 4570 1265 4635 sit,
1307 4578 1362 4625 et
1399 4570 1557 4639 paulo
1591 4570 1721 4627 libe-

165 4651 269 4707 rius
311 4669 473 4722 quam
514 4654 799 4710 humilitati
837 4666 1032 4711 nostra:
1065 4659 1354 4723 convenit,
1404 4659 1717 4714 dixerimus.

164 4740 279 4798 llaec
308 4759 438 4815 ergo
467 4745 697 4799 diximus
716 4786 731 4809 ,
781 4747 1025 4801 dolentes
1049 4745 1203 4815 juxta
1234 4747 1391 4802 finem
1425 4760 1721 4818 temporum

164 4838 466 4887 astuantem
495 4832 774 4886 avaritiam
802 4833 1151 4903 plurimorum
1171 4875 1187 4902 ,
1219 4836 1310 4905 qui
1341 4851 1445 4891 non
1475 4838 1722 4893 conside-

165 4928 278 4971 rant
302 4932 561 4990 quantum
596 4921 859 4986 habeant,
909 4922 1001 4976 sed
1033 4933 1291 4991 quantum
1320 4923 1398 4977 eis
1428 4924 1596 4989 desit,
1628 4940 1696 4979 vo

164 5003 323 5062 lentes
350 5009 532 5063 omnia
566 5008 664 5063 soli
702 5009 997 5080 possidere.
1054 5011 1204 5067 Unde
1238 5012 1368 5065 mihi
1407 5013 1605 5067 bonum
1640 5012 1692 5067 vi

166 5092 309 5149 detur
334 5106 394 5151 ut
422 5097 717 5152 cultoribus
744 5096 943 5153 Christi
977 5100 1087 5153 sint
1114 5115 1293 5156 mores
1321 5101 1436 5155 sine
1463 5100 1713 5169 avaritia,

165 5189 379 5241 contenti
424 5188 797 5258 praesentibus.
833 5187 1037 5242 Bonum
1068 5190 1281 5257 quidem
1312 5192 1716 5247 mercimonium

166 5282 253 5337 est,
275 5275 317 5329 si
336 5292 399 5330 ex
422 5278 677 5347 perituris
698 5286 752 5332 et
773 5278 1124 5347 priesentibns
1145 5278 1303 5333 rebus
1324 5280 1539 5349 pra-mia
1563 5282 1718 5337 nobis

166 5374 522 5432 comparemus
552 5376 751 5421 acterna
781 5376 834 5421 et
862 5381 1021 5436 regna
1057 5367 1315 5422 caelestia.
1365 5368 1629 5424 Caeterum
1662 5372 1716 5425 in

170 5452 487 5511 Ezechielem
517 5458 666 5519 liber,
708 5458 800 5528 qui
846 5458 1073 5513 filiorum
1101 5459 1331 5514 Ammon
1377 5468 1433 5515 et
1475 5462 1715 5531 gentium

168 5554 463 5602 cantet-arum
512 5549 928 5618 increpatione-tn
975 5550 1249 5616 continet,
1304 5560 1360 5606 et
1404 5552 1713 5609 vaticinium

173 5631 469 5705 futurorum,
504 5641 604 5695 hnc
635 5641 849 5697 habebit
876 5641 1178 5698 exordium.
1215 5662 1232 5694 ι

1824 4561 2177 4628 cognomehto
2220 4559 2566 4629 Philadelpho
2615 4563 2706 4631 qui
2749 4564 3003 4619 Arabiam
3051 4568 3223 4622 tenuit
3266 4584 3389 4624 cum

1821 4647 2003 4703 Judzca
2053 4647 2418 4717 Philadelphia
2467 4662 2770 4721 nuncupata
2813 4662 2914 4707 est.
2952 4672 2970 4704 ι
3003 4654 3105 4709 Fili
3133 4696 3147 4721 ,
3173 4657 3347 4727 inquit
3373 4700 3389 4724 ,

1823 4737 2085 4799 hominis,
2132 4751 2268 4805 pone
2313 4738 2426 4793 sive
2471 4740 2696 4793 obiirma
2756 4740 2944 4796 faciem
3004 4752 3149 4798 tuam
3200 4756 3390 4803 contra

1822 4822 1957 4878 ﬁlios
1983 4823 2244 4891 Ammon,
2282 4844 2301 4877 ι
2329 4827 2421 4895 qui
2462 4829 2526 4882 de
2555 4827 2690 4882 Loth
2739 4831 2905 4900 stirpe
2947 4835 3183 4903 generati
3228 4845 3385 4899 sunt,

1827 4932 1844 4963 ι
1877 4922 1931 4967 et
1959 4913 2103 4967 dices
2132 4913 2198 4967 ad
2228 4929 2339 4969 eos.
2392 4914 2517 4970 Haec
2560 4918 2689 4971 dicit
2717 4918 2973 4975 Dominus
2998 4922 3171 4986 Deus,
3204 4944 3223 4976 ι
3276 4939 3381 4979 non

1820 5009 1945 5054 sunt
1973 5001 2115 5054 enim
2152 5003 2425 5071 propheta:
2453 5004 2642 5066 verba,
2682 5006 2775 5059 sed
2805 5006 3032 5061 Domini.
3089 5010 3163 5065 De
3212 5010 3381 5065 obfir-

1820 5093 2054 5146 matione
2084 5092 2277 5153 vultus,
2315 5093 2380 5147 de
2408 5108 2514 5161 quo
2537 5094 2649 5162 jam
2681 5095 2734 5149 in
2770 5096 2869 5151 hoc
2906 5098 3089 5151 eodem
3120 5100 3381 5168 propheta

1818 5182 2025 5252 plenius
2052 5182 2457 5251 disputavimus.
2506 5202 2524 5233 ι
2556 5184 2658 5239 Pro
2685 5199 2749 5239 eo
2774 5186 2913 5254 quod
2943 5187 3171 5252 dixistis,
3197 5188 3343 5258 Euge
3362 5229 3379 5253 ,

1818 5287 1971 5343 euge,
1993 5292 2011 5325 ι
2040 5273 2153 5327 sive
2188 5273 2483 5328 insultastis
2513 5286 2564 5329 et
2596 5276 2761 5344 gavisi
2790 5278 2941 5340 estis,
2972 5278 3095 5345 quia
3127 5280 3382 5349 templum

1818 5373 1872 5418 et
1898 5364 2261 5419 sanctuariutu
2291 5380 2465 5419 meum
2501 5367 2731 5419 hostium
2763 5368 3088 5437 ingressione
3120 5369 3377 5439 pollutum

1816 5464 1921 5520 est,
1946 5473 1964 5505 ‹
1988 5464 2042 5510 et
2067 5470 2228 5524 super
2256 5466 2454 5511 terram
2476 5456 2661 5519 Israel,
2688 5459 2939 5527 quoniam
2968 5460 3202 5513 desolata
3229 5470 3330 5523 est,
3354 5481 3372 5511 ι

1817 5556 1871 5602 et
1898 5548 2203 5616 specialiter
2229 5563 2388 5616 super
2414 5549 2629 5602 domum
2660 5548 2792 5601 Juda
2838 5550 3060 5603 duannn
3108 5551 3375 5615 tribuum,

1817 5652 1935 5705 quze
1966 5652 2108 5690 nunc
2134 5637 2306 5690 duchc
2331 5645 2456 5689 sunt
2486 5638 2537 5689 in
2568 5637 2965 5706 captivitatem,
3006 5648 3284 5706 propterea
3324 5651 3380 5693 et

1818 5740 1914 5793 ego
1944 5726 2148 5781 tradam
2182 5733 2231 5779 te
2258 5723 2379 5777 filiis
2404 5724 2591 5791 Edom,
2623 5740 2757 5794 quos
2784 5724 3082 5778 Orientales
3111 5726 3377 5794 interprev
