3936 6362
474 390 576 444 759

1145 391 1203 444 Β.
1245 390 1493 446 RABANI
1533 392 1749 447 MAUIU
1794 392 2109 447 ARCIIIFP.
2152 393 2461 450 MOCUNT.
2502 395 2786 452 OPERUM
2824 397 3004 454 PARS
3043 388 3123 454 ll.

3631 392 3750 446 76-2)

475 507 570 560 tati
594 521 800 560 sumus.
830 506 1075 576 Nullique
1097 507 1316 562 dubium
1340 517 1422 563 est
1460 508 1783 564 Madianitas
1804 519 1859 564 et
1884 517 2048 564 totam
2080 512 2125 570 A
2154 509 2267 566 sive
2296 526 2484 567 eorum
2514 512 2646 568 vitio
2677 514 2767 584 qui
2804 514 2933 568 mibi
2964 515 3304 581 serviebant,
3351 515 3464 571 sive
3492 515 3749 571 hostium

472 598 640 651 ercmi
686 598 992 653 vastitatem
1021 599 1268 668 adjacere
1308 609 1466 655 terrae
1510 601 1756 664 Arabiie,
1796 602 1922 670 quia
1955 602 2050 656 ha-

475 688 603 742 bent
626 688 954 744 camelorum
981 704 1171 760 greges
1197 690 1488 760 oviumque
1515 690 1569 746 e't
1598 706 1757 762 capra
1769 708 1883 747 rum
1916 691 2051 745 mul-

475 777 823 847 titudimget
837 779 921 833 his
946 779 1136 849 apibus
1159 780 1438 848 victitant;
1461 783 1602 852 quod
1627 792 1682 837 et
1707 791 1865 838 terra:
1887 772 2069 838 Israel'

477 882 529 920 ιιι
587 866 836 925 Iudicum
867 871 1008 927 libro
1035 873 1299 928 accidisse
1328 884 1515 928 narrat
1541 875 1798 941 historia,
1836 877 2050 945 quando

472 969 734 1015 venerant
779 961 1078 1026 Madianmi,
1131 973 1185 1019 et
1224 964 1459 1034 depasta:
1489 974 1615 1019 sunt
1660 981 1830 1035 usque
1864 966 2047 1021 Gazan

472 1065 659 1105 omnes
684 1052 931 1120 regiones
954 1067 1162 1107 eorum.
1199 1063 1548 1130 Μεταφορικῶς
1573 1071 1699 1126 ergo
1726 1074 1824 1127 per
1850 1058 2050 1113 Madia-

473 1158 616 1197 meos
680 1143 976 1199 lsmaelitas
1029 1155 1083 1199 et
1138 1146 1414 1217 Agarenus
1463 1149 1556 1217 qui
1602 1164 1745 1203 nunc
1789 1148 2047 1205 Saraceni

472 1236 826 1306 appellantur,
854 1246 1189 1292 assumentes
1213 1236 1314 1291 sibi
1344 1237 1477 1293 falso
1508 1240 1722 1294 nomine
1748 1239 1918 1304 Sane,
1940 1257 2049 1311 quo

472 1329 679 1384 scilicet
707 1330 773 1383 de
804 1330 1033 1399 ingenua
1078 1339 1131 1383 et
1175 1329 1389 1383 domina
1424 1313 1706 1385 videantur
1734 1345 1853 1387 esse
1882 1347 2045 1401 gene-

472 1419 595 1482 rati,
632 1418 908 1487 Scriptura
940 1416 1234 1489 Signiticat,
1276 1419 1580 1489 dicitnrqne
1610 1420 1675 1474 de
1705 1435 1831 1491 rege
1863 1420 2045 1475 Nabu-

470 1508 810 1562 chodonosor
838 1516 894 1562 et
926 1508 1071 1562 omni
1109 1507 1225 1577 ejus
1260 1508 1543 1573 exercitu,
1593 1510 1734 1578 quod
1774 1510 1953 1564 veniat
1993 1520 2048 1565 et

467 1600 649 1669 capiat
672 1600 860 1654 urbem
888 1598 1156 1664 Rabbath,
1183 1615 1302 1670 quae
1329 1599 1411 1653 vel
1442 1601 1656 1670 proprie
1686 1602 1787 1655 huc
1816 1600 2049 1671 appella-

469 1700 558 1743 tur
588 1691 804 1745 nomine
843 1690 928 1744 vel
976 1690 1046 1744 ob
1091 1690 1555 1761 magnitudinem:
1610 1692 1857 1747 Rabbatb
1902 1694 2047 1748 enim

466 1781 702 1837 maxima
740 1780 958 1836 dicitur.
1008 1781 1077 1835 Et
1109 1796 1176 1836 ne
1211 1781 1519 1837 dubitemus
1554 1781 2048 1843 Nabuchodonosor

2154 602 2471 657 crudelitate
2491 604 2582 673 qui
2606 620 2755 659 meos
2774 607 3234 675 persequebantur
3258 623 3272 660 :
3303 616 3498 662 terram
3519 617 3757 676 quoque

2152 692 2331 759 israel,
2350 708 2543 749 sensus
2557 694 2801 751 videntes
2824 697 3013 761 Deum,
3031 712 3151 751 esse
3167 697 3458 752 desolatam
3472 698 3755 751 virtutum

2152 784 2350 851 choro;
2404 796 2459 840 et
2501 789 2757 856 quoniam
2798 788 2891 844 ﬁlii
2932 791 3124 845 domus
3151 789 3309 853 Juda,
3344 792 3394 845 id
3429 800 3512 846 est
3544 788 3754 844 Domi-

2151 891 2280 930 num
2310 879 2639 942 conﬁtentis,
2687 881 2738 934 in
2767 872 2874 951 qua
2903 891 2988 955 est
3017 868 3143 937 vera
3186 882 3317 936 ﬁdes
3345 892 3399 936 et
3426 891 3569 937 recta
3598 895 3756 935 con-

2151 964 2337 1032 fessio,
2361 967 2508 1022 ducti
2534 976 2661 1022 sunt
2690 968 2743 1022 in
2774 970 3164 1040 captivitatem,
3191 979 3245 1024 et
3273 972 3475 1025 servire
3504 970 3753 1023 Domino

2151 1054 2457 1122 desierunt,
2504 1054 2737 1124 idcirco,
2780 1059 2957 1113 omnis
2994 1059 3289 1123 insultans,
3336 1061 3564 1114 traderis
3604 1058 3758 1113 ﬁliis‘

2150 1143 2514 1207 Orientalibus
2551 1148 2640 1216 qui
2673 1149 2738 1203 de
2770 1163 2898 1203 vero
2928 1148 3131 1204 lumine
3178 1158 3305 1204 sunt
3354 1150 3626 1220 profecti,
3689 1156 3755 1204 et

2151 1239 2381 1293 traderis
2412 1239 2465 1292 in
2498 1240 2888 1304 hmreditatem,
2918 1249 2984 1294 ut
3014 1250 3070 1294 tu
3100 1256 3313 1311 quoque
3345 1243 3520 1313 discas
3549 1241 3755 1295 Domi-

2151 1344 2277 1382 num
2309 1328 2576 1385 conﬁteri.
2638 1331 2703 1384 Et
2750 1346 2848 1400 per
2896 1332 3299 1386 translationem
3351 1334 3545 1388 dicitur
3583 1331 3752 1402 quod

2150 1417 2246 1471 ﬁlii
2265 1419 2502 1475 Orientis
2527 1430 2732 1490 ponant
2760 1435 2923 1489 super
2954 1436 3048 1476 eos
3080 1420 3262 1476 caulas
3292 1436 3440 1486 snas,
3474 1433 3523 1475 et
3560 1421 3755 1491 ﬁgant

2150 1508 2412 1572 tentoria,
2461 1518 2516 1563 et
2547 1508 2731 1564 bibant
2759 1510 2872 1573 lac,
2915 1520 2970 1564 et
2998 1511 3282 1565 comedant
3314 1511 3492 1581 fruges
3518 1529 3531 1565 :
3565 1520 3620 1567 et
3655 1512 3751 1567 ci-

2148 1599 2289 1654 vitas
2317 1600 2588 1669 quondam
2621 1602 2888 1670 superbire
2926 1601 3019 1654 ﬁat
3056 1602 3109 1654 in
3154 1602 3517 1657 habitaculum
3549 1618 3753 1657 came-

2149 1679 2324 1745 lorum
2371 1691 2461 1759 qni
2504 1691 2735 1760 possint,
2767 1692 3012 1761 deposito
3048 1684 3212 1746 onere
3241 1702 3612 1762 peccatorum,
3656 1694 3751 1747 i2:-

2148 1791 2294 1839 trare
2321 1798 2416 1854 per
2444 1782 2684 1837 foramen
2714 1799 2861 1838 acus.
2913 1784 2981 1837 Et
3018 1784 3069 1838 in
3114 1784 3289 1839 cubile
3324 1798 3576 1854 pecorum
3604 1800 3749 1853 quae

467 1871 796 1927 subvertisse
822 1872 1095 1934 Arabiam.
1124 1880 1409 1942 postquam
1441 1879 1599 1942 capta
1620 1882 1702 1927 est
1725 1871 2044 1939 Jerusalem,
2076 1860 2122 1919 Β
2151 1884 2411 1946 reguntur
2438 1890 2468 1928 a
2501 1882 2718 1944 pastore
2748 1876 2909 1938 bono,
2946 1882 3003 1948 ut
3033 1891 3156 1930 cum
3187 1876 3290 1930 hoc
3320 1874 3545 1930 fecerint
3577 1876 3741 1928 inisti

466 1977 626 2031 supra
658 1960 938 2030 Scriptura
969 1968 1233 2016 testatur:
1271 1981 1289 2012 ι
1324 1962 1390 2016 Ει
1417 1969 1494 2027 ιιι,
1517 1961 1591 2017 ﬁli
1620 1962 1877 2029 hominis,
1909 1977 2047 2033 pone

468 2054 566 2108 tibi
595 2054 728 2109 duas
763 2053 880 2108 vias
904 2052 1134 2107 Ammon
1175 2061 1231 2107 et
1259 2050 1587 2119 Ierusalem,
1637 2064 1693 2108 et
1720 2055 1902 2109 veniat
1929 2054 2047 2124 gla-

466 2144 589 2198 dius
624 2142 766 2214 regis
798 2141 1108 2213 Babylonis.
1144 2161 1162 2195 ι
1219 2141 1287 2196 Ει
1334 2142 1570 2196 iterum:
1605 2159 1624 2192 ι
1658 2141 1713 2195 In
1744 2143 1920 2211 capite
1946 2143 2048 2198 via:

464 2234 700 2291 civitatis
728 2234 980 2303 conjiciet
1005 2233 1169 2299 viam,
1195 2248 1421 2303 ponens,
1454 2240 1514 2287 ut
1537 2233 1717 2288 veniat
1745 2232 1954 2302 gladius
1978 2234 2045 2289 ad

466 2324 714 2379 Rabbatb
748 2322 979 2378 ﬁliorum
1008 2322 1268 2387 Ammon,
1303 2330 1357 2376 et
1385 2322 1449 2375 ad
1475 2322 1667 2378 Iudam
1699 2324 1752 2377 in
1785 2321 2045 2378 Hierusa-

463 2413 568 2467 lem
594 2412 1029 2467 munitissimam.
1054 2432 1072 2464 ι
1098 2412 1166 2466 Εῑ
1189 2427 1401 2467 rursum
1423 2430 1435 2466 τ
1457 2432 1474 2462 ι
1497 2410 1622 2466 Ηωε
1640 2410 2045 2468 dicitDominus

468 2505 608 2559 Deus
643 2504 709 2558 ad
748 2504 888 2558 ﬁlios
914 2503 1176 2566 Ammon,
1220 2513 1275 2559 et
1304 2504 1370 2559 ad
1400 2505 1747 2575 opprobrium
1774 2519 1981 2559 eorum.
2018 2524 2036 2555 ι

465 2594 697 2651 Venient
723 2611 852 2665 ergo
880 2595 971 2649 lilii
1001 2595 1151 2650 Eden
1176 2636 1189 2660 ,
1235 2603 1290 2651 et
1334 2594 1674 2650 eolloeabunt
1703 2595 1887 2651 caulas
1915 2611 2041 2651 suas

461 2686 616 2756 quasi
663 2695 932 2756 pastores,
981 2687 1250 2757 ﬁgcntque
1302 2687 1554 2752 tentoria,
1604 2687 1706 2756 ipsi
1755 2673 2044 2743 vastabunt

463 2778 643 2848 fruges
689 2786 809 2832 tuas
833 2817 848 2842 ,
898 2785 953 2832 et
1000 2777 1186 2831 bibent
1227 2776 1310 2831 lac
1339 2785 1392 2830 et
1421 2776 1718 2831 ubertatem
1753 2785 1913 2831 terrae
1943 2777 2043 2831 im-

460 2866 643 2921 missis
672 2866 924 2937 gregibus
955 2864 1283 2919 camelorum
1323 2872 1379 2919 et
1414 2865 1653 2918 omnium
1683 2866 2002 2935 pupuloruni
2022 2908 2037 2932 ,

459 2966 532 3011 tta
560 2965 621 3011 ut
646 2957 755 3010 sint
785 2955 877 3009 ﬁlii
904 2955 1134 3009 Ammon
1166 2955 1218 3008 in
1247 2954 1423 3009 cubile
1450 2969 1736 3025 pecorum,
1777 2964 1833 3011 ct
1868 2956 2037 3011 malo-

460 3062 578 3101 rum
624 3046 948 3102 necessitate
980 3046 1279 3117 intelligant
1311 3048 1456 3116 quod
1490 3048 1604 3118 ipse
1637 3048 1707 3102 sit
1742 3047 2032 3112 Dominus,

457 3140 549 3209 qui
577 3147 633 3193 et
662 3137 837 3191 futura
872 3138 1140 3207 praedixit,
1169 3146 1225 3191 et
1259 3147 1318 3192 ut
1347 3138 1548 3202 ﬁerent,
1568 3140 1871 3210 imperavit.
1928 3141 2039 3197 Nec

2149 1973 2203 2019 et
2231 1964 2413 2019 traditi
2430 1961 2666 2019 Orientis
2692 1964 3001 2033 pastoribus
3032 1964 3330 2036 intelligant
3351 1964 3494 2034 quod
3519 1964 3635 2034 ipse
3668 1966 3752 2019 sit

2148 2054 2427 2109 Dominus.
2481 2052 2828 2124 Rursumque
2857 2055 3153 2123 exprobrat
3182 2056 3261 2111 eis
3289 2070 3458 2126 quare
3499 2056 3746 2117 insulta-

2148 2150 2340 2197 verunt
2374 2143 2541 2196 nimio
2581 2143 2761 2198 cordis
2802 2142 2996 2198 aﬁ'ectu
3040 2145 3214 2200 ruinis
3256 2144 3436 2215 populi
3481 2144 3619 2209 Dei,
3684 2156 3747 2199 et

2148 2242 2345 2287 terram
2373 2232 2538 2287 Israel
2563 2241 2888 2303 putaverant
2921 2235 3142 2289 omnino
3171 2235 3461 2299 desertam,
3491 2250 3589 2305 pro
3617 2252 3748 2305 quo

2147 2332 2458 2378 mereantur
2485 2339 2704 2378 manum
2735 2325 3044 2380 ulciscentis
3074 2326 3172 2380 Dei
3198 2345 3211 2379 :
3255 2336 3315 2380 ut
3350 2327 3439 2395 qui
3478 2341 3746 2381 excesse-

2148 2421 2269 2467 rant
2297 2413 2515 2468 modum
2546 2414 2921 2469 estltationis
2965 2424 3020 2469 et
3047 2415 3223 2485 gaudii
3254 2431 3416 2485 super
3443 2417 3596 2471 ruina
3626 2417 3743 2472 do-

2146 2519 2266 2558 mus
2295 2494 2463 2569 Judae,
2490 2520 2831 2575 nequaquam
2871 2504 3153 2560 tradantur
3184 2505 3307 2559 ﬁliis
3333 2492 3589 2569 Orientis,
3631 2506 3745 2561 sed

2144 2594 2253 2648 sint
2284 2594 2338 2648 in
2368 2594 2725 2665 direptionem
2756 2602 3073 2649 cunctarum
3105 2594 3365 2665 gentium,
3417 2602 3471 2648 et
3519 2592 3745 2649 interﬁ-

2143 2685 2357 2740 ciantur
2385 2686 2450 2739 de
2486 2684 2719 2755 pupulis,
2768 2697 2820 2739 et
2856 2692 3114 2754 pereant,
3166 2695 3220 2739 et
3266 2692 3641 2751 conterantur,
3679 2694 3742 2742 et

2142 2791 2483 2847 nequaquam
2513 2776 2579 2830 de
2610 2776 2779 2845 stirpe
2800 2776 3097 2839 Abraham,
3120 2777 3211 2831 sed
3234 2776 3300 2830 de
3322 2777 3528 2830 cunctis
3551 2777 3744 2831 natio—
3774 2838 3777 2839 ν

2142 2866 2300 2921 nibus
2327 2881 2447 2921 esse
2476 2866 2727 2921 credendi
2764 2868 2907 2932 sint;
2954 2875 3009 2921 et
3048 2875 3175 2919 tunc
3214 2866 3476 2920 malorum
3515 2883 3737 2936 cogno-

2140 2965 2291 3012 scant
2316 2957 2683 3027 magnitudine
2708 2964 2762 3010 et
2785 2957 3109 3011 contritione
3136 2971 3254 3019 sua,
3271 2964 3325 3009 et
3350 2955 3739 3013 interiectione

2137 3047 2348 3118 populi,
2388 3048 2532 3117 quod
2563 3046 2674 3117 ipse
2706 3048 2777 3102 sit
2804 3047 3082 3101 Dominus.
3124 3047 3274 3113 Quod
3304 3047 3629 3118 generaliter
3658 3049 3735 3104 de

2139 3139 2378 3193 Ecclesia
2410 3138 2791 3215 intelleximus,
2825 3153 2987 3208 super
3037 3153 3360 3208 unoquoque
3411 3148 3738 3195 sanctorum

456 3230 560 3285 hoc
586 3226 781 3283 sulIicit
810 3226 935 3281 ﬁliis
960 3226 1214 3292 Ammon,
1239 3234 1298 3281 ut
1333 3226 1656 3282 insultarent
1688 3236 1743 3282 et
1771 3229 2032 3294 dicerent,
2065 3234 2109 3295 C
2142 3228 2364 3300 intelligi
2401 3237 2614 3298 potest:
2652 3230 2720 3282 ad
2751 3244 2982 3298 quorum
3016 3229 3229 3283 ruinam
3269 3231 3504 3301 gaudent
3539 3231 3734 3286 muli

454 3323 623 3395 Euge,
648 3338 783 3394 euge
811 3337 973 3392 super
999 3321 1197 3391 templo
1225 3328 1280 3377 et
1308 3321 1617 3376 sanctuario
1646 3319 2038 3391 Domini,quod

452 3414 716 3486 pollutum
762 3423 880 3469 erat
926 3414 1262 3468 diversarum
1307 3412 1529 3468 introitu
1570 3412 1848 3467 nationum
1878 3453 1892 3476 ,
1944 3411 2037 3467 scd

452 3514 606 3561 tanta
636 3504 735 3559 fuit
772 3503 1062 3558 insultandi
1092 3502 1313 3557 lascivia
1332 3543 1347 3566 ,
1390 3509 1451 3556 ut
1491 3509 1720 3557 cunctus
1748 3501 1909 3555 simul
1939 3516 2036 3570 po-

454 3596 615 3669 pulus
644 3594 892 3648 manibus
930 3602 983 3648 et
1020 3594 1249 3664 pedibus
1274 3599 1665 3661 concrepant,
1712 3600 1770 3646 et
1813 3606 1877 3646 ex
1926 3599 2037 3645 toto

454 3684 638 3742 cordis
666 3683 924 3739 clamaret
954 3682 1179 3746 aﬁ‘ectu,
1224 3696 1289 3735 eo
1330 3681 1469 3749 quod
1518 3690 1661 3735 terra
1699 3680 1861 3735 Israel
1892 3690 2035 3735 esset

451 3774 713 3831 desolata.
747 3773 1037 3841 Propterea
1072 3786 1175 3824 non
1208 3784 1303 3839 per
1330 3769 1567 3840 angelos,
1600 3784 1774 3839 neque
1802 3784 1900 3838 per
1930 3768 2033 3823 alia

451 3865 755 3922 ministeria
781 3903 798 3929 ,
855 3863 951 3917 sed
1006 3863 1119 3932 ipse
1160 3861 1442 3925 Dominus,
1470 3861 1767 3916 extendens
1814 3876 2032 3914 manum

447 3972 602 4014 suam
632 3957 698 4010 ad
730 3954 1159 4027 percutiendum,
1191 3953 1365 4007 tradet
1392 3967 1511 4007 eam
1557 3952 1609 4007 in
1653 3952 2030 4022 direptionem,

448 4062 788 4117 nequaquam
819 4044 1036 4099 camelis
1064 4052 1118 4098 et
1162 4044 1343 4099 ovium
1373 4043 1645 4114 gregibus,
1681 4044 1775 4098 sed
1808 4044 2033 4099 manife-

448 4139 585 4194 stius
632 4137 901 4208 gentibus,
953 4146 1011 4189 ut
1060 4134 1127 4189 de
1176 4134 1496 4205 pupulorum
1546 4150 1773 4190 numero
1816 4136 2031 4206 penitus

446 4230 777 4293 cradicetur,
824 4236 880 4282 et
924 4238 1110 4298 pereat
1156 4236 1210 4281 et
1256 4227 1530 4297 redigatur
1570 4228 1637 4282 ad
1667 4228 1911 4283 nihilum.
1963 4228 2031 4282 Et

444 4327 731 4390 postquam
764 4317 995 4371 contrita
1044 4315 1237 4382 fuerit,
1288 4324 1419 4371 tunc
1446 4316 1712 4387 intelligat
1737 4319 1881 4387 quod
1913 4318 2025 4387 ipse

444 4413 517 4468 sit
546 4412 824 4475 Dominus,
858 4410 945 4480 qui
978 4418 1171 4464 cuncta
1202 4409 1488 4480 dijudicet,
1526 4417 1581 4464 et
1612 4410 1663 4463 in
1693 4426 1881 4465 omnes
1912 4418 2026 4465 ter-

445 4521 537 4559 ras
569 4505 763 4559 habcat
790 4512 1132 4574 potestatein.
1174 4502 1463 4557 Possumus
1483 4502 1640 4571 juxta
1674 4503 2025 4576 tropulogiam

2140 3318 2386 3373 homines
2414 3326 2468 3373 et
2498 3318 2822 3373 adversaria:
2855 3327 3171 3388 potestates,
3208 3320 3252 3373 si
3286 3320 3436 3374 multi
3466 3323 3739 3391 temporis

2137 3408 2474 3476 perdiderint
2525 3408 2841 3477 pudicitiam
2870 3449 2883 3471 ,
2936 3409 3062 3463 dum
3112 3409 3237 3463 mali
3290 3410 3731 3466 consolationem

2138 3515 2357 3554 suorum
2384 3500 2648 3555 scelerum
2672 3509 2879 3570 putant,
2904 3501 2947 3555 si
2974 3500 3156 3571 plures
3183 3502 3417 3557 habeant
3442 3513 3736 3559 consortes

2136 3590 2425 3643 criminum
2452 3600 2615 3659 atque
2652 3590 2930 3660 supplicii.
2972 3598 3027 3645 et
3070 3592 3174 3645 hoc
3215 3607 3375 3647 nemo
3411 3591 3573 3657 fecit,
3617 3593 3736 3649 nisi

2136 3677 2300 3733 fuerit
2326 3678 2469 3733 ﬁlius
2498 3680 2728 3733 Ammon
2754 3721 2769 3745 ,
2817 3681 2918 3734 hoc
2956 3690 3040 3735 est
3081 3680 3222 3735 ﬁlius
3263 3681 3483 3753 populi,
3531 3683 3623 3753 qui
3673 3684 3734 3739 in

2135 3769 2495 3824 declinatione
2525 3779 2813 3841 generatus
2840 3779 2943 3825 est.

2212 3877 2230 3909 ι
2261 3858 2386 3914 Ilaec
2414 3859 2545 3914 dicit
2578 3860 2837 3915 Dominus
2864 3861 3025 3915 Deus.
3066 3859 3171 3913 Pro
3196 3876 3261 3916 eo
3291 3862 3434 3930 quod
3466 3862 3729 3920 dixerunt

2139 3971 2158 4004 ι
2191 3953 2347 4008 Moab
2370 3963 2424 4009 et
2449 3953 2593 4019 Seir,
2609 3968 2735 4009 ecce
2760 3955 2901 4009 sicut
2920 3968 3109 4009 omnes
3130 3963 3318 4023 gentes
3340 3954 3532 4009 domus
3553 3954 3721 4011 Iuda.

2138 4066 2155 4097 ι
2187 4046 2392 4100 Idcirco
2429 4060 2557 4101 ecce
2594 4061 2694 4116 ego
2722 4046 2961 4115 aperiam
2992 4046 3276 4100 humerum
3306 4045 3461 4101 Moab
3489 4048 3557 4103 de
3583 4048 3723 4104 civi-

2135 4158 2153 4189 ι
2190 4138 2392 4193 tatibus
2416 4157 2428 4191 :
2459 4139 2523 4193 de
2546 4139 2875 4199 civitatibus,
2896 4139 3140 4207 inquam,
3165 4138 3283 4206 ejus
3312 4139 3523 4211 inclyta:
3555 4148 3723 4197 terra:

2135 4248 2151 4280 ι
2185 4227 2575 4283 Bethiesimoth
2626 4239 2683 4282 et
2727 4226 3016 4283 Beelmeon
3069 4236 3126 4283 et
3171 4228 3538 4293 Cariathaim,
3592 4230 3722 4288 ﬁliis

2133 4337 2152 4368 ι
2188 4317 2427 4374 Orientis
2456 4333 2579 4373 eum
2610 4317 2736 4373 ﬁliis
2761 4318 3013 4373 Ammon.
3045 4318 3112 4372 Et
3140 4319 3279 4373 dabo
3304 4334 3426 4374 eam
3458 4322 3510 4375 in
3543 4322 3716 4377 luere-

2132 4428 2151 4459 ι
2184 4409 2429 4472 ditatem,
2456 4417 2515 4462 ut
2542 4424 2644 4463 non
2676 4409 2747 4463 sit
2772 4411 3032 4465 memoria
3056 4410 3195 4465 ultra
3219 4409 3453 4465 ﬁliorum
3480 4411 3717 4468 Ammon

2132 4518 2149 4548 ι
2184 4498 2237 4551 in
2270 4498 2540 4568 gentibus.
2592 4497 2658 4551 Et
2686 4499 2738 4551 in
2769 4498 2923 4553 Moab
2954 4498 3147 4553 faciam
3172 4498 3377 4569 judicia
3397 4542 3412 4568 ,
3454 4510 3509 4555 et
3540 4504 3721 4559 scient

444 4597 584 4652 ﬁlios
607 4594 836 4649 Ammon
863 4594 1180 4663 intelligere,
1204 4593 1295 4662 qui
1322 4593 1387 4648 de
1411 4594 1548 4648 Loth
1576 4594 1627 4648 in
1653 4594 1905 4665 spelunca
1933 4611 2024 4665 ge—
2052 4590 2102 4647 D
2134 4607 2150 4638 ι
2185 4589 2309 4657 quia
2341 4602 2441 4657 ego
2472 4587 2748 4642 Dominus.
2789 4609 2807 4640 ι
2860 4588 3129 4660 (meram)
3168 4590 3469 4646 Ridiculam
3497 4608 3628 4649 vero
3661 4594 3717 4648 in

442 4687 618 4741 nerati
672 4695 797 4739 sunt
845 4685 1074 4747 semine,
1111 4692 1166 4737 et
1199 4684 1438 4753 generati
1480 4684 1531 4737 in
1571 4684 1830 4739 ebrietate
1858 4694 1912 4739 et
1942 4686 2024 4739 in-

441 4786 617 4843 cestu,
635 4792 824 4833 omnes
852 4776 1131 4831 luereticos
1152 4816 1165 4840 ,
1197 4776 1262 4830 de
1289 4775 1483 4844 quibus
1514 4776 1641 4829 dicit
1671 4785 1725 4831 et
1751 4777 2023 4845 apostolus

440 4867 716 4925 Joannes:
748 4887 766 4919 ι
798 4868 875 4921 Ex
907 4867 1062 4921 nobis
1090 4866 1369 4930 exierunt,
1417 4867 1509 4921 sed
1554 4882 1658 4921 non
1703 4868 1918 4922 fuerunt
1955 4883 2021 4922 ex

442 4961 617 5018 nobis.
674 4957 730 5012 Si
780 4959 924 5013 enim
971 4956 1201 5011 fuissent
1247 4972 1313 5011 ex
1363 4958 1552 5022 nobis,
1600 4960 2022 5028 permansisseut

440 5052 630 5121 utique
660 5049 937 5103 nobiscum
969 5046 1020 5117 (1
1049 5046 1209 5100 Joan.
1241 5045 1322 5117 ιι).
1359 5067 1376 5095 ι
1433 5047 1522 5101 Isti
1566 5048 1631 5101 de
1673 5048 2021 5103 inclinatione

443 5142 550 5197 urti
580 5147 706 5195 sunt
734 5157 745 5192 :
784 5138 885 5191 hoc.
917 5137 1058 5192 enim
1092 5137 1232 5191 Loth
1274 5138 1325 5191 in
1368 5137 1601 5207 linguam
1633 5148 1873 5194 nostram
1901 5156 2021 5195 ver-

445 5235 615 5287 titur:
658 5249 677 5283 ¢
720 5230 854 5297 Quia
902 5242 1092 5282 omnes
1143 5228 1569 5292 declinaverunt,
1598 5230 1755 5283 simul
1806 5230 2021 5285 inutiles

443 5321 571 5377 facti
602 5328 748 5383 sunt,
782 5334 885 5371 non
917 5326 999 5370 est
1031 5318 1120 5387 qui
1153 5316 1314 5371 faciat
1344 5318 1562 5382 bonum,
1602 5334 1705 5372 non
1738 5329 1822 5373 est
1851 5335 2020 5388 usque

444 5413 513 5467 ad
562 5426 725 5464 unttm
782 5407 952 5477 (Paul.
982 5423 1101 5469 xm,
1132 5407 1209 5475 5).
1245 5426 1261 5457 ι
1315 5406 1612 5461 Adversum
1662 5407 1760 5461 hos
1804 5409 2020 5477 ponitur

442 5510 555 5563 sive
584 5502 901 5556 obﬁrmatur
929 5499 1090 5552 facies
1119 5499 1462 5568 prophetalis,
1493 5508 1550 5552 ut
1594 5516 1686 5553 eos
1714 5516 1807 5553 sua
1837 5510 2017 5554 auste-

441 5600 599 5653 ritate
631 5597 889 5644 contcrat.
938 5588 1005 5641 Et
1032 5588 1160 5641 dirit
1186 5589 1261 5640 eis
1289 5606 1300 5639 :
1331 5588 1464 5653 Quia
1496 5588 1793 5642 insultastis
1836 5588 2015 5642 Ecele-

440 5691 534 5741 size
589 5699 721 5739 metu
785 5693 1022 5750 tempore
1099 5682 1513 5750 pz-i'~'~OCttti0iiis,
1576 5682 2016 5752 diversm'unique

440 5776 611 5837 vitio,
668 5770 806 5840 quod
856 5771 1111 5840 pollutum
1180 5782 1321 5825 esset
1375 5772 1736 5826 sanctuarintn
1797 5788 2013 5835 meum,

2126 4678 2230 4733 hoc
2264 4679 2383 4733 loco
2424 4678 2633 4734 Hebraei
2666 4689 2887 4734 narrant
2919 4680 3153 4734 fabulam
3178 4722 3193 4745 ,
3246 4692 3529 4752 postquam
3583 4687 3720 4741 urbs

2126 4780 2307 4841 aperta
2342 4770 2706 4841 templumque
2747 4782 3046 4826 reseratum
3086 4785 3204 4838 est,
3249 4772 3453 4844 ﬁliique
3479 4778 3715 4831 Ammon

2124 4870 2172 4916 et
2213 4861 2366 4916 Moab
2397 4870 2453 4916 ct
2482 4860 2604 4914 Scir
2646 4862 2874 4930 ingressi
2906 4873 3032 4917 sunt
3062 4864 3319 4933 templum
3348 4865 3717 4937 videruntque

2122 4950 2409 5005 Cherubin:
2432 4952 2767 5020 protegentia
2789 4953 3241 5020 propitiatorium,
3260 4955 3542 5009 dixerunt:
3561 4957 3716 5015 Sicut

2122 5051 2331 5096 cunctae
2359 5051 2546 5111 gentes
2575 5041 2760 5095 colunt
2790 5043 3106 5109 simulacra,
3152 5043 3227 5098 ita
3264 5054 3320 5099 et
3358 5043 3497 5100 Juda
3548 5048 3715 5105 habet

2123 5149 2233 5189 sua:
2269 5134 2542 5204 religionis
2570 5133 2729 5188 idola.
2760 5134 2827 5188 Et
2859 5134 3085 5201 idcirco,
3117 5135 3387 5205 inquiunt,
3419 5137 3595 5193 iratus
3624 5151 3713 5195 est

2122 5226 2401 5291 Dominus,
2432 5235 2485 5279 et
2510 5241 2603 5281 eos
2636 5226 2859 5280 tradidit
2886 5227 3206 5296 captivitati.
3252 5227 3363 5282 Nos
3391 5240 3573 5284 autem
3603 5232 3711 5289 hoc

2124 5318 2395 5381 dicemus,
2444 5319 2585 5388 quod
2630 5329 2685 5373 et
2731 5317 2818 5371 isti
2864 5318 3241 5374 insultaverint
3285 5319 3471 5375 domui
3516 5326 3705 5387 Judse.

2124 5409 2338 5476 quando
2358 5423 2385 5460 a
2409 5408 2672 5463 Chaldzeis
2698 5420 2851 5477 capta
2873 5418 2979 5475 est,
3006 5418 3258 5477 putantes
3284 5411 3422 5465 sicut
3456 5414 3509 5466 in
3539 5428 3707 5472 caute-

2124 5499 2198 5552 ris
2227 5498 2474 5567 gentibus
2494 5513 2599 5553 non
2622 5498 2694 5553 ibi
2720 5512 2839 5553 esse
2859 5498 3115 5553 auxilium
3139 5499 3254 5565 Dei,
3281 5501 3445 5554 etiam
3472 5516 3705 5574 regnum

2120 5590 2270 5644 Iudae
2298 5598 2353 5643 et
2375 5585 2673 5644 Jerusalem
2714 5590 2807 5643 Dei
2851 5591 3099 5659 prmsidio
3118 5592 3436 5647 destitutum
3458 5596 3705 5663 patuisse

2125 5681 2427 5751 Babyloniae
2449 5681 2717 5748 potestati.
2746 5680 2951 5734 Idcirco
2976 5695 3079 5735 non
3103 5682 3268 5736 multo
3288 5695 3410 5751 post
3432 5693 3698 5754 tempore,

2124 5775 2215 5828 sed
2244 5774 2705 5843 iiiprmseiitiaruin
2735 5774 2992 5827 Dominus
3036 5776 3393 5830 comminatur
3424 5794 3482 5831 se
3511 5780 3695 5834 lmine-
