  <div class='ocr_page' id='page_1' title='image "/cluster/home/n/w/nwhite01/storage/ocr_20150623/110/uva.x000827066/388.png"; bbox 0 0 3936 6366; ppageno 0'>
   <div class='ocr_carea' id='block_1_1' title="bbox 184 420 1758 480">
    <p class='ocr_par' dir='ltr' id='par_1_1' title="bbox 184 421 1758 480">
     <span class='ocr_line' id='line_1_1' title="bbox 184 421 1758 480; baseline -0.001 -3"><span class='ocrx_word' id='word_1_1' title='bbox 184 423 269 478; x_wconf 77' lang='lat' dir='ltr'><strong>Nil</strong></span> <span class='ocrx_word' id='word_1_2' title='bbox 390 446 392 450; x_wconf 62' lang='grc' dir='ltr'><strong><em>τ</em></strong></span> <span class='ocrx_word' id='word_1_3' title='bbox 1144 422 1497 480; x_wconf 80' lang='lat' dir='ltr'><strong>COMMENT.</strong></span> <span class='ocrx_word' id='word_1_4' title='bbox 1537 421 1606 476; x_wconf 88' lang='lat' dir='ltr'><strong>IN</strong></span> <span class='ocrx_word' id='word_1_5' title='bbox 1648 422 1758 477; x_wconf 76' lang='lat' dir='ltr'><strong>EZE</strong></span> 
     </span>
    </p>
   </div>
   <div class='ocr_carea' id='block_1_2' title="bbox 1860 420 2453 480">
    <p class='ocr_par' dir='ltr' id='par_1_2' title="bbox 1860 420 2453 479">
     <span class='ocr_line' id='line_1_2' title="bbox 1860 420 2453 479; baseline 0.007 -5"><span class='ocrx_word' id='word_1_6' title='bbox 1860 420 2097 478; x_wconf 82' lang='lat' dir='ltr'><strong>llELEM.</strong></span> <span class='ocrx_word' id='word_1_7' title='bbox 2137 454 2208 464; x_wconf 95' lang='lat'>—</span> <span class='ocrx_word' id='word_1_8' title='bbox 2244 423 2351 478; x_wconf 85' lang='lat' dir='ltr'><strong>LIB</strong></span> <span class='ocrx_word' id='word_1_9' title='bbox 2391 425 2453 479; x_wconf 82' lang='lat' dir='ltr'><strong>X.</strong></span> 
     </span>
    </p>
   </div>
   <div class='ocr_carea' id='block_1_3' title="bbox 3321 423 3426 479">
    <p class='ocr_par' dir='ltr' id='par_1_3' title="bbox 3321 423 3426 479">
     <span class='ocr_line' id='line_1_3' title="bbox 3321 423 3426 479; baseline 0.019 -2"><span class='ocrx_word' id='word_1_10' title='bbox 3321 423 3426 479; x_wconf 64' lang='grc' dir='ltr'><strong>Ἰῦὲ</strong></span> 
     </span>
    </p>
   </div>
   <div class='ocr_carea' id='block_1_4' title="bbox 173 535 3427 611">
    <p class='ocr_par' dir='ltr' id='par_1_4' title="bbox 173 535 3427 611">
     <span class='ocr_line' id='line_1_4' title="bbox 173 535 3427 611; baseline -0.001 -17"><span class='ocrx_word' id='word_1_11' title='bbox 173 553 292 595; x_wconf 80' lang='lat' dir='ltr'><strong>run)</strong></span> <span class='ocrx_word' id='word_1_12' title='bbox 310 579 324 601; x_wconf 91' lang='lat'><strong>,</strong></span> <span class='ocrx_word' id='word_1_13' title='bbox 367 541 531 595; x_wconf 87' lang='lat' dir='ltr'><strong>robur</strong></span> <span class='ocrx_word' id='word_1_14' title='bbox 558 539 806 596; x_wconf 77' lang='lat' dir='ltr'><strong>videlicet</strong></span> <span class='ocrx_word' id='word_1_15' title='bbox 831 548 889 599; x_wconf 89' lang='lat' dir='ltr'><strong>et</strong></span> <span class='ocrx_word' id='word_1_16' title='bbox 916 540 1282 600; x_wconf 75' lang='lat' dir='ltr'><strong>fortitudinem</strong></span> <span class='ocrx_word' id='word_1_17' title='bbox 1312 537 1488 600; x_wconf 87' lang='lat' dir='ltr'><strong>Moab,</strong></span> <span class='ocrx_word' id='word_1_18' title='bbox 1520 535 1588 592; x_wconf 90' lang='lat' dir='ltr'><strong>de</strong></span> <span class='ocrx_word' id='word_1_19' title='bbox 1613 536 1748 592; x_wconf 87' lang='lat' dir='ltr'><strong>civi-</strong></span> <span class='ocrx_word' id='word_1_20' title='bbox 1777 537 1831 597; x_wconf 78' lang='grc' dir='ltr'><strong>Α</strong></span> <span class='ocrx_word' id='word_1_21' title='bbox 1854 536 2112 611; x_wconf 85' lang='lat' dir='ltr'><strong>quidquid</strong></span> <span class='ocrx_word' id='word_1_22' title='bbox 2140 539 2207 594; x_wconf 87' lang='lat' dir='ltr'><strong>ad</strong></span> <span class='ocrx_word' id='word_1_23' title='bbox 2239 546 2504 593; x_wconf 86' lang='lat' dir='ltr'><strong>terrenam</strong></span> <span class='ocrx_word' id='word_1_24' title='bbox 2532 539 2812 594; x_wconf 73' lang='lat' dir='ltr'><strong>scientiam</strong></span> <span class='ocrx_word' id='word_1_25' title='bbox 2834 539 3098 609; x_wconf 90' lang='lat' dir='ltr'><strong>pertinet,</strong></span> <span class='ocrx_word' id='word_1_26' title='bbox 3129 547 3185 595; x_wconf 89' lang='lat' dir='ltr'><strong>et</strong></span> <span class='ocrx_word' id='word_1_27' title='bbox 3209 548 3427 611; x_wconf 91' lang='lat' dir='ltr'><strong>putatur</strong></span> 
     </span>
    </p>
   </div>
   <div class='ocr_carea' id='block_1_5' title="bbox 175 625 1749 698">
    <p class='ocr_par' dir='ltr' id='par_1_5' title="bbox 175 625 1749 698">
     <span class='ocr_line' id='line_1_5' title="bbox 175 625 1749 698; baseline -0.001 -13"><span class='ocrx_word' id='word_1_28' title='bbox 175 631 375 686; x_wconf 88' lang='lat' dir='ltr'><strong>tatibus</strong></span> <span class='ocrx_word' id='word_1_29' title='bbox 411 625 528 697; x_wconf 83' lang='lat' dir='ltr'><strong>ejus</strong></span> <span class='ocrx_word' id='word_1_30' title='bbox 557 628 939 683; x_wconf 89' lang='lat' dir='ltr'><strong>dissolutnrum</strong></span> <span class='ocrx_word' id='word_1_31' title='bbox 967 669 982 694; x_wconf 96' lang='lat'><strong>,</strong></span> <span class='ocrx_word' id='word_1_32' title='bbox 1033 630 1145 684; x_wconf 88' lang='lat' dir='ltr'><strong>sive</strong></span> <span class='ocrx_word' id='word_1_33' title='bbox 1185 638 1533 698; x_wconf 89' lang='lat' dir='ltr'><strong>aperturum,</strong></span> <span class='ocrx_word' id='word_1_34' title='bbox 1579 635 1638 682; x_wconf 93' lang='lat' dir='ltr'><strong>ut</strong></span> <span class='ocrx_word' id='word_1_35' title='bbox 1681 629 1749 683; x_wconf 91' lang='lat' dir='ltr'><strong>ad</strong></span> 
     </span>
    </p>
   </div>
   <div class='ocr_carea' id='block_1_6' title="bbox 176 719 1748 791">
    <p class='ocr_par' dir='ltr' id='par_1_6' title="bbox 176 719 1748 791">
     <span class='ocr_line' id='line_1_6' title="bbox 176 719 1748 791; baseline 0 -16"><span class='ocrx_word' id='word_1_36' title='bbox 176 721 320 791; x_wconf 86' lang='lat' dir='ltr'><strong>ipsos</strong></span> <span class='ocrx_word' id='word_1_37' title='bbox 345 737 560 791; x_wconf 89' lang='lat' dir='ltr'><strong>quoque</strong></span> <span class='ocrx_word' id='word_1_38' title='bbox 586 719 909 791; x_wconf 83' lang='lat' dir='ltr'><strong>Babylonius</strong></span> <span class='ocrx_word' id='word_1_39' title='bbox 940 721 1114 775; x_wconf 88' lang='lat' dir='ltr'><strong>victor</strong></span> <span class='ocrx_word' id='word_1_40' title='bbox 1143 721 1398 784; x_wconf 81' lang='lat' dir='ltr'><strong>introeat,</strong></span> <span class='ocrx_word' id='word_1_41' title='bbox 1426 727 1480 774; x_wconf 90' lang='lat' dir='ltr'><strong>et</strong></span> <span class='ocrx_word' id='word_1_42' title='bbox 1505 719 1748 775; x_wconf 85' lang='lat' dir='ltr'><strong>civitates</strong></span> 
     </span>
    </p>
   </div>
   <div class='ocr_carea' id='block_1_7' title="bbox 173 808 1749 878">
    <p class='ocr_par' dir='ltr' id='par_1_7' title="bbox 173 808 1749 878">
     <span class='ocr_line' id='line_1_7' title="bbox 173 808 1749 878; baseline -0.002 -12"><span class='ocrx_word' id='word_1_43' title='bbox 173 810 228 866; x_wconf 90' lang='lat' dir='ltr'><strong>in</strong></span> <span class='ocrx_word' id='word_1_44' title='bbox 254 811 410 865; x_wconf 84' lang='lat' dir='ltr'><strong>Moab</strong></span> <span class='ocrx_word' id='word_1_45' title='bbox 434 825 556 866; x_wconf 90' lang='lat' dir='ltr'><strong>esse</strong></span> <span class='ocrx_word' id='word_1_46' title='bbox 583 812 868 875; x_wconf 77' lang='lat' dir='ltr'><strong>desistant,</strong></span> <span class='ocrx_word' id='word_1_47' title='bbox 892 819 947 865; x_wconf 91' lang='lat' dir='ltr'><strong>et</strong></span> <span class='ocrx_word' id='word_1_48' title='bbox 971 810 1023 864; x_wconf 91' lang='lat' dir='ltr'><strong>in</strong></span> <span class='ocrx_word' id='word_1_49' title='bbox 1052 809 1249 864; x_wconf 91' lang='lat' dir='ltr'><strong>ﬁnibus</strong></span> <span class='ocrx_word' id='word_1_50' title='bbox 1277 808 1393 878; x_wconf 80' lang='lat' dir='ltr'><strong>ejus</strong></span> <span class='ocrx_word' id='word_1_51' title='bbox 1423 825 1483 865; x_wconf 89' lang='lat' dir='ltr'><strong>ac</strong></span> <span class='ocrx_word' id='word_1_52' title='bbox 1509 809 1749 863; x_wconf 90' lang='lat' dir='ltr'><strong>terminis</strong></span> 
     </span>
    </p>
   </div>
   <div class='ocr_carea' id='block_1_8' title="bbox 173 889 1751 973">
    <p class='ocr_par' dir='ltr' id='par_1_8' title="bbox 173 889 1751 973">
     <span class='ocr_line' id='line_1_8' title="bbox 173 889 1751 973; baseline -0.003 -18"><span class='ocrx_word' id='word_1_53' title='bbox 173 902 340 956; x_wconf 84' lang='lat' dir='ltr'><strong>urbes</strong></span> <span class='ocrx_word' id='word_1_54' title='bbox 362 901 576 973; x_wconf 76' lang='lat' dir='ltr'><strong>inclyta:</strong></span> <span class='ocrx_word' id='word_1_55' title='bbox 597 889 964 966; x_wconf 80' lang='lat' dir='ltr'><strong>destruantur,</strong></span> <span class='ocrx_word' id='word_1_56' title='bbox 988 916 1215 971; x_wconf 87' lang='lat' dir='ltr'><strong>quarum</strong></span> <span class='ocrx_word' id='word_1_57' title='bbox 1239 899 1390 969; x_wconf 88' lang='lat' dir='ltr'><strong>ponit</strong></span> <span class='ocrx_word' id='word_1_58' title='bbox 1409 900 1630 952; x_wconf 85' lang='lat' dir='ltr'><strong>nomina</strong></span> <span class='ocrx_word' id='word_1_59' title='bbox 1651 898 1751 952; x_wconf 85' lang='lat' dir='ltr'><strong>Be-</strong></span> 
     </span>
    </p>
   </div>
   <div class='ocr_carea' id='block_1_9' title="bbox 177 976 1752 1060">
    <p class='ocr_par' dir='ltr' id='par_1_9' title="bbox 177 976 1752 1060">
     <span class='ocr_line' id='line_1_9' title="bbox 177 976 1752 1060; baseline -0.003 -13"><span class='ocrx_word' id='word_1_60' title='bbox 177 976 518 1048; x_wconf 88' lang='lat' dir='ltr'><strong>thiesimoth.</strong></span> <span class='ocrx_word' id='word_1_61' title='bbox 551 1002 604 1047; x_wconf 91' lang='lat' dir='ltr'><strong>et</strong></span> <span class='ocrx_word' id='word_1_62' title='bbox 634 994 938 1054; x_wconf 85' lang='lat' dir='ltr'><strong>Beclmcou,</strong></span> <span class='ocrx_word' id='word_1_63' title='bbox 970 1002 1024 1047; x_wconf 91' lang='lat' dir='ltr'><strong>et</strong></span> <span class='ocrx_word' id='word_1_64' title='bbox 1051 991 1402 1054; x_wconf 88' lang='lat' dir='ltr'><strong>Cariath‘aim,</strong></span> <span class='ocrx_word' id='word_1_65' title='bbox 1434 1005 1531 1060; x_wconf 90' lang='lat' dir='ltr'><strong>pro</strong></span> <span class='ocrx_word' id='word_1_66' title='bbox 1559 990 1752 1059; x_wconf 88' lang='lat' dir='ltr'><strong>quibus</strong></span> 
     </span>
    </p>
   </div>
   <div class='ocr_carea' id='block_1_10' title="bbox 173 1081 1748 1156">
    <p class='ocr_par' dir='ltr' id='par_1_10' title="bbox 173 1081 1748 1156">
     <span class='ocr_line' id='line_1_10' title="bbox 173 1081 1748 1156; baseline -0.005 -15"><span class='ocrx_word' id='word_1_67' title='bbox 173 1088 362 1141; x_wconf 85' lang='lat' dir='ltr'><strong>nescio</strong></span> <span class='ocrx_word' id='word_1_68' title='bbox 381 1087 509 1156; x_wconf 86' lang='lat' dir='ltr'><strong>quid</strong></span> <span class='ocrx_word' id='word_1_69' title='bbox 533 1085 794 1151; x_wconf 87' lang='lat' dir='ltr'><strong>volentes,</strong></span> <span class='ocrx_word' id='word_1_70' title='bbox 818 1084 960 1140; x_wconf 82' lang='lat' dir='ltr'><strong>LXX</strong></span> <span class='ocrx_word' id='word_1_71' title='bbox 987 1082 1326 1153; x_wconf 80' lang='lat' dir='ltr'><strong>interpretati</strong></span> <span class='ocrx_word' id='word_1_72' title='bbox 1377 1090 1502 1136; x_wconf 91' lang='lat' dir='ltr'><strong>sunt</strong></span> <span class='ocrx_word' id='word_1_73' title='bbox 1533 1081 1748 1134; x_wconf 89' lang='lat' dir='ltr'><strong>domum</strong></span> 
     </span>
    </p>
   </div>
   <div class='ocr_carea' id='block_1_11' title="bbox 174 1172 1750 1239">
    <p class='ocr_par' dir='ltr' id='par_1_11' title="bbox 174 1172 1750 1239">
     <span class='ocr_line' id='line_1_11' title="bbox 174 1172 1750 1239; baseline -0.004 -9"><span class='ocrx_word' id='word_1_74' title='bbox 174 1174 306 1230; x_wconf 75' lang='lat' dir='ltr'><strong>Belli</strong></span> <span class='ocrx_word' id='word_1_75' title='bbox 335 1173 753 1239; x_wconf 74' lang='lat' dir='ltr'><strong>Iasimuth,cum</strong></span> <span class='ocrx_word' id='word_1_76' title='bbox 791 1177 893 1230; x_wconf 90' lang='lat' dir='ltr'><strong>hoc</strong></span> <span class='ocrx_word' id='word_1_77' title='bbox 927 1173 1244 1228; x_wconf 85' lang='lat' dir='ltr'><strong>vocabulum</strong></span> <span class='ocrx_word' id='word_1_78' title='bbox 1275 1172 1456 1226; x_wconf 87' lang='lat' dir='ltr'><strong>villam</strong></span> <span class='ocrx_word' id='word_1_79' title='bbox 1485 1172 1750 1226; x_wconf 87' lang='lat' dir='ltr'><strong>desertam</strong></span> 
     </span>
    </p>
   </div>
   <div class='ocr_carea' id='block_1_12' title="bbox 173 1260 1792 1336">
    <p class='ocr_par' dir='ltr' id='par_1_12' title="bbox 173 1260 1792 1336">
     <span class='ocr_line' id='line_1_12' title="bbox 173 1260 1792 1336; baseline -0.005 -16"><span class='ocrx_word' id='word_1_80' title='bbox 173 1265 462 1336; x_wconf 82' lang='lat' dir='ltr'><strong>signiﬁcet.</strong></span> <span class='ocrx_word' id='word_1_81' title='bbox 500 1265 784 1320; x_wconf 88' lang='lat' dir='ltr'><strong>Beelmeon</strong></span> <span class='ocrx_word' id='word_1_82' title='bbox 809 1279 1022 1334; x_wconf 87' lang='lat' dir='ltr'><strong>quoque</strong></span> <span class='ocrx_word' id='word_1_83' title='bbox 1049 1278 1215 1332; x_wconf 89' lang='lat' dir='ltr'><strong>usque</strong></span> <span class='ocrx_word' id='word_1_84' title='bbox 1239 1262 1397 1317; x_wconf 76' lang='lat' dir='ltr'><strong>hodie</strong></span> <span class='ocrx_word' id='word_1_85' title='bbox 1423 1261 1477 1315; x_wconf 90' lang='lat' dir='ltr'><strong>in</strong></span> <span class='ocrx_word' id='word_1_86' title='bbox 1503 1260 1655 1315; x_wconf 93' lang='lat' dir='ltr'><strong>Moab</strong></span> <span class='ocrx_word' id='word_1_87' title='bbox 1675 1260 1754 1313; x_wconf 87' lang='lat' dir='ltr'><strong>vi-</strong></span> <span class='ocrx_word' id='word_1_88' title='bbox 1790 1317 1792 1319; x_wconf 36' lang='lat'><strong>,</strong></span> 
     </span>
    </p>
   </div>
   <div class='ocr_carea' id='block_1_13' title="bbox 175 1349 1755 1423">
    <p class='ocr_par' dir='ltr' id='par_1_13' title="bbox 175 1349 1755 1423">
     <span class='ocr_line' id='line_1_13' title="bbox 175 1349 1755 1423; baseline -0.004 -15"><span class='ocrx_word' id='word_1_89' title='bbox 175 1369 275 1408; x_wconf 84' lang='lat' dir='ltr'><strong>cus</strong></span> <span class='ocrx_word' id='word_1_90' title='bbox 296 1354 367 1408; x_wconf 85' lang='lat' dir='ltr'><strong>sit</strong></span> <span class='ocrx_word' id='word_1_91' title='bbox 387 1355 675 1416; x_wconf 80' lang='lat' dir='ltr'><strong>maximus,</strong></span> <span class='ocrx_word' id='word_1_92' title='bbox 697 1369 857 1423; x_wconf 89' lang='lat' dir='ltr'><strong>quem</strong></span> <span class='ocrx_word' id='word_1_93' title='bbox 890 1353 963 1407; x_wconf 88' lang='lat' dir='ltr'><strong>illi</strong></span> <span class='ocrx_word' id='word_1_94' title='bbox 988 1360 1267 1406; x_wconf 85' lang='lat' dir='ltr'><strong>verterunt</strong></span> <span class='ocrx_word' id='word_1_95' title='bbox 1289 1367 1445 1419; x_wconf 77' lang='lat' dir='ltr'><strong>super</strong></span> <span class='ocrx_word' id='word_1_96' title='bbox 1469 1349 1681 1418; x_wconf 84' lang='lat' dir='ltr'><strong>fontem,</strong></span> <span class='ocrx_word' id='word_1_97' title='bbox 1701 1357 1755 1401; x_wconf 91' lang='lat' dir='ltr'><strong>ct</strong></span> 
     </span>
    </p>
   </div>
   <div class='ocr_carea' id='block_1_14' title="bbox 174 1441 1753 1510">
    <p class='ocr_par' dir='ltr' id='par_1_14' title="bbox 174 1441 1753 1510">
     <span class='ocr_line' id='line_1_14' title="bbox 174 1441 1753 1510; baseline -0.004 -11"><span class='ocrx_word' id='word_1_98' title='bbox 174 1445 504 1500; x_wconf 88' lang='lat' dir='ltr'><strong>Cariatbaim</strong></span> <span class='ocrx_word' id='word_1_99' title='bbox 528 1445 785 1499; x_wconf 81' lang='lat' dir='ltr'><strong>civitatem</strong></span> <span class='ocrx_word' id='word_1_100' title='bbox 821 1445 1172 1505; x_wconf 75' lang='lat' dir='ltr'><strong>maritimam;</strong></span> <span class='ocrx_word' id='word_1_101' title='bbox 1208 1442 1541 1508; x_wconf 77' lang='lat' dir='ltr'><strong>traditurque</strong></span> <span class='ocrx_word' id='word_1_102' title='bbox 1563 1449 1616 1495; x_wconf 90' lang='lat' dir='ltr'><strong>et</strong></span> <span class='ocrx_word' id='word_1_103' title='bbox 1639 1441 1753 1510; x_wconf 89' lang='lat' dir='ltr'><strong>ipsa</strong></span> 
     </span>
    </p>
   </div>
   <div class='ocr_carea' id='block_1_15' title="bbox 172 1532 1750 1609">
    <p class='ocr_par' dir='ltr' id='par_1_15' title="bbox 172 1532 1750 1609">
     <span class='ocr_line' id='line_1_15' title="bbox 172 1532 1750 1609; baseline -0.003 -19"><span class='ocrx_word' id='word_1_104' title='bbox 172 1551 300 1590; x_wconf 87' lang='lat' dir='ltr'><strong>cum</strong></span> <span class='ocrx_word' id='word_1_105' title='bbox 329 1537 452 1591; x_wconf 89' lang='lat' dir='ltr'><strong>ﬁliis</strong></span> <span class='ocrx_word' id='word_1_106' title='bbox 475 1538 725 1600; x_wconf 81' lang='lat' dir='ltr'><strong>Ammon,</strong></span> <span class='ocrx_word' id='word_1_107' title='bbox 743 1535 866 1591; x_wconf 88' lang='lat' dir='ltr'><strong>ﬁliis</strong></span> <span class='ocrx_word' id='word_1_108' title='bbox 881 1535 1138 1599; x_wconf 85' lang='lat' dir='ltr'><strong>Orientis,</strong></span> <span class='ocrx_word' id='word_1_109' title='bbox 1159 1534 1466 1609; x_wconf 84' lang='lat' dir='ltr'><strong>Babyloniis</strong></span> <span class='ocrx_word' id='word_1_110' title='bbox 1483 1532 1750 1598; x_wconf 85' lang='lat' dir='ltr'><strong>videlicet,</strong></span> 
     </span>
    </p>
   </div>
   <div class='ocr_carea' id='block_1_16' title="bbox 167 1623 1755 1695">
    <p class='ocr_par' dir='ltr' id='par_1_16' title="bbox 167 1623 1755 1695">
     <span class='ocr_line' id='line_1_16' title="bbox 167 1623 1755 1695; baseline -0.001 -17"><span class='ocrx_word' id='word_1_111' title='bbox 167 1623 329 1693; x_wconf 77' lang='lat' dir='ltr'><strong>juxta</strong></span> <span class='ocrx_word' id='word_1_112' title='bbox 379 1625 526 1679; x_wconf 90' lang='lat' dir='ltr'><strong>illum</strong></span> <span class='ocrx_word' id='word_1_113' title='bbox 569 1641 788 1681; x_wconf 90' lang='lat' dir='ltr'><strong>sensum</strong></span> <span class='ocrx_word' id='word_1_114' title='bbox 826 1641 984 1695; x_wconf 90' lang='lat' dir='ltr'><strong>quem</strong></span> <span class='ocrx_word' id='word_1_115' title='bbox 1015 1633 1200 1679; x_wconf 85' lang='lat' dir='ltr'><strong>contra</strong></span> <span class='ocrx_word' id='word_1_116' title='bbox 1234 1624 1372 1678; x_wconf 90' lang='lat' dir='ltr'><strong>ﬁlios</strong></span> <span class='ocrx_word' id='word_1_117' title='bbox 1397 1623 1624 1678; x_wconf 89' lang='lat' dir='ltr'><strong>Ammon</strong></span> <span class='ocrx_word' id='word_1_118' title='bbox 1669 1623 1755 1677; x_wconf 86' lang='lat' dir='ltr'><strong>in-</strong></span> 
     </span>
    </p>
   </div>
   <div class='ocr_carea' id='block_1_17' title="bbox 172 1712 1786 1785">
    <p class='ocr_par' dir='ltr' id='par_1_17' title="bbox 172 1712 1786 1785">
     <span class='ocr_line' id='line_1_17' title="bbox 172 1712 1786 1785; baseline -0.001 -17"><span class='ocrx_word' id='word_1_119' title='bbox 172 1715 462 1785; x_wconf 85' lang='lat' dir='ltr'><strong>terpretati</strong></span> <span class='ocrx_word' id='word_1_120' title='bbox 495 1731 700 1770; x_wconf 90' lang='lat' dir='ltr'><strong>sumus.</strong></span> <span class='ocrx_word' id='word_1_121' title='bbox 742 1715 809 1769; x_wconf 84' lang='lat' dir='ltr'><strong>Et</strong></span> <span class='ocrx_word' id='word_1_122' title='bbox 839 1713 997 1778; x_wconf 84' lang='lat' dir='ltr'><strong>dabo,</strong></span> <span class='ocrx_word' id='word_1_123' title='bbox 1027 1714 1219 1784; x_wconf 88' lang='lat' dir='ltr'><strong>inquit,</strong></span> <span class='ocrx_word' id='word_1_124' title='bbox 1252 1713 1405 1769; x_wconf 92' lang='lat' dir='ltr'><strong>Moab</strong></span> <span class='ocrx_word' id='word_1_125' title='bbox 1441 1713 1495 1766; x_wconf 92' lang='lat' dir='ltr'><strong>in</strong></span> <span class='ocrx_word' id='word_1_126' title='bbox 1527 1712 1751 1767; x_wconf 66' lang='lat' dir='ltr'><strong>haeredi-</strong></span> <span class='ocrx_word' id='word_1_127' title='bbox 1781 1735 1786 1740; x_wconf 91' lang='grc'><strong>·</strong></span> 
     </span>
    </p>
   </div>
   <div class='ocr_carea' id='block_1_18' title="bbox 174 1803 1754 1879">
    <p class='ocr_par' dir='ltr' id='par_1_18' title="bbox 174 1803 1754 1879">
     <span class='ocr_line' id='line_1_18' title="bbox 174 1803 1754 1879; baseline -0.001 -21"><span class='ocrx_word' id='word_1_128' title='bbox 174 1813 372 1868; x_wconf 66' lang='lat' dir='ltr'><strong>tabem,</strong></span> <span class='ocrx_word' id='word_1_129' title='bbox 402 1813 462 1858; x_wconf 85' lang='lat' dir='ltr'><strong>ut</strong></span> <span class='ocrx_word' id='word_1_130' title='bbox 490 1805 760 1874; x_wconf 91' lang='lat' dir='ltr'><strong>quomodo</strong></span> <span class='ocrx_word' id='word_1_131' title='bbox 793 1803 1024 1858; x_wconf 88' lang='lat' dir='ltr'><strong>ﬁliorum</strong></span> <span class='ocrx_word' id='word_1_132' title='bbox 1054 1803 1282 1857; x_wconf 82' lang='lat' dir='ltr'><strong>Ammon</strong></span> <span class='ocrx_word' id='word_1_133' title='bbox 1314 1819 1419 1857; x_wconf 93' lang='lat' dir='ltr'><strong>non</strong></span> <span class='ocrx_word' id='word_1_134' title='bbox 1449 1811 1534 1879; x_wconf 89' lang='lat' dir='ltr'><strong>est</strong></span> <span class='ocrx_word' id='word_1_135' title='bbox 1553 1817 1754 1856; x_wconf 88' lang='lat' dir='ltr'><strong>memo-</strong></span> 
     </span>
    </p>
   </div>
   <div class='ocr_carea' id='block_1_19' title="bbox 1851 629 3428 694">
    <p class='ocr_par' dir='ltr' id='par_1_19' title="bbox 1851 629 3428 694">
     <span class='ocr_line' id='line_1_19' title="bbox 1851 629 3428 694; baseline -0.001 -11"><span class='ocrx_word' id='word_1_136' title='bbox 1851 642 1972 683; x_wconf 88' lang='lat' dir='ltr'><strong>esse</strong></span> <span class='ocrx_word' id='word_1_137' title='bbox 1998 630 2276 684; x_wconf 90' lang='lat' dir='ltr'><strong>robustum</strong></span> <span class='ocrx_word' id='word_1_138' title='bbox 2327 631 2432 684; x_wconf 92' lang='lat' dir='ltr'><strong>hoc</strong></span> <span class='ocrx_word' id='word_1_139' title='bbox 2477 629 2758 684; x_wconf 89' lang='lat' dir='ltr'><strong>dialectica</strong></span> <span class='ocrx_word' id='word_1_140' title='bbox 2811 639 2928 683; x_wconf 89' lang='lat' dir='ltr'><strong>arte</strong></span> <span class='ocrx_word' id='word_1_141' title='bbox 2980 629 3343 694; x_wconf 83' lang='lat' dir='ltr'><strong>subvertitur,</strong></span> <span class='ocrx_word' id='word_1_142' title='bbox 3373 637 3428 684; x_wconf 92' lang='lat' dir='ltr'><strong>et</strong></span> 
     </span>
    </p>
   </div>
   <div class='ocr_carea' id='block_1_20' title="bbox 1850 715 3430 786">
    <p class='ocr_par' dir='ltr' id='par_1_20' title="bbox 1850 715 3430 786">
     <span class='ocr_line' id='line_1_20' title="bbox 1850 715 3430 786; baseline -0.003 -15"><span class='ocrx_word' id='word_1_143' title='bbox 1850 717 2022 771; x_wconf 84' lang='lat' dir='ltr'><strong>instar</strong></span> <span class='ocrx_word' id='word_1_144' title='bbox 2060 717 2290 772; x_wconf 91' lang='lat' dir='ltr'><strong>incendii</strong></span> <span class='ocrx_word' id='word_1_145' title='bbox 2338 717 2392 770; x_wconf 92' lang='lat' dir='ltr'><strong>in</strong></span> <span class='ocrx_word' id='word_1_146' title='bbox 2425 717 2637 771; x_wconf 86' lang='lat' dir='ltr'><strong>cineres</strong></span> <span class='ocrx_word' id='word_1_147' title='bbox 2671 715 2981 786; x_wconf 84' lang='lat' dir='ltr'><strong>favillasque</strong></span> <span class='ocrx_word' id='word_1_148' title='bbox 3009 716 3338 780; x_wconf 88' lang='lat' dir='ltr'><strong>dissolvitur,</strong></span> <span class='ocrx_word' id='word_1_149' title='bbox 3370 724 3430 768; x_wconf 90' lang='lat' dir='ltr'><strong>ut</strong></span> 
     </span>
    </p>
   </div>
   <div class='ocr_carea' id='block_1_21' title="bbox 1851 805 3424 874">
    <p class='ocr_par' dir='ltr' id='par_1_21' title="bbox 1851 805 3424 874">
     <span class='ocr_line' id='line_1_21' title="bbox 1851 805 3424 874; baseline -0.001 -16"><span class='ocrx_word' id='word_1_150' title='bbox 1851 807 2108 872; x_wconf 84' lang='lat' dir='ltr'><strong>probetur</strong></span> <span class='ocrx_word' id='word_1_151' title='bbox 2147 805 2298 860; x_wconf 87' lang='lat' dir='ltr'><strong>nihili</strong></span> <span class='ocrx_word' id='word_1_152' title='bbox 2345 806 2472 874; x_wconf 91' lang='lat' dir='ltr'><strong>quid</strong></span> <span class='ocrx_word' id='word_1_153' title='bbox 2530 806 2823 874; x_wconf 84' lang='lat' dir='ltr'><strong>putabatur</strong></span> <span class='ocrx_word' id='word_1_154' title='bbox 2875 821 2993 860; x_wconf 84' lang='lat' dir='ltr'><strong>esse</strong></span> <span class='ocrx_word' id='word_1_155' title='bbox 3048 807 3424 861; x_wconf 83' lang='lat' dir='ltr'><strong>fortissimum.</strong></span> 
     </span>
    </p>
   </div>
   <div class='ocr_carea' id='block_1_22' title="bbox 1852 895 3427 967">
    <p class='ocr_par' dir='ltr' id='par_1_22' title="bbox 1852 895 3427 967">
     <span class='ocr_line' id='line_1_22' title="bbox 1852 895 3427 967; baseline -0.001 -18"><span class='ocrx_word' id='word_1_156' title='bbox 1852 895 1955 949; x_wconf 88' lang='lat' dir='ltr'><strong>Sed</strong></span> <span class='ocrx_word' id='word_1_157' title='bbox 1984 904 2037 949; x_wconf 92' lang='lat' dir='ltr'><strong>ct</strong></span> <span class='ocrx_word' id='word_1_158' title='bbox 2071 897 2237 951; x_wconf 90' lang='lat' dir='ltr'><strong>Isaias</strong></span> <span class='ocrx_word' id='word_1_159' title='bbox 2275 896 2580 967; x_wconf 88' lang='lat' dir='ltr'><strong>superbiam</strong></span> <span class='ocrx_word' id='word_1_160' title='bbox 2613 898 2788 967; x_wconf 80' lang='lat' dir='ltr'><strong>arguit</strong></span> <span class='ocrx_word' id='word_1_161' title='bbox 2812 898 2985 962; x_wconf 88' lang='lat' dir='ltr'><strong>Moab,</strong></span> <span class='ocrx_word' id='word_1_162' title='bbox 3016 898 3202 953; x_wconf 89' lang='lat' dir='ltr'><strong>dicens</strong></span> <span class='ocrx_word' id='word_1_163' title='bbox 3236 913 3249 950; x_wconf 93' lang='lat'>:</span> <span class='ocrx_word' id='word_1_164' title='bbox 3279 917 3296 947; x_wconf 87' lang='grc'>‹</span> <span class='ocrx_word' id='word_1_165' title='bbox 3319 896 3427 950; x_wconf 82' lang='lat' dir='ltr'><strong>Au-</strong></span> 
     </span>
    </p>
   </div>
   <div class='ocr_carea' id='block_1_23' title="bbox 1851 986 3430 1051">
    <p class='ocr_par' dir='ltr' id='par_1_23' title="bbox 1851 986 3430 1051">
     <span class='ocr_line' id='line_1_23' title="bbox 1851 986 3430 1051; baseline -0.001 -11"><span class='ocrx_word' id='word_1_166' title='bbox 1851 986 2085 1040; x_wconf 87' lang='lat' dir='ltr'><strong>divimus</strong></span> <span class='ocrx_word' id='word_1_167' title='bbox 2129 987 2508 1041; x_wconf 88' lang='lat' dir='ltr'><strong>contumeliam</strong></span> <span class='ocrx_word' id='word_1_168' title='bbox 2563 987 2750 1051; x_wconf 87' lang='lat' dir='ltr'><strong>Moab,</strong></span> <span class='ocrx_word' id='word_1_169' title='bbox 2781 988 3198 1042; x_wconf 90' lang='lat' dir='ltr'><strong>contumeliosus</strong></span> <span class='ocrx_word' id='word_1_170' title='bbox 3225 995 3308 1041; x_wconf 92' lang='lat' dir='ltr'><strong>est</strong></span> <span class='ocrx_word' id='word_1_171' title='bbox 3343 986 3430 1039; x_wconf 90' lang='lat' dir='ltr'><strong>ni-</strong></span> 
     </span>
    </p>
   </div>
   <div class='ocr_carea' id='block_1_24' title="bbox 1852 1077 3429 1149">
    <p class='ocr_par' dir='ltr' id='par_1_24' title="bbox 1852 1077 3429 1149">
     <span class='ocr_line' id='line_1_24' title="bbox 1852 1077 3429 1149; baseline 0 -19"><span class='ocrx_word' id='word_1_172' title='bbox 1852 1077 1956 1131; x_wconf 91' lang='lat' dir='ltr'><strong>mis</strong></span> <span class='ocrx_word' id='word_1_173' title='bbox 1987 1094 1999 1131; x_wconf 88' lang='lat'><strong>:</strong></span> <span class='ocrx_word' id='word_1_174' title='bbox 2036 1079 2341 1147; x_wconf 89' lang='lat' dir='ltr'><strong>superbiam</strong></span> <span class='ocrx_word' id='word_1_175' title='bbox 2372 1079 2488 1148; x_wconf 83' lang='lat' dir='ltr'><strong>ejus</strong></span> <span class='ocrx_word' id='word_1_176' title='bbox 2540 1079 2736 1132; x_wconf 85' lang='lat' dir='ltr'><strong>abstuli</strong></span> <span class='ocrx_word' id='word_1_177' title='bbox 2776 1077 2909 1147; x_wconf 74' lang='lat' dir='ltr'><strong>(Isti.</strong></span> <span class='ocrx_word' id='word_1_178' title='bbox 2949 1079 3078 1149; x_wconf 77' lang='lat' dir='ltr'><strong>xvi).</strong></span> <span class='ocrx_word' id='word_1_179' title='bbox 3115 1099 3132 1130; x_wconf 71' lang='grc' dir='ltr'><strong>ι</strong></span> <span class='ocrx_word' id='word_1_180' title='bbox 3166 1077 3429 1133; x_wconf 77' lang='lat' dir='ltr'><strong>Jeremias</strong></span> 
     </span>
    </p>
   </div>
   <div class='ocr_carea' id='block_1_25' title="bbox 1852 1167 3429 1238">
    <p class='ocr_par' dir='ltr' id='par_1_25' title="bbox 1852 1167 3429 1238">
     <span class='ocr_line' id='line_1_25' title="bbox 1852 1167 3429 1238; baseline 0 -18"><span class='ocrx_word' id='word_1_181' title='bbox 1852 1183 2065 1238; x_wconf 89' lang='lat' dir='ltr'><strong>quoque</strong></span> <span class='ocrx_word' id='word_1_182' title='bbox 2113 1177 2297 1223; x_wconf 89' lang='lat' dir='ltr'><strong>contra</strong></span> <span class='ocrx_word' id='word_1_183' title='bbox 2339 1184 2528 1224; x_wconf 90' lang='lat' dir='ltr'><strong>omnes</strong></span> <span class='ocrx_word' id='word_1_184' title='bbox 2576 1171 2874 1224; x_wconf 83' lang='lat' dir='ltr'><strong>vaticinans</strong></span> <span class='ocrx_word' id='word_1_185' title='bbox 2926 1169 3168 1235; x_wconf 83' lang='lat' dir='ltr'><strong>nationes</strong></span> <span class='ocrx_word' id='word_1_186' title='bbox 3215 1167 3429 1237; x_wconf 85' lang='lat' dir='ltr'><strong>preprie</strong></span> 
     </span>
    </p>
   </div>
   <div class='ocr_carea' id='block_1_26' title="bbox 1852 1257 3429 1328">
    <p class='ocr_par' dir='ltr' id='par_1_26' title="bbox 1852 1257 3429 1328">
     <span class='ocr_line' id='line_1_26' title="bbox 1852 1257 3429 1328; baseline 0 -19"><span class='ocrx_word' id='word_1_187' title='bbox 1852 1257 2090 1328; x_wconf 87' lang='lat' dir='ltr'><strong>loquitur</strong></span> <span class='ocrx_word' id='word_1_188' title='bbox 2134 1258 2200 1311; x_wconf 88' lang='lat' dir='ltr'><strong>ad</strong></span> <span class='ocrx_word' id='word_1_189' title='bbox 2233 1257 2424 1313; x_wconf 83' lang='lat' dir='ltr'><strong>Moab:</strong></span> <span class='ocrx_word' id='word_1_190' title='bbox 2461 1280 2477 1309; x_wconf 81' lang='grc' dir='ltr'><strong>ι</strong></span> <span class='ocrx_word' id='word_1_191' title='bbox 2515 1258 2778 1325; x_wconf 85' lang='lat' dir='ltr'><strong>Quoniam</strong></span> <span class='ocrx_word' id='word_1_192' title='bbox 2807 1259 3116 1313; x_wconf 83' lang='lat' dir='ltr'><strong>confidebas</strong></span> <span class='ocrx_word' id='word_1_193' title='bbox 3159 1259 3210 1311; x_wconf 91' lang='lat' dir='ltr'><strong>in</strong></span> <span class='ocrx_word' id='word_1_194' title='bbox 3259 1257 3429 1310; x_wconf 91' lang='lat' dir='ltr'><strong>muni-</strong></span> 
     </span>
    </p>
   </div>
   <div class='ocr_carea' id='block_1_27' title="bbox 1853 1346 3427 1420">
    <p class='ocr_par' dir='ltr' id='par_1_27' title="bbox 1853 1346 3427 1420">
     <span class='ocr_line' id='line_1_27' title="bbox 1853 1346 3427 1420; baseline -0.001 -18"><span class='ocrx_word' id='word_1_195' title='bbox 1853 1346 2090 1403; x_wconf 78' lang='lat' dir='ltr'><strong>tionibus</strong></span> <span class='ocrx_word' id='word_1_196' title='bbox 2139 1349 2245 1402; x_wconf 86' lang='lat' dir='ltr'><strong>tuis</strong></span> <span class='ocrx_word' id='word_1_197' title='bbox 2295 1348 2427 1418; x_wconf 87' lang='lat' dir='ltr'><strong>(Jer.</strong></span> <span class='ocrx_word' id='word_1_198' title='bbox 2481 1348 2693 1420; x_wconf 71' lang='lat' dir='ltr'><strong>nvm).</strong></span> <span class='ocrx_word' id='word_1_199' title='bbox 2754 1369 2771 1401; x_wconf 80' lang='grc' dir='ltr'><strong>ι</strong></span> <span class='ocrx_word' id='word_1_200' title='bbox 2825 1350 2892 1402; x_wconf 84' lang='grc' dir='ltr'>Ει</span> <span class='ocrx_word' id='word_1_201' title='bbox 2935 1359 3056 1420; x_wconf 88' lang='lat' dir='ltr'><strong>post</strong></span> <span class='ocrx_word' id='word_1_202' title='bbox 3101 1348 3371 1418; x_wconf 82' lang='lat' dir='ltr'><strong>paululum</strong></span> <span class='ocrx_word' id='word_1_203' title='bbox 3402 1367 3427 1420; x_wconf 88' lang='lat'><strong>_:</strong></span> 
     </span>
    </p>
   </div>
   <div class='ocr_carea' id='block_1_28' title="bbox 1859 1415 3428 1512">
    <p class='ocr_par' dir='ltr' id='par_1_28' title="bbox 1859 1415 3428 1512">
     <span class='ocr_line' id='line_1_28' title="bbox 1859 1415 3428 1512; baseline -0.001 -19"><span class='ocrx_word' id='word_1_204' title='bbox 1859 1461 1877 1493; x_wconf 77' lang='grc' dir='ltr'><strong>ι</strong></span> <span class='ocrx_word' id='word_1_205' title='bbox 1917 1441 2138 1496; x_wconf 90' lang='lat' dir='ltr'><strong>habebis</strong></span> <span class='ocrx_word' id='word_1_206' title='bbox 2185 1415 2435 1496; x_wconf 81' lang='lat' dir='ltr'><strong>ﬁduciam</strong></span> <span class='ocrx_word' id='word_1_207' title='bbox 2486 1443 2537 1496; x_wconf 93' lang='lat' dir='ltr'><strong>in</strong></span> <span class='ocrx_word' id='word_1_208' title='bbox 2589 1415 2758 1512; x_wconf 85' lang='lat' dir='ltr'><strong>gloria</strong></span> <span class='ocrx_word' id='word_1_209' title='bbox 2819 1415 2994 1495; x_wconf 29' lang='lat' dir='ltr'><strong>tuas»</strong></span> <span class='ocrx_word' id='word_1_210' title='bbox 3047 1415 3115 1494; x_wconf 80' lang='lat' dir='ltr'><strong>Et</strong></span> <span class='ocrx_word' id='word_1_211' title='bbox 3162 1440 3361 1493; x_wconf 88' lang='lat' dir='ltr'><strong>iterum</strong></span> <span class='ocrx_word' id='word_1_212' title='bbox 3401 1415 3428 1493; x_wconf 58' lang='grc' dir='ltr'>ἐ</span> 
     </span>
    </p>
   </div>
   <div class='ocr_carea' id='block_1_29' title="bbox 1859 1528 3434 1600">
    <p class='ocr_par' dir='ltr' id='par_1_29' title="bbox 1859 1528 3434 1600">
     <span class='ocr_line' id='line_1_29' title="bbox 1859 1528 3434 1600; baseline -0.001 -16"><span class='ocrx_word' id='word_1_213' title='bbox 1859 1553 1877 1584; x_wconf 74' lang='grc' dir='ltr'><strong>ι</strong></span> <span class='ocrx_word' id='word_1_214' title='bbox 1922 1533 2200 1600; x_wconf 84' lang='lat' dir='ltr'><strong>Quomodo</strong></span> <span class='ocrx_word' id='word_1_215' title='bbox 2229 1533 2406 1586; x_wconf 87' lang='lat' dir='ltr'><strong>dicitis</strong></span> <span class='ocrx_word' id='word_1_216' title='bbox 2436 1532 2603 1587; x_wconf 91' lang='lat' dir='ltr'><strong>fortes</strong></span> <span class='ocrx_word' id='word_1_217' title='bbox 2625 1533 2845 1587; x_wconf 89' lang='lat' dir='ltr'><strong>sumus?</strong></span> <span class='ocrx_word' id='word_1_218' title='bbox 2870 1553 2885 1583; x_wconf 76' lang='grc' dir='ltr'><strong>ι</strong></span> <span class='ocrx_word' id='word_1_219' title='bbox 2918 1531 2995 1585; x_wconf 83' lang='lat' dir='ltr'><strong>Ac</strong></span> <span class='ocrx_word' id='word_1_220' title='bbox 3019 1531 3208 1585; x_wconf 80' lang='lat' dir='ltr'><strong>deinde</strong></span> <span class='ocrx_word' id='word_1_221' title='bbox 3233 1549 3245 1584; x_wconf 92' lang='lat'>:</span> <span class='ocrx_word' id='word_1_222' title='bbox 3270 1528 3434 1584; x_wconf 80' lang='lat' dir='ltr'><strong>Juxta</strong></span> 
     </span>
    </p>
   </div>
   <div class='ocr_carea' id='block_1_30' title="bbox 1853 1621 3429 1691">
    <p class='ocr_par' dir='ltr' id='par_1_30' title="bbox 1853 1621 3429 1691">
     <span class='ocr_line' id='line_1_30' title="bbox 1853 1621 3429 1691; baseline -0.003 -13"><span class='ocrx_word' id='word_1_223' title='bbox 1853 1633 1937 1678; x_wconf 85' lang='lat' dir='ltr'><strong>est</strong></span> <span class='ocrx_word' id='word_1_224' title='bbox 1956 1624 2071 1678; x_wconf 86' lang='lat' dir='ltr'><strong>dies</strong></span> <span class='ocrx_word' id='word_1_225' title='bbox 2096 1624 2248 1679; x_wconf 82' lang='lat' dir='ltr'><strong>Moab</strong></span> <span class='ocrx_word' id='word_1_226' title='bbox 2274 1632 2328 1677; x_wconf 90' lang='lat' dir='ltr'><strong>ut</strong></span> <span class='ocrx_word' id='word_1_227' title='bbox 2352 1625 2550 1685; x_wconf 86' lang='lat' dir='ltr'><strong>veniat,</strong></span> <span class='ocrx_word' id='word_1_228' title='bbox 2575 1634 2628 1677; x_wconf 88' lang='lat' dir='ltr'><strong>et</strong></span> <span class='ocrx_word' id='word_1_229' title='bbox 2651 1624 2852 1677; x_wconf 86' lang='lat' dir='ltr'><strong>malitia</strong></span> <span class='ocrx_word' id='word_1_230' title='bbox 2877 1623 2990 1691; x_wconf 82' lang='lat' dir='ltr'><strong>ejus</strong></span> <span class='ocrx_word' id='word_1_231' title='bbox 3021 1621 3172 1676; x_wconf 82' lang='lat' dir='ltr'><strong>velox</strong></span> <span class='ocrx_word' id='word_1_232' title='bbox 3197 1621 3376 1676; x_wconf 87' lang='lat' dir='ltr'><strong>nimis.</strong></span> <span class='ocrx_word' id='word_1_233' title='bbox 3408 1639 3429 1674; x_wconf 73' lang='grc' dir='ltr'><strong>ι</strong></span> 
     </span>
    </p>
   </div>
   <div class='ocr_carea' id='block_1_31' title="bbox 1856 1713 3433 1783">
    <p class='ocr_par' dir='ltr' id='par_1_31' title="bbox 1856 1713 3433 1783">
     <span class='ocr_line' id='line_1_31' title="bbox 1856 1713 3433 1783; baseline -0.003 -15"><span class='ocrx_word' id='word_1_234' title='bbox 1856 1715 1922 1768; x_wconf 84' lang='grc' dir='ltr'>Ει</span> <span class='ocrx_word' id='word_1_235' title='bbox 1948 1713 2317 1769; x_wconf 81' lang='lat' dir='ltr'><strong>manifestius:</strong></span> <span class='ocrx_word' id='word_1_236' title='bbox 2365 1734 2383 1765; x_wconf 79' lang='grc' dir='ltr'><strong>ι</strong></span> <span class='ocrx_word' id='word_1_237' title='bbox 2426 1715 2596 1769; x_wconf 87' lang='lat' dir='ltr'><strong>Dicite</strong></span> <span class='ocrx_word' id='word_1_238' title='bbox 2622 1716 2889 1783; x_wconf 88' lang='lat' dir='ltr'><strong>quomodo</strong></span> <span class='ocrx_word' id='word_1_239' title='bbox 2919 1714 3182 1768; x_wconf 84' lang='lat' dir='ltr'><strong>contritus</strong></span> <span class='ocrx_word' id='word_1_240' title='bbox 3221 1722 3304 1767; x_wconf 89' lang='lat' dir='ltr'><strong>est</strong></span> <span class='ocrx_word' id='word_1_241' title='bbox 3335 1713 3433 1766; x_wconf 86' lang='lat' dir='ltr'><strong>ba-_</strong></span> 
     </span>
    </p>
   </div>
   <div class='ocr_carea' id='block_1_32' title="bbox 1859 1800 3432 1875">
    <p class='ocr_par' dir='ltr' id='par_1_32' title="bbox 1859 1800 3432 1875">
     <span class='ocr_line' id='line_1_32' title="bbox 1859 1800 3432 1875; baseline 0.001 -18"><span class='ocrx_word' id='word_1_242' title='bbox 1859 1804 2013 1858; x_wconf 89' lang='lat' dir='ltr'><strong>culus</strong></span> <span class='ocrx_word' id='word_1_243' title='bbox 2039 1804 2322 1874; x_wconf 82' lang='lat' dir='ltr'><strong>glori‘Osus,</strong></span> <span class='ocrx_word' id='word_1_244' title='bbox 2348 1806 2497 1875; x_wconf 88' lang='lat' dir='ltr'><strong>virga</strong></span> <span class='ocrx_word' id='word_1_245' title='bbox 2533 1800 2964 1875; x_wconf 70' lang='lat' dir='ltr'><strong>magniﬁcentiae.</strong></span> <span class='ocrx_word' id='word_1_246' title='bbox 3009 1825 3036 1856; x_wconf 70' lang='grc' dir='ltr'>ι,</span> <span class='ocrx_word' id='word_1_247' title='bbox 3069 1805 3135 1858; x_wconf 88' lang='lat' dir='ltr'><strong>Et</strong></span> <span class='ocrx_word' id='word_1_248' title='bbox 3177 1805 3379 1869; x_wconf 85' lang='lat' dir='ltr'><strong>iterum</strong></span> <span class='ocrx_word' id='word_1_249' title='bbox 3417 1821 3432 1858; x_wconf 91' lang='lat'><strong>:</strong></span> 
     </span>
    </p>
   </div>
   <div class='ocr_carea' id='block_1_33' title="bbox 173 1880 3438 1978">
    <p class='ocr_par' dir='ltr' id='par_1_33' title="bbox 173 1880 3438 1978">
     <span class='ocr_line' id='line_1_33' title="bbox 173 1880 3438 1978; baseline 0 -31"><span class='ocrx_word' id='word_1_250' title='bbox 173 1893 264 1947; x_wconf 86' lang='lat' dir='ltr'><strong>ria</strong></span> <span class='ocrx_word' id='word_1_251' title='bbox 299 1893 441 1948; x_wconf 88' lang='lat' dir='ltr'><strong>ultra</strong></span> <span class='ocrx_word' id='word_1_252' title='bbox 469 1895 522 1948; x_wconf 92' lang='lat' dir='ltr'><strong>in</strong></span> <span class='ocrx_word' id='word_1_253' title='bbox 551 1893 825 1962; x_wconf 78' lang='lat' dir='ltr'><strong>gentibus,</strong></span> <span class='ocrx_word' id='word_1_254' title='bbox 853 1894 931 1949; x_wconf 89' lang='lat' dir='ltr'><strong>sic</strong></span> <span class='ocrx_word' id='word_1_255' title='bbox 957 1903 1013 1948; x_wconf 90' lang='lat' dir='ltr'><strong>et</strong></span> <span class='ocrx_word' id='word_1_256' title='bbox 1043 1895 1095 1948; x_wconf 92' lang='lat' dir='ltr'><strong>in</strong></span> <span class='ocrx_word' id='word_1_257' title='bbox 1127 1893 1280 1947; x_wconf 86' lang='lat' dir='ltr'><strong>Moab</strong></span> <span class='ocrx_word' id='word_1_258' title='bbox 1306 1893 1536 1947; x_wconf 90' lang='lat' dir='ltr'><strong>ultiones</strong></span> <span class='ocrx_word' id='word_1_259' title='bbox 1561 1891 1752 1946; x_wconf 85' lang='lat' dir='ltr'><strong>faciam</strong></span> <span class='ocrx_word' id='word_1_260' title='bbox 1785 1880 1830 1937; x_wconf 80' lang='grc' dir='ltr'><em>Β</em></span> <span class='ocrx_word' id='word_1_261' title='bbox 1865 1913 1883 1942; x_wconf 77' lang='grc' dir='ltr'><strong>ι</strong></span> <span class='ocrx_word' id='word_1_262' title='bbox 1912 1896 2212 1949; x_wconf 90' lang='lat' dir='ltr'><strong>Contritnm</strong></span> <span class='ocrx_word' id='word_1_263' title='bbox 2228 1903 2308 1949; x_wconf 92' lang='lat' dir='ltr'><strong>est</strong></span> <span class='ocrx_word' id='word_1_264' title='bbox 2323 1911 2488 1950; x_wconf 91' lang='lat' dir='ltr'><strong>cornu</strong></span> <span class='ocrx_word' id='word_1_265' title='bbox 2518 1895 2692 1949; x_wconf 85' lang='lat' dir='ltr'><strong>Moab.</strong></span> <span class='ocrx_word' id='word_1_266' title='bbox 2723 1895 2885 1950; x_wconf 73' lang='lat' dir='ltr'><strong>illaec</strong></span> <span class='ocrx_word' id='word_1_267' title='bbox 2908 1904 3085 1949; x_wconf 88' lang='lat' dir='ltr'><strong>autem</strong></span> <span class='ocrx_word' id='word_1_268' title='bbox 3105 1896 3357 1978; x_wconf 81' lang='lat' dir='ltr'><strong>dicuntur</strong></span> <span class='ocrx_word' id='word_1_269' title='bbox 3378 1902 3438 1949; x_wconf 92' lang='lat' dir='ltr'><strong>ut</strong></span> 
     </span>
    </p>
   </div>
   <div class='ocr_carea' id='block_1_34' title="bbox 175 1977 1754 2059">
    <p class='ocr_par' dir='ltr' id='par_1_34' title="bbox 175 1977 1754 2059">
     <span class='ocr_line' id='line_1_34' title="bbox 175 1977 1754 2059; baseline -0.001 -20"><span class='ocrx_word' id='word_1_270' title='bbox 175 1993 345 2059; x_wconf 81' lang='lat' dir='ltr'><strong>atque</strong></span> <span class='ocrx_word' id='word_1_271' title='bbox 367 1983 587 2055; x_wconf 78' lang='lat' dir='ltr'><strong>judicia,</strong></span> <span class='ocrx_word' id='word_1_272' title='bbox 614 1995 674 2040; x_wconf 88' lang='lat' dir='ltr'><strong>ut</strong></span> <span class='ocrx_word' id='word_1_273' title='bbox 701 1994 1029 2057; x_wconf 82' lang='lat' dir='ltr'><strong>cognoscant</strong></span> <span class='ocrx_word' id='word_1_274' title='bbox 1056 1987 1196 2055; x_wconf 88' lang='lat' dir='ltr'><strong>quod</strong></span> <span class='ocrx_word' id='word_1_275' title='bbox 1228 2001 1326 2057; x_wconf 82' lang='lat' dir='ltr'><strong>ego</strong></span> <span class='ocrx_word' id='word_1_276' title='bbox 1349 1987 1448 2042; x_wconf 91' lang='lat' dir='ltr'><strong>sim</strong></span> <span class='ocrx_word' id='word_1_277' title='bbox 1480 1977 1754 2048; x_wconf 87' lang='lat' dir='ltr'><strong>Dominus,</strong></span> 
     </span>
    </p>
   </div>
   <div class='ocr_carea' id='block_1_35' title="bbox 174 2074 1756 2150">
    <p class='ocr_par' dir='ltr' id='par_1_35' title="bbox 174 2074 1756 2150">
     <span class='ocr_line' id='line_1_35' title="bbox 174 2074 1756 2150; baseline -0.001 -20"><span class='ocrx_word' id='word_1_278' title='bbox 174 2076 276 2146; x_wconf 86' lang='lat' dir='ltr'><strong>qui</strong></span> <span class='ocrx_word' id='word_1_279' title='bbox 302 2074 491 2130; x_wconf 84' lang='lat' dir='ltr'><strong>Judam</strong></span> <span class='ocrx_word' id='word_1_280' title='bbox 526 2075 718 2129; x_wconf 88' lang='lat' dir='ltr'><strong>tradidi</strong></span> <span class='ocrx_word' id='word_1_281' title='bbox 757 2090 856 2145; x_wconf 91' lang='lat' dir='ltr'><strong>pro</strong></span> <span class='ocrx_word' id='word_1_282' title='bbox 892 2082 1134 2144; x_wconf 90' lang='lat' dir='ltr'><strong>peccato,</strong></span> <span class='ocrx_word' id='word_1_283' title='bbox 1157 2076 1292 2130; x_wconf 89' lang='lat' dir='ltr'><strong>etin</strong></span> <span class='ocrx_word' id='word_1_284' title='bbox 1333 2075 1471 2129; x_wconf 89' lang='lat' dir='ltr'><strong>ﬁlios</strong></span> <span class='ocrx_word' id='word_1_285' title='bbox 1505 2074 1756 2150; x_wconf 71' lang='lat' dir='ltr'><strong>Ammon,</strong></span> 
     </span>
    </p>
   </div>
   <div class='ocr_carea' id='block_1_36' title="bbox 175 2166 1756 2237">
    <p class='ocr_par' dir='ltr' id='par_1_36' title="bbox 175 2166 1756 2237">
     <span class='ocr_line' id='line_1_36' title="bbox 175 2166 1756 2237; baseline 0 -16"><span class='ocrx_word' id='word_1_286' title='bbox 175 2176 237 2221; x_wconf 88' lang='lat' dir='ltr'><strong>et</strong></span> <span class='ocrx_word' id='word_1_287' title='bbox 291 2167 343 2220; x_wconf 82' lang='lat' dir='ltr'><strong>in</strong></span> <span class='ocrx_word' id='word_1_288' title='bbox 388 2166 544 2220; x_wconf 89' lang='lat' dir='ltr'><strong>Moab</strong></span> <span class='ocrx_word' id='word_1_289' title='bbox 588 2166 732 2221; x_wconf 89' lang='lat' dir='ltr'><strong>ultor</strong></span> <span class='ocrx_word' id='word_1_290' title='bbox 773 2167 1026 2222; x_wconf 76' lang='lat' dir='ltr'><strong>existam.</strong></span> <span class='ocrx_word' id='word_1_291' title='bbox 1065 2166 1246 2237; x_wconf 88' lang='lat' dir='ltr'><strong>Usque</strong></span> <span class='ocrx_word' id='word_1_292' title='bbox 1271 2168 1430 2221; x_wconf 81' lang='lat' dir='ltr'><strong>hodie</strong></span> <span class='ocrx_word' id='word_1_293' title='bbox 1459 2167 1612 2222; x_wconf 86' lang='lat' dir='ltr'><strong>Moab</strong></span> <span class='ocrx_word' id='word_1_294' title='bbox 1663 2167 1756 2236; x_wconf 90' lang='lat' dir='ltr'><strong>qui</strong></span> 
     </span>
    </p>
   </div>
   <div class='ocr_carea' id='block_1_37' title="bbox 175 2257 1760 2329">
    <p class='ocr_par' dir='ltr' id='par_1_37' title="bbox 175 2257 1760 2329">
     <span class='ocr_line' id='line_1_37' title="bbox 175 2257 1760 2329; baseline -0.001 -16"><span class='ocrx_word' id='word_1_295' title='bbox 175 2257 568 2328; x_wconf 85' lang='lat' dir='ltr'><strong>interpretatur</strong></span> <span class='ocrx_word' id='word_1_296' title='bbox 603 2275 669 2313; x_wconf 73' lang='lat' dir='ltr'><strong>ex</strong></span> <span class='ocrx_word' id='word_1_297' title='bbox 700 2268 874 2329; x_wconf 92' lang='lat' dir='ltr'><strong>patre,</strong></span> <span class='ocrx_word' id='word_1_298' title='bbox 916 2267 970 2314; x_wconf 91' lang='lat' dir='ltr'><strong>et</strong></span> <span class='ocrx_word' id='word_1_299' title='bbox 1004 2258 1143 2324; x_wconf 90' lang='lat' dir='ltr'><strong>Seir,</strong></span> <span class='ocrx_word' id='word_1_300' title='bbox 1175 2259 1268 2329; x_wconf 90' lang='lat' dir='ltr'><strong>qui</strong></span> <span class='ocrx_word' id='word_1_301' title='bbox 1299 2259 1352 2313; x_wconf 93' lang='lat' dir='ltr'><strong>in</strong></span> <span class='ocrx_word' id='word_1_302' title='bbox 1381 2259 1609 2329; x_wconf 86' lang='lat' dir='ltr'><strong>pilosum</strong></span> <span class='ocrx_word' id='word_1_303' title='bbox 1638 2275 1760 2314; x_wconf 83' lang='lat' dir='ltr'><strong>ver-</strong></span> 
     </span>
    </p>
   </div>
   <div class='ocr_carea' id='block_1_38' title="bbox 173 2335 1758 2421">
    <p class='ocr_par' dir='ltr' id='par_1_38' title="bbox 173 2335 1758 2421">
     <span class='ocr_line' id='line_1_38' title="bbox 173 2335 1758 2421; baseline -0.001 -16"><span class='ocrx_word' id='word_1_304' title='bbox 173 2352 321 2406; x_wconf 86' lang='lat' dir='ltr'><strong>titur</strong></span> <span class='ocrx_word' id='word_1_305' title='bbox 373 2360 428 2406; x_wconf 91' lang='lat' dir='ltr'><strong>ct</strong></span> <span class='ocrx_word' id='word_1_306' title='bbox 474 2353 772 2416; x_wconf 88' lang='lat' dir='ltr'><strong>hirsutum,</strong></span> <span class='ocrx_word' id='word_1_307' title='bbox 826 2353 1050 2421; x_wconf 89' lang='lat' dir='ltr'><strong>despicit</strong></span> <span class='ocrx_word' id='word_1_308' title='bbox 1098 2359 1152 2406; x_wconf 89' lang='lat' dir='ltr'><strong>et</strong></span> <span class='ocrx_word' id='word_1_309' title='bbox 1200 2352 1499 2407; x_wconf 88' lang='lat' dir='ltr'><strong>contemnit</strong></span> <span class='ocrx_word' id='word_1_310' title='bbox 1541 2335 1758 2406; x_wconf 88' lang='lat' dir='ltr'><strong>domum</strong></span> 
     </span>
    </p>
   </div>
   <div class='ocr_carea' id='block_1_39' title="bbox 172 2435 1761 2512">
    <p class='ocr_par' dir='ltr' id='par_1_39' title="bbox 172 2435 1761 2512">
     <span class='ocr_line' id='line_1_39' title="bbox 172 2435 1761 2512; baseline -0.001 -16"><span class='ocrx_word' id='word_1_311' title='bbox 172 2439 342 2506; x_wconf 84' lang='lat' dir='ltr'><strong>Juda,</strong></span> <span class='ocrx_word' id='word_1_312' title='bbox 377 2441 428 2495; x_wconf 90' lang='lat' dir='ltr'><strong>In</strong></span> <span class='ocrx_word' id='word_1_313' title='bbox 459 2456 562 2512; x_wconf 87' lang='lat' dir='ltr'><strong>qua</strong></span> <span class='ocrx_word' id='word_1_314' title='bbox 602 2457 728 2495; x_wconf 87' lang='lat' dir='ltr'><strong>vera</strong></span> <span class='ocrx_word' id='word_1_315' title='bbox 753 2435 1019 2496; x_wconf 83' lang='lat' dir='ltr'><strong>confessio</strong></span> <span class='ocrx_word' id='word_1_316' title='bbox 1044 2451 1145 2496; x_wconf 85' lang='lat' dir='ltr'><strong>est.</strong></span> <span class='ocrx_word' id='word_1_317' title='bbox 1175 2441 1242 2495; x_wconf 85' lang='lat' dir='ltr'><strong>Et</strong></span> <span class='ocrx_word' id='word_1_318' title='bbox 1277 2448 1432 2510; x_wconf 88' lang='lat' dir='ltr'><strong>putat</strong></span> <span class='ocrx_word' id='word_1_319' title='bbox 1459 2447 1567 2494; x_wconf 86' lang='lat' dir='ltr'><strong>tam</strong></span> <span class='ocrx_word' id='word_1_320' title='bbox 1606 2440 1761 2495; x_wconf 89' lang='lat' dir='ltr'><strong>facile</strong></span> 
     </span>
    </p>
   </div>
   <div class='ocr_carea' id='block_1_40' title="bbox 174 2513 1764 2602">
    <p class='ocr_par' dir='ltr' id='par_1_40' title="bbox 174 2513 1764 2602">
     <span class='ocr_line' id='line_1_40' title="bbox 174 2513 1764 2602; baseline -0.002 -14"><span class='ocrx_word' id='word_1_321' title='bbox 174 2547 305 2588; x_wconf 87' lang='lat' dir='ltr'><strong>eam</strong></span> <span class='ocrx_word' id='word_1_322' title='bbox 354 2513 511 2602; x_wconf 77' lang='lat' dir='ltr'><strong>posse</strong></span> <span class='ocrx_word' id='word_1_323' title='bbox 550 2531 810 2596; x_wconf 85' lang='lat' dir='ltr'><strong>subverti,</strong></span> <span class='ocrx_word' id='word_1_324' title='bbox 840 2547 998 2602; x_wconf 87' lang='lat' dir='ltr'><strong>quam</strong></span> <span class='ocrx_word' id='word_1_325' title='bbox 1031 2542 1348 2586; x_wconf 79' lang='lat' dir='ltr'><strong>caeterarum</strong></span> <span class='ocrx_word' id='word_1_326' title='bbox 1373 2533 1764 2587; x_wconf 90' lang='lat' dir='ltr'><strong>subvertuntur</strong></span> 
     </span>
    </p>
   </div>
   <div class='ocr_carea' id='block_1_41' title="bbox 173 2616 1764 2678">
    <p class='ocr_par' dir='ltr' id='par_1_41' title="bbox 173 2616 1764 2678">
     <span class='ocr_line' id='line_1_41' title="bbox 173 2616 1764 2678; baseline 0.002 -3"><span class='ocrx_word' id='word_1_327' title='bbox 173 2621 401 2675; x_wconf 87' lang='lat' dir='ltr'><strong>urbium</strong></span> <span class='ocrx_word' id='word_1_328' title='bbox 454 2622 809 2675; x_wconf 85' lang='lat' dir='ltr'><strong>munimenta.</strong></span> <span class='ocrx_word' id='word_1_329' title='bbox 873 2620 1026 2676; x_wconf 88' lang='lat' dir='ltr'><strong>Unde</strong></span> <span class='ocrx_word' id='word_1_330' title='bbox 1085 2621 1346 2677; x_wconf 91' lang='lat' dir='ltr'><strong>Dominus</strong></span> <span class='ocrx_word' id='word_1_331' title='bbox 1405 2616 1764 2678; x_wconf 76' lang='lat' dir='ltr'><strong>Comminatur</strong></span> 
     </span>
    </p>
   </div>
   <div class='ocr_carea' id='block_1_42' title="bbox 173 2712 1762 2782">
    <p class='ocr_par' dir='ltr' id='par_1_42' title="bbox 173 2712 1762 2782">
     <span class='ocr_line' id='line_1_42' title="bbox 173 2712 1762 2782; baseline 0.003 -17"><span class='ocrx_word' id='word_1_332' title='bbox 173 2720 493 2782; x_wconf 73' lang='lat' dir='ltr'><strong>aperturum</strong></span> <span class='ocrx_word' id='word_1_333' title='bbox 516 2728 593 2776; x_wconf 89' lang='lat' dir='ltr'><strong>se,</strong></span> <span class='ocrx_word' id='word_1_334' title='bbox 619 2712 730 2767; x_wconf 87' lang='lat' dir='ltr'><strong>sive</strong></span> <span class='ocrx_word' id='word_1_335' title='bbox 756 2713 1135 2768; x_wconf 88' lang='lat' dir='ltr'><strong>dissoluturnm</strong></span> <span class='ocrx_word' id='word_1_336' title='bbox 1159 2729 1371 2768; x_wconf 89' lang='lat' dir='ltr'><strong>omnem</strong></span> <span class='ocrx_word' id='word_1_337' title='bbox 1396 2713 1762 2770; x_wconf 82' lang='lat' dir='ltr'><strong>fortitudinem</strong></span> 
     </span>
    </p>
   </div>
   <div class='ocr_carea' id='block_1_43' title="bbox 175 2789 1764 2868">
    <p class='ocr_par' dir='ltr' id='par_1_43' title="bbox 175 2789 1764 2868">
     <span class='ocr_line' id='line_1_43' title="bbox 175 2789 1764 2868; baseline 0.002 -12"><span class='ocrx_word' id='word_1_338' title='bbox 175 2802 567 2867; x_wconf 87' lang='lat' dir='ltr'><strong>Moabitarum,</strong></span> <span class='ocrx_word' id='word_1_339' title='bbox 605 2812 663 2857; x_wconf 91' lang='lat' dir='ltr'><strong>nt</strong></span> <span class='ocrx_word' id='word_1_340' title='bbox 709 2800 967 2858; x_wconf 82' lang='lat' dir='ltr'><strong>civitates</strong></span> <span class='ocrx_word' id='word_1_341' title='bbox 1006 2804 1205 2858; x_wconf 88' lang='lat' dir='ltr'><strong>habere</strong></span> <span class='ocrx_word' id='word_1_342' title='bbox 1247 2803 1528 2868; x_wconf 89' lang='lat' dir='ltr'><strong>desistant,</strong></span> <span class='ocrx_word' id='word_1_343' title='bbox 1561 2789 1617 2858; x_wconf 79' lang='lat' dir='ltr'><strong>et</strong></span> <span class='ocrx_word' id='word_1_344' title='bbox 1670 2821 1764 2860; x_wconf 92' lang='lat' dir='ltr'><strong>ne-</strong></span> 
     </span>
    </p>
   </div>
   <div class='ocr_carea' id='block_1_44' title="bbox 173 2891 1762 2964">
    <p class='ocr_par' dir='ltr' id='par_1_44' title="bbox 173 2891 1762 2964">
     <span class='ocr_line' id='line_1_44' title="bbox 173 2891 1762 2964; baseline 0.002 -18"><span class='ocrx_word' id='word_1_345' title='bbox 173 2905 452 2963; x_wconf 84' lang='lat' dir='ltr'><strong>quaquam</strong></span> <span class='ocrx_word' id='word_1_346' title='bbox 479 2891 531 2944; x_wconf 93' lang='lat' dir='ltr'><strong>in</strong></span> <span class='ocrx_word' id='word_1_347' title='bbox 557 2891 834 2946; x_wconf 88' lang='lat' dir='ltr'><strong>dialectica</strong></span> <span class='ocrx_word' id='word_1_348' title='bbox 856 2902 972 2946; x_wconf 88' lang='lat' dir='ltr'><strong>arte</strong></span> <span class='ocrx_word' id='word_1_349' title='bbox 987 2893 1277 2958; x_wconf 79' lang='lat' dir='ltr'><strong>conlidere,</strong></span> <span class='ocrx_word' id='word_1_350' title='bbox 1304 2893 1397 2964; x_wconf 85' lang='lat' dir='ltr'><strong>sed</strong></span> <span class='ocrx_word' id='word_1_351' title='bbox 1421 2895 1597 2949; x_wconf 89' lang='lat' dir='ltr'><strong>cuncti</strong></span> <span class='ocrx_word' id='word_1_352' title='bbox 1620 2894 1762 2949; x_wconf 92' lang='lat' dir='ltr'><strong>illius</strong></span> 
     </span>
    </p>
   </div>
   <div class='ocr_carea' id='block_1_45' title="bbox 176 2981 1763 3056">
    <p class='ocr_par' dir='ltr' id='par_1_45' title="bbox 176 2981 1763 3056">
     <span class='ocr_line' id='line_1_45' title="bbox 176 2981 1763 3056; baseline 0.004 -21"><span class='ocrx_word' id='word_1_353' title='bbox 176 2981 401 3035; x_wconf 88' lang='lat' dir='ltr'><strong>termini</strong></span> <span class='ocrx_word' id='word_1_354' title='bbox 423 2997 558 3050; x_wconf 90' lang='lat' dir='ltr'><strong>quos</strong></span> <span class='ocrx_word' id='word_1_355' title='bbox 578 2998 677 3052; x_wconf 91' lang='lat' dir='ltr'><strong>pro</strong></span> <span class='ocrx_word' id='word_1_356' title='bbox 701 2982 930 3037; x_wconf 90' lang='lat' dir='ltr'><strong>illisione</strong></span> <span class='ocrx_word' id='word_1_357' title='bbox 950 2982 1208 3038; x_wconf 85' lang='lat' dir='ltr'><strong>ﬂuctuum</strong></span> <span class='ocrx_word' id='word_1_358' title='bbox 1232 2994 1424 3039; x_wconf 89' lang='lat' dir='ltr'><strong>vocant</strong></span> <span class='ocrx_word' id='word_1_359' title='bbox 1443 2995 1763 3056; x_wconf 89' lang='lat' dir='ltr'><strong>promonto-</strong></span> 
     </span>
    </p>
   </div>
   <div class='ocr_carea' id='block_1_46' title="bbox 175 3071 1764 3144">
    <p class='ocr_par' dir='ltr' id='par_1_46' title="bbox 175 3071 1764 3144">
     <span class='ocr_line' id='line_1_46' title="bbox 175 3071 1764 3144; baseline 0.004 -18"><span class='ocrx_word' id='word_1_360' title='bbox 175 3071 284 3136; x_wconf 85' lang='lat' dir='ltr'><strong>ria,</strong></span> <span class='ocrx_word' id='word_1_361' title='bbox 319 3072 685 3126; x_wconf 89' lang='lat' dir='ltr'><strong>destruantur.</strong></span> <span class='ocrx_word' id='word_1_362' title='bbox 719 3074 785 3127; x_wconf 88' lang='lat' dir='ltr'><strong>Et</strong></span> <span class='ocrx_word' id='word_1_363' title='bbox 832 3074 1044 3144; x_wconf 65' lang='lat' dir='ltr'><strong>inclyta)</strong></span> <span class='ocrx_word' id='word_1_364' title='bbox 1082 3084 1243 3144; x_wconf 88' lang='lat' dir='ltr'><strong>atque</strong></span> <span class='ocrx_word' id='word_1_365' title='bbox 1271 3073 1457 3131; x_wconf 74' lang='lat' dir='ltr'><strong>electm</strong></span> <span class='ocrx_word' id='word_1_366' title='bbox 1483 3085 1639 3131; x_wconf 74' lang='lat' dir='ltr'><strong>terra:</strong></span> <span class='ocrx_word' id='word_1_367' title='bbox 1663 3077 1764 3132; x_wconf 72' lang='lat' dir='ltr'><strong>Be~</strong></span> 
     </span>
    </p>
   </div>
   <div class='ocr_carea' id='block_1_47' title="bbox 176 3161 1760 3233">
    <p class='ocr_par' dir='ltr' id='par_1_47' title="bbox 176 3161 1760 3233">
     <span class='ocr_line' id='line_1_47' title="bbox 176 3161 1760 3233; baseline 0.003 -16"><span class='ocrx_word' id='word_1_368' title='bbox 176 3161 538 3226; x_wconf 88' lang='lat' dir='ltr'><strong>thlesimotb,</strong></span> <span class='ocrx_word' id='word_1_369' title='bbox 594 3178 714 3232; x_wconf 78' lang='lat' dir='ltr'><strong>qua:</strong></span> <span class='ocrx_word' id='word_1_370' title='bbox 766 3165 1150 3233; x_wconf 86' lang='lat' dir='ltr'><strong>interpretatur</strong></span> <span class='ocrx_word' id='word_1_371' title='bbox 1213 3165 1405 3220; x_wconf 88' lang='lat' dir='ltr'><strong>domus</strong></span> <span class='ocrx_word' id='word_1_372' title='bbox 1457 3168 1760 3223; x_wconf 88' lang='lat' dir='ltr'><strong>solitudinis</strong></span> 
     </span>
    </p>
   </div>
   <div class='ocr_carea' id='block_1_48' title="bbox 174 3253 1760 3327">
    <p class='ocr_par' dir='ltr' id='par_1_48' title="bbox 174 3253 1760 3327">
     <span class='ocr_line' id='line_1_48' title="bbox 174 3253 1760 3327; baseline 0.003 -21"><span class='ocrx_word' id='word_1_373' title='bbox 174 3261 346 3322; x_wconf 84' lang='lat' dir='ltr'><strong>atque</strong></span> <span class='ocrx_word' id='word_1_374' title='bbox 385 3253 618 3318; x_wconf 88' lang='lat' dir='ltr'><strong>deserta,</strong></span> <span class='ocrx_word' id='word_1_375' title='bbox 660 3262 715 3307; x_wconf 89' lang='lat' dir='ltr'><strong>et</strong></span> <span class='ocrx_word' id='word_1_376' title='bbox 763 3253 1063 3319; x_wconf 88' lang='lat' dir='ltr'><strong>Bcelmeon,</strong></span> <span class='ocrx_word' id='word_1_377' title='bbox 1095 3270 1214 3324; x_wconf 82' lang='lat' dir='ltr'><strong>quae</strong></span> <span class='ocrx_word' id='word_1_378' title='bbox 1252 3264 1312 3327; x_wconf 86' lang='lat' dir='ltr'><strong>et</strong></span> <span class='ocrx_word' id='word_1_379' title='bbox 1357 3256 1470 3324; x_wconf 89' lang='lat' dir='ltr'><strong>ipsa</strong></span> <span class='ocrx_word' id='word_1_380' title='bbox 1529 3257 1760 3327; x_wconf 85' lang='lat' dir='ltr'><strong>vertitur</strong></span> 
     </span>
    </p>
   </div>
   <div class='ocr_carea' id='block_1_49' title="bbox 173 3342 1757 3414">
    <p class='ocr_par' dir='ltr' id='par_1_49' title="bbox 173 3342 1757 3414">
     <span class='ocr_line' id='line_1_49' title="bbox 173 3342 1757 3414; baseline 0.003 -16"><span class='ocrx_word' id='word_1_381' title='bbox 173 3343 388 3398; x_wconf 85' lang='lat' dir='ltr'><strong>habens</strong></span> <span class='ocrx_word' id='word_1_382' title='bbox 439 3342 663 3408; x_wconf 87' lang='lat' dir='ltr'><strong>fontem,</strong></span> <span class='ocrx_word' id='word_1_383' title='bbox 703 3345 814 3398; x_wconf 89' lang='lat' dir='ltr'><strong>sive</strong></span> <span class='ocrx_word' id='word_1_384' title='bbox 858 3360 1018 3414; x_wconf 87' lang='lat' dir='ltr'><strong>super</strong></span> <span class='ocrx_word' id='word_1_385' title='bbox 1059 3345 1278 3412; x_wconf 90' lang='lat' dir='ltr'><strong>fontem,</strong></span> <span class='ocrx_word' id='word_1_386' title='bbox 1319 3357 1372 3401; x_wconf 85' lang='lat' dir='ltr'><strong>et</strong></span> <span class='ocrx_word' id='word_1_387' title='bbox 1408 3348 1757 3414; x_wconf 88' lang='lat' dir='ltr'><strong>Cariathaim,</strong></span> 
     </span>
    </p>
   </div>
   <div class='ocr_carea' id='block_1_50' title="bbox 173 3432 1762 3504">
    <p class='ocr_par' dir='ltr' id='par_1_50' title="bbox 173 3432 1762 3504">
     <span class='ocr_line' id='line_1_50' title="bbox 173 3432 1762 3504; baseline 0.003 -17"><span class='ocrx_word' id='word_1_388' title='bbox 173 3449 344 3503; x_wconf 86' lang='lat' dir='ltr'><strong>quam</strong></span> <span class='ocrx_word' id='word_1_389' title='bbox 389 3432 738 3504; x_wconf 80' lang='lat' dir='ltr'><strong>Septuaginta</strong></span> <span class='ocrx_word' id='word_1_390' title='bbox 768 3435 1042 3490; x_wconf 83' lang='lat' dir='ltr'><strong>civitatem</strong></span> <span class='ocrx_word' id='word_1_391' title='bbox 1088 3437 1420 3492; x_wconf 88' lang='lat' dir='ltr'><strong>maritimam</strong></span> <span class='ocrx_word' id='word_1_392' title='bbox 1471 3439 1762 3500; x_wconf 84' lang='lat' dir='ltr'><strong>transtule-</strong></span> 
     </span>
    </p>
   </div>
   <div class='ocr_carea' id='block_1_51' title="bbox 174 3513 1762 3598">
    <p class='ocr_par' dir='ltr' id='par_1_51' title="bbox 174 3513 1762 3598">
     <span class='ocr_line' id='line_1_51' title="bbox 174 3513 1762 3598; baseline 0.004 -20"><span class='ocrx_word' id='word_1_393' title='bbox 174 3533 630 3593; x_wconf 87' lang='lat' dir='ltr'><strong>rnnt,pcreant,</strong></span> <span class='ocrx_word' id='word_1_394' title='bbox 662 3525 907 3593; x_wconf 90' lang='lat' dir='ltr'><strong>quamvis</strong></span> <span class='ocrx_word' id='word_1_395' title='bbox 949 3525 1093 3580; x_wconf 89' lang='lat' dir='ltr'><strong>enim</strong></span> <span class='ocrx_word' id='word_1_396' title='bbox 1144 3513 1378 3582; x_wconf 80' lang='lat' dir='ltr'><strong>habeant</strong></span> <span class='ocrx_word' id='word_1_397' title='bbox 1421 3529 1612 3583; x_wconf 87' lang='lat' dir='ltr'><strong>robora</strong></span> <span class='ocrx_word' id='word_1_398' title='bbox 1665 3545 1762 3598; x_wconf 90' lang='lat' dir='ltr'><strong>pu—</strong></span> 
     </span>
    </p>
   </div>
   <div class='ocr_carea' id='block_1_52' title="bbox 173 3616 1762 3691">
    <p class='ocr_par' dir='ltr' id='par_1_52' title="bbox 173 3616 1762 3691">
     <span class='ocr_line' id='line_1_52' title="bbox 173 3616 1762 3691; baseline 0.004 -22"><span class='ocrx_word' id='word_1_399' title='bbox 173 3624 492 3686; x_wconf 73' lang='lat' dir='ltr'><strong>gnatorum,</strong></span> <span class='ocrx_word' id='word_1_400' title='bbox 514 3624 579 3678; x_wconf 89' lang='lat' dir='ltr'><strong>et</strong></span> <span class='ocrx_word' id='word_1_401' title='bbox 623 3616 820 3687; x_wconf 83' lang='lat' dir='ltr'><strong>inclyta</strong></span> <span class='ocrx_word' id='word_1_402' title='bbox 875 3626 1106 3689; x_wconf 80' lang='lat' dir='ltr'><strong>pergant</strong></span> <span class='ocrx_word' id='word_1_403' title='bbox 1133 3619 1202 3672; x_wconf 89' lang='lat' dir='ltr'><strong>ad</strong></span> <span class='ocrx_word' id='word_1_404' title='bbox 1249 3619 1493 3689; x_wconf 60' lang='lat' dir='ltr'><strong>praelium</strong></span> <span class='ocrx_word' id='word_1_405' title='bbox 1521 3630 1638 3676; x_wconf 90' lang='lat' dir='ltr'><strong>artc</strong></span> <span class='ocrx_word' id='word_1_406' title='bbox 1665 3637 1762 3691; x_wconf 89' lang='lat' dir='ltr'><strong>pn-</strong></span> 
     </span>
    </p>
   </div>
   <div class='ocr_carea' id='block_1_53' title="bbox 173 3706 1763 3778">
    <p class='ocr_par' dir='ltr' id='par_1_53' title="bbox 173 3706 1763 3778">
     <span class='ocr_line' id='line_1_53' title="bbox 173 3706 1763 3778; baseline 0.002 -18"><span class='ocrx_word' id='word_1_407' title='bbox 173 3706 402 3778; x_wconf 83' lang='lat' dir='ltr'><strong>gnandi,</strong></span> <span class='ocrx_word' id='word_1_408' title='bbox 431 3713 485 3760; x_wconf 91' lang='lat' dir='ltr'><strong>et</strong></span> <span class='ocrx_word' id='word_1_409' title='bbox 511 3721 575 3760; x_wconf 81' lang='lat' dir='ltr'><strong>ex</strong></span> <span class='ocrx_word' id='word_1_410' title='bbox 602 3707 746 3760; x_wconf 90' lang='lat' dir='ltr'><strong>omni</strong></span> <span class='ocrx_word' id='word_1_411' title='bbox 771 3716 923 3776; x_wconf 90' lang='lat' dir='ltr'><strong>parte</strong></span> <span class='ocrx_word' id='word_1_412' title='bbox 951 3707 1292 3776; x_wconf 90' lang='lat' dir='ltr'><strong>circumsepti</strong></span> <span class='ocrx_word' id='word_1_413' title='bbox 1320 3709 1615 3778; x_wconf 65' lang='lat' dir='ltr'><strong>munitipte</strong></span> <span class='ocrx_word' id='word_1_414' title='bbox 1637 3725 1763 3778; x_wconf 88' lang='lat' dir='ltr'><strong>gra-</strong></span> 
     </span>
    </p>
   </div>
   <div class='ocr_carea' id='block_1_54' title="bbox 173 3781 1760 3867">
    <p class='ocr_par' dir='ltr' id='par_1_54' title="bbox 173 3781 1760 3867">
     <span class='ocr_line' id='line_1_54' title="bbox 173 3781 1760 3867; baseline 0.001 -15"><span class='ocrx_word' id='word_1_415' title='bbox 173 3797 436 3861; x_wconf 81' lang='lat' dir='ltr'><strong>diantur,</strong></span> <span class='ocrx_word' id='word_1_416' title='bbox 479 3805 658 3851; x_wconf 89' lang='lat' dir='ltr'><strong>tamen</strong></span> <span class='ocrx_word' id='word_1_417' title='bbox 707 3797 904 3867; x_wconf 85' lang='lat' dir='ltr'><strong>inclyta</strong></span> <span class='ocrx_word' id='word_1_418' title='bbox 933 3781 1118 3852; x_wconf 83' lang='lat' dir='ltr'><strong>eorum</strong></span> <span class='ocrx_word' id='word_1_419' title='bbox 1155 3806 1296 3852; x_wconf 90' lang='lat' dir='ltr'><strong>terra</strong></span> <span class='ocrx_word' id='word_1_420' title='bbox 1327 3814 1430 3853; x_wconf 91' lang='lat' dir='ltr'><strong>non</strong></span> <span class='ocrx_word' id='word_1_421' title='bbox 1463 3807 1546 3852; x_wconf 86' lang='lat' dir='ltr'><strong>est</strong></span> <span class='ocrx_word' id='word_1_422' title='bbox 1571 3799 1760 3853; x_wconf 88' lang='lat' dir='ltr'><strong>domus</strong></span> 
     </span>
    </p>
   </div>
   <div class='ocr_carea' id='block_1_55' title="bbox 173 3885 1761 3958">
    <p class='ocr_par' dir='ltr' id='par_1_55' title="bbox 173 3885 1761 3958">
     <span class='ocr_line' id='line_1_55' title="bbox 173 3885 1761 3958; baseline 0.001 -16"><span class='ocrx_word' id='word_1_423' title='bbox 173 3885 550 3950; x_wconf 82' lang='lat' dir='ltr'><strong>habitationis,</strong></span> <span class='ocrx_word' id='word_1_424' title='bbox 609 3887 704 3940; x_wconf 77' lang='lat' dir='ltr'><strong>sed</strong></span> <span class='ocrx_word' id='word_1_425' title='bbox 767 3887 958 3941; x_wconf 88' lang='lat' dir='ltr'><strong>domus</strong></span> <span class='ocrx_word' id='word_1_426' title='bbox 1017 3887 1339 3942; x_wconf 90' lang='lat' dir='ltr'><strong>solitudinis.</strong></span> <span class='ocrx_word' id='word_1_427' title='bbox 1393 3887 1651 3958; x_wconf 82' lang='lat' dir='ltr'><strong>Quodque</strong></span> <span class='ocrx_word' id='word_1_428' title='bbox 1703 3905 1761 3944; x_wconf 92' lang='lat' dir='ltr'><strong>se</strong></span> 
     </span>
    </p>
   </div>
   <div class='ocr_carea' id='block_1_56' title="bbox 170 3975 1760 4049">
    <p class='ocr_par' dir='ltr' id='par_1_56' title="bbox 170 3975 1760 4049">
     <span class='ocr_line' id='line_1_56' title="bbox 170 3975 1760 4049; baseline 0 -17"><span class='ocrx_word' id='word_1_429' title='bbox 170 3986 372 4049; x_wconf 89' lang='lat' dir='ltr'><strong>putant</strong></span> <span class='ocrx_word' id='word_1_430' title='bbox 398 3978 599 4032; x_wconf 88' lang='lat' dir='ltr'><strong>habere</strong></span> <span class='ocrx_word' id='word_1_431' title='bbox 628 3975 828 4030; x_wconf 90' lang='lat' dir='ltr'><strong>fontem</strong></span> <span class='ocrx_word' id='word_1_432' title='bbox 854 3977 1112 4044; x_wconf 63' lang='lat' dir='ltr'><strong>scientiae,</strong></span> <span class='ocrx_word' id='word_1_433' title='bbox 1136 3986 1190 4031; x_wconf 91' lang='lat' dir='ltr'><strong>et</strong></span> <span class='ocrx_word' id='word_1_434' title='bbox 1219 3981 1406 4032; x_wconf 90' lang='lat' dir='ltr'><strong>urbem</strong></span> <span class='ocrx_word' id='word_1_435' title='bbox 1432 3979 1760 4033; x_wconf 89' lang='lat' dir='ltr'><strong>maritimam</strong></span> 
     </span>
    </p>
   </div>
   <div class='ocr_carea' id='block_1_57' title="bbox 172 4067 1756 4140">
    <p class='ocr_par' dir='ltr' id='par_1_57' title="bbox 172 4067 1756 4140">
     <span class='ocr_line' id='line_1_57' title="bbox 172 4067 1756 4140; baseline 0.001 -17"><span class='ocrx_word' id='word_1_436' title='bbox 172 4085 299 4140; x_wconf 78' lang='lat' dir='ltr'><strong>qua:</strong></span> <span class='ocrx_word' id='word_1_437' title='bbox 343 4077 565 4122; x_wconf 87' lang='lat' dir='ltr'><strong>cunctas</strong></span> <span class='ocrx_word' id='word_1_438' title='bbox 614 4067 881 4121; x_wconf 80' lang='lat' dir='ltr'><strong>sustinere</strong></span> <span class='ocrx_word' id='word_1_439' title='bbox 937 4070 1108 4136; x_wconf 89' lang='lat' dir='ltr'><strong>possit</strong></span> <span class='ocrx_word' id='word_1_440' title='bbox 1152 4068 1336 4123; x_wconf 83' lang='lat' dir='ltr'><strong>saeculi</strong></span> <span class='ocrx_word' id='word_1_441' title='bbox 1385 4077 1756 4139; x_wconf 84' lang='lat' dir='ltr'><strong>tempestates,</strong></span> 
     </span>
    </p>
   </div>
   <div class='ocr_carea' id='block_1_58' title="bbox 171 4156 1759 4230">
    <p class='ocr_par' dir='ltr' id='par_1_58' title="bbox 171 4156 1759 4230">
     <span class='ocr_line' id='line_1_58' title="bbox 171 4156 1759 4230; baseline 0.001 -18"><span class='ocrx_word' id='word_1_442' title='bbox 171 4159 508 4230; x_wconf 23' lang='lat' dir='ltr'><strong>patientiam.</strong></span> <span class='ocrx_word' id='word_1_443' title='bbox 544 4158 645 4212; x_wconf 87' lang='lat' dir='ltr'><strong>sibi</strong></span> <span class='ocrx_word' id='word_1_444' title='bbox 671 4165 727 4212; x_wconf 91' lang='lat' dir='ltr'><strong>et</strong></span> <span class='ocrx_word' id='word_1_445' title='bbox 753 4156 1122 4213; x_wconf 83' lang='lat' dir='ltr'><strong>fortitudinem</strong></span> <span class='ocrx_word' id='word_1_446' title='bbox 1143 4159 1547 4228; x_wconf 86' lang='lat' dir='ltr'><strong>promittentes,</strong></span> <span class='ocrx_word' id='word_1_447' title='bbox 1580 4168 1759 4214; x_wconf 89' lang='lat' dir='ltr'><strong>tamen</strong></span> 
     </span>
    </p>
   </div>
   <div class='ocr_carea' id='block_1_59' title="bbox 175 4251 1759 4321">
    <p class='ocr_par' dir='ltr' id='par_1_59' title="bbox 175 4251 1759 4321">
     <span class='ocr_line' id='line_1_59' title="bbox 175 4251 1759 4321; baseline 0.001 -16"><span class='ocrx_word' id='word_1_448' title='bbox 175 4251 310 4306; x_wconf 90' lang='lat' dir='ltr'><strong>illuc</strong></span> <span class='ocrx_word' id='word_1_449' title='bbox 332 4259 693 4314; x_wconf 88' lang='lat' dir='ltr'><strong>revertentur,</strong></span> <span class='ocrx_word' id='word_1_450' title='bbox 717 4258 777 4305; x_wconf 91' lang='lat' dir='ltr'><strong>ut</strong></span> <span class='ocrx_word' id='word_1_451' title='bbox 797 4251 894 4321; x_wconf 88' lang='lat' dir='ltr'><strong>ipsi</strong></span> <span class='ocrx_word' id='word_1_452' title='bbox 927 4252 1209 4305; x_wconf 84' lang='lat' dir='ltr'><strong>tradantur</strong></span> <span class='ocrx_word' id='word_1_453' title='bbox 1238 4251 1362 4306; x_wconf 89' lang='lat' dir='ltr'><strong>ﬁliis</strong></span> <span class='ocrx_word' id='word_1_454' title='bbox 1387 4251 1624 4307; x_wconf 88' lang='lat' dir='ltr'><strong>Orientis</strong></span> <span class='ocrx_word' id='word_1_455' title='bbox 1646 4252 1759 4307; x_wconf 90' lang='lat' dir='ltr'><strong>veri</strong></span> 
     </span>
    </p>
   </div>
   <div class='ocr_carea' id='block_1_60' title="bbox 175 4340 1757 4413">
    <p class='ocr_par' dir='ltr' id='par_1_60' title="bbox 175 4340 1757 4413">
     <span class='ocr_line' id='line_1_60' title="bbox 175 4340 1757 4413; baseline 0.001 -17"><span class='ocrx_word' id='word_1_456' title='bbox 175 4341 231 4396; x_wconf 89' lang='lat' dir='ltr'><strong>in</strong></span> <span class='ocrx_word' id='word_1_457' title='bbox 261 4340 480 4396; x_wconf 86' lang='lat' dir='ltr'><strong>Christo</strong></span> <span class='ocrx_word' id='word_1_458' title='bbox 503 4341 743 4406; x_wconf 90' lang='lat' dir='ltr'><strong>luminis,</strong></span> <span class='ocrx_word' id='word_1_459' title='bbox 767 4343 906 4396; x_wconf 87' lang='lat' dir='ltr'><strong>sicut</strong></span> <span class='ocrx_word' id='word_1_460' title='bbox 929 4342 1108 4397; x_wconf 87' lang='lat' dir='ltr'><strong>traditi</strong></span> <span class='ocrx_word' id='word_1_461' title='bbox 1131 4351 1257 4396; x_wconf 92' lang='lat' dir='ltr'><strong>sunt</strong></span> <span class='ocrx_word' id='word_1_462' title='bbox 1284 4342 1378 4397; x_wconf 90' lang='lat' dir='ltr'><strong>ﬁlii</strong></span> <span class='ocrx_word' id='word_1_463' title='bbox 1402 4343 1634 4398; x_wconf 82' lang='lat' dir='ltr'><strong>Ammon</strong></span> <span class='ocrx_word' id='word_1_464' title='bbox 1666 4343 1757 4413; x_wconf 91' lang='lat' dir='ltr'><strong>qui</strong></span> 
     </span>
    </p>
   </div>
   <div class='ocr_carea' id='block_1_61' title="bbox 174 4431 1762 4490">
    <p class='ocr_par' dir='ltr' id='par_1_61' title="bbox 174 4431 1762 4490">
     <span class='ocr_line' id='line_1_61' title="bbox 174 4431 1762 4490; baseline 0.002 -4"><span class='ocrx_word' id='word_1_465' title='bbox 174 4431 280 4487; x_wconf 90' lang='lat' dir='ltr'><strong>sibi</strong></span> <span class='ocrx_word' id='word_1_466' title='bbox 328 4432 382 4485; x_wconf 92' lang='lat' dir='ltr'><strong>in</strong></span> <span class='ocrx_word' id='word_1_467' title='bbox 436 4432 691 4486; x_wconf 66' lang='lat' dir='ltr'><strong>haeretica</strong></span> <span class='ocrx_word' id='word_1_468' title='bbox 729 4433 1070 4488; x_wconf 88' lang='lat' dir='ltr'><strong>multitudine</strong></span> <span class='ocrx_word' id='word_1_469' title='bbox 1097 4433 1454 4489; x_wconf 88' lang='lat' dir='ltr'><strong>conﬁdebant.</strong></span> <span class='ocrx_word' id='word_1_470' title='bbox 1493 4434 1557 4489; x_wconf 89' lang='lat' dir='ltr'><strong>Et</strong></span> <span class='ocrx_word' id='word_1_471' title='bbox 1585 4433 1762 4490; x_wconf 79' lang='lat' dir='ltr'><strong>consi-</strong></span> 
     </span>
    </p>
   </div>
   <div class='ocr_carea' id='block_1_62' title="bbox 174 4520 1758 4592">
    <p class='ocr_par' dir='ltr' id='par_1_62' title="bbox 174 4520 1758 4592">
     <span class='ocr_line' id='line_1_62' title="bbox 174 4520 1758 4592; baseline 0.001 -15"><span class='ocrx_word' id='word_1_472' title='bbox 174 4521 435 4577; x_wconf 83' lang='lat' dir='ltr'><strong>deremus</strong></span> <span class='ocrx_word' id='word_1_473' title='bbox 459 4520 780 4590; x_wconf 89' lang='lat' dir='ltr'><strong>profectum,</strong></span> <span class='ocrx_word' id='word_1_474' title='bbox 810 4530 970 4591; x_wconf 89' lang='lat' dir='ltr'><strong>atque</strong></span> <span class='ocrx_word' id='word_1_475' title='bbox 998 4523 1051 4576; x_wconf 92' lang='lat' dir='ltr'><strong>in</strong></span> <span class='ocrx_word' id='word_1_476' title='bbox 1080 4523 1193 4592; x_wconf 88' lang='lat' dir='ltr'><strong>ipsa</strong></span> <span class='ocrx_word' id='word_1_477' title='bbox 1219 4524 1631 4579; x_wconf 88' lang='lat' dir='ltr'><strong>comminatione</strong></span> <span class='ocrx_word' id='word_1_478' title='bbox 1655 4523 1758 4578; x_wconf 87' lang='lat' dir='ltr'><strong>cle-</strong></span> 
     </span>
    </p>
   </div>
   <div class='ocr_carea' id='block_1_63' title="bbox 173 4610 1756 4675">
    <p class='ocr_par' dir='ltr' id='par_1_63' title="bbox 173 4610 1756 4675">
     <span class='ocr_line' id='line_1_63' title="bbox 173 4610 1756 4675; baseline 0.001 -8"><span class='ocrx_word' id='word_1_479' title='bbox 173 4610 440 4667; x_wconf 87' lang='lat' dir='ltr'><strong>mentiam</strong></span> <span class='ocrx_word' id='word_1_480' title='bbox 488 4611 604 4675; x_wconf 90' lang='lat' dir='ltr'><strong>Dei,</strong></span> <span class='ocrx_word' id='word_1_481' title='bbox 632 4620 692 4666; x_wconf 91' lang='lat' dir='ltr'><strong>ut</strong></span> <span class='ocrx_word' id='word_1_482' title='bbox 743 4613 1028 4667; x_wconf 88' lang='lat' dir='ltr'><strong>tradantur</strong></span> <span class='ocrx_word' id='word_1_483' title='bbox 1073 4629 1196 4668; x_wconf 92' lang='lat' dir='ltr'><strong>cum</strong></span> <span class='ocrx_word' id='word_1_484' title='bbox 1251 4614 1376 4669; x_wconf 89' lang='lat' dir='ltr'><strong>ﬁliis</strong></span> <span class='ocrx_word' id='word_1_485' title='bbox 1401 4614 1629 4668; x_wconf 83' lang='lat' dir='ltr'><strong>Ammon</strong></span> <span class='ocrx_word' id='word_1_486' title='bbox 1663 4614 1756 4668; x_wconf 91' lang='lat' dir='ltr'><strong>ﬁlii</strong></span> 
     </span>
    </p>
   </div>
   <div class='ocr_carea' id='block_1_64' title="bbox 172 4701 1757 4774">
    <p class='ocr_par' dir='ltr' id='par_1_64' title="bbox 172 4701 1757 4774">
     <span class='ocr_line' id='line_1_64' title="bbox 172 4701 1757 4774; baseline 0 -17"><span class='ocrx_word' id='word_1_487' title='bbox 172 4701 420 4758; x_wconf 80' lang='lat' dir='ltr'><strong>Orientis</strong></span> <span class='ocrx_word' id='word_1_488' title='bbox 445 4701 498 4755; x_wconf 93' lang='lat' dir='ltr'><strong>in</strong></span> <span class='ocrx_word' id='word_1_489' title='bbox 531 4702 918 4766; x_wconf 65' lang='lat' dir='ltr'><strong>litereditatcm,</strong></span> <span class='ocrx_word' id='word_1_490' title='bbox 944 4712 997 4758; x_wconf 90' lang='lat' dir='ltr'><strong>et</strong></span> <span class='ocrx_word' id='word_1_491' title='bbox 1026 4719 1363 4774; x_wconf 88' lang='lat' dir='ltr'><strong>nequaquam</strong></span> <span class='ocrx_word' id='word_1_492' title='bbox 1395 4706 1617 4760; x_wconf 64' lang='lat' dir='ltr'><strong>haeresis</strong></span> <span class='ocrx_word' id='word_1_493' title='bbox 1649 4705 1757 4759; x_wconf 86' lang='lat' dir='ltr'><strong>ulla</strong></span> 
     </span>
    </p>
   </div>
   <div class='ocr_carea' id='block_1_65' title="bbox 175 4793 1758 4864">
    <p class='ocr_par' dir='ltr' id='par_1_65' title="bbox 175 4793 1758 4864">
     <span class='ocr_line' id='line_1_65' title="bbox 175 4793 1758 4864; baseline 0.004 -18"><span class='ocrx_word' id='word_1_494' title='bbox 175 4793 493 4846; x_wconf 87' lang='lat' dir='ltr'><strong>nominetur</strong></span> <span class='ocrx_word' id='word_1_495' title='bbox 517 4793 570 4846; x_wconf 93' lang='lat' dir='ltr'><strong>in</strong></span> <span class='ocrx_word' id='word_1_496' title='bbox 600 4793 871 4863; x_wconf 86' lang='lat' dir='ltr'><strong>gentibus,</strong></span> <span class='ocrx_word' id='word_1_497' title='bbox 896 4794 988 4848; x_wconf 87' lang='lat' dir='ltr'><strong>sed</strong></span> <span class='ocrx_word' id='word_1_498' title='bbox 1020 4795 1177 4850; x_wconf 87' lang='lat' dir='ltr'><strong>factis</strong></span> <span class='ocrx_word' id='word_1_499' title='bbox 1201 4797 1253 4850; x_wconf 96' lang='lat' dir='ltr'><strong>in</strong></span> <span class='ocrx_word' id='word_1_500' title='bbox 1281 4797 1436 4852; x_wconf 86' lang='lat' dir='ltr'><strong>Moab</strong></span> <span class='ocrx_word' id='word_1_501' title='bbox 1456 4795 1679 4864; x_wconf 90' lang='lat' dir='ltr'><strong>judiciis</strong></span> <span class='ocrx_word' id='word_1_502' title='bbox 1702 4807 1758 4852; x_wconf 90' lang='lat' dir='ltr'><strong>et</strong></span> 
     </span>
    </p>
   </div>
   <div class='ocr_carea' id='block_1_66' title="bbox 173 4884 1759 4958">
    <p class='ocr_par' dir='ltr' id='par_1_66' title="bbox 173 4884 1759 4958">
     <span class='ocr_line' id='line_1_66' title="bbox 173 4884 1759 4958; baseline 0.004 -22"><span class='ocrx_word' id='word_1_503' title='bbox 173 4884 476 4938; x_wconf 89' lang='lat' dir='ltr'><strong>nltionibus</strong></span> <span class='ocrx_word' id='word_1_504' title='bbox 498 4899 595 4953; x_wconf 90' lang='lat' dir='ltr'><strong>pro</strong></span> <span class='ocrx_word' id='word_1_505' title='bbox 624 4886 931 4954; x_wconf 85' lang='lat' dir='ltr'><strong>arrogantia</strong></span> <span class='ocrx_word' id='word_1_506' title='bbox 961 4901 1137 4940; x_wconf 89' lang='lat' dir='ltr'><strong>rerum</strong></span> <span class='ocrx_word' id='word_1_507' title='bbox 1178 4886 1284 4942; x_wconf 89' lang='lat' dir='ltr'><strong>ﬁne</strong></span> <span class='ocrx_word' id='word_1_508' title='bbox 1306 4897 1633 4958; x_wconf 86' lang='lat' dir='ltr'><strong>cognoscant</strong></span> <span class='ocrx_word' id='word_1_509' title='bbox 1661 4889 1759 4942; x_wconf 74' lang='lat' dir='ltr'><strong>Do-</strong></span> 
     </span>
    </p>
   </div>
   <div class='ocr_carea' id='block_1_67' title="bbox 174 4973 1754 5045">
    <p class='ocr_par' dir='ltr' id='par_1_67' title="bbox 174 4973 1754 5045">
     <span class='ocr_line' id='line_1_67' title="bbox 174 4973 1754 5045; baseline 0.002 -18"><span class='ocrx_word' id='word_1_510' title='bbox 174 4974 386 5028; x_wconf 89' lang='lat' dir='ltr'><strong>minum</strong></span> <span class='ocrx_word' id='word_1_511' title='bbox 424 4989 545 5028; x_wconf 90' lang='lat' dir='ltr'><strong>esse</strong></span> <span class='ocrx_word' id='word_1_512' title='bbox 570 4973 660 5042; x_wconf 92' lang='lat' dir='ltr'><strong>qui</strong></span> <span class='ocrx_word' id='word_1_513' title='bbox 704 4983 893 5029; x_wconf 87' lang='lat' dir='ltr'><strong>cuncta</strong></span> <span class='ocrx_word' id='word_1_514' title='bbox 923 4975 1210 5045; x_wconf 80' lang='lat' dir='ltr'><strong>dispenset.</strong></span> <span class='ocrx_word' id='word_1_515' title='bbox 1248 4976 1328 5032; x_wconf 87' lang='lat' dir='ltr'><strong>Ad</strong></span> <span class='ocrx_word' id='word_1_516' title='bbox 1350 4977 1754 5045; x_wconf 76' lang='lat' dir='ltr'><strong>approbantium</strong></span> 
     </span>
    </p>
   </div>
   <div class='ocr_carea' id='block_1_68' title="bbox 173 5063 1758 5137">
    <p class='ocr_par' dir='ltr' id='par_1_68' title="bbox 173 5063 1758 5137">
     <span class='ocr_line' id='line_1_68' title="bbox 173 5063 1758 5137; baseline 0.003 -19"><span class='ocrx_word' id='word_1_517' title='bbox 173 5071 363 5119; x_wconf 85' lang='lat' dir='ltr'><strong>autem</strong></span> <span class='ocrx_word' id='word_1_518' title='bbox 392 5065 534 5132; x_wconf 88' lang='lat' dir='ltr'><strong>quod</strong></span> <span class='ocrx_word' id='word_1_519' title='bbox 561 5063 712 5118; x_wconf 88' lang='lat' dir='ltr'><strong>Moab</strong></span> <span class='ocrx_word' id='word_1_520' title='bbox 741 5063 792 5118; x_wconf 94' lang='lat' dir='ltr'><strong>in</strong></span> <span class='ocrx_word' id='word_1_521' title='bbox 820 5067 1066 5134; x_wconf 71' lang='lat' dir='ltr'><strong>prazsenti</strong></span> <span class='ocrx_word' id='word_1_522' title='bbox 1092 5066 1208 5121; x_wconf 90' lang='lat' dir='ltr'><strong>loco</strong></span> <span class='ocrx_word' id='word_1_523' title='bbox 1240 5082 1400 5137; x_wconf 87' lang='lat' dir='ltr'><strong>super</strong></span> <span class='ocrx_word' id='word_1_524' title='bbox 1421 5067 1758 5136; x_wconf 88' lang='lat' dir='ltr'><strong>philosopho-</strong></span> 
     </span>
    </p>
   </div>
   <div class='ocr_carea' id='block_1_69' title="bbox 175 5155 1754 5226">
    <p class='ocr_par' dir='ltr' id='par_1_69' title="bbox 175 5155 1754 5226">
     <span class='ocr_line' id='line_1_69' title="bbox 175 5155 1754 5226; baseline 0 -15"><span class='ocrx_word' id='word_1_525' title='bbox 175 5170 301 5211; x_wconf 84' lang='lat' dir='ltr'><strong>rum</strong></span> <span class='ocrx_word' id='word_1_526' title='bbox 327 5155 657 5226; x_wconf 88' lang='lat' dir='ltr'><strong>intelligatur</strong></span> <span class='ocrx_word' id='word_1_527' title='bbox 677 5157 946 5225; x_wconf 88' lang='lat' dir='ltr'><strong>superbia,</strong></span> <span class='ocrx_word' id='word_1_528' title='bbox 980 5157 1047 5211; x_wconf 90' lang='lat' dir='ltr'><strong>de</strong></span> <span class='ocrx_word' id='word_1_529' title='bbox 1069 5157 1261 5226; x_wconf 88' lang='lat' dir='ltr'><strong>quibus</strong></span> <span class='ocrx_word' id='word_1_530' title='bbox 1286 5156 1501 5223; x_wconf 88' lang='lat' dir='ltr'><strong>dicitur,</strong></span> <span class='ocrx_word' id='word_1_531' title='bbox 1526 5157 1754 5212; x_wconf 89' lang='lat' dir='ltr'><strong>Perdam</strong></span> 
     </span>
    </p>
   </div>
   <div class='ocr_carea' id='block_1_70' title="bbox 176 5247 1755 5319">
    <p class='ocr_par' dir='ltr' id='par_1_70' title="bbox 176 5247 1755 5319">
     <span class='ocr_line' id='line_1_70' title="bbox 176 5247 1755 5319; baseline -0.002 -14"><span class='ocrx_word' id='word_1_532' title='bbox 176 5247 504 5319; x_wconf 84' lang='lat' dir='ltr'><strong>sapientiam</strong></span> <span class='ocrx_word' id='word_1_533' title='bbox 539 5248 879 5317; x_wconf 87' lang='lat' dir='ltr'><strong>sapientium,</strong></span> <span class='ocrx_word' id='word_1_534' title='bbox 910 5256 965 5303; x_wconf 92' lang='lat' dir='ltr'><strong>et</strong></span> <span class='ocrx_word' id='word_1_535' title='bbox 995 5249 1400 5319; x_wconf 82' lang='lat' dir='ltr'><strong>intelligentiam</strong></span> <span class='ocrx_word' id='word_1_536' title='bbox 1451 5249 1755 5319; x_wconf 83' lang='lat' dir='ltr'><strong>intelligen-</strong></span> 
     </span>
    </p>
   </div>
   <div class='ocr_carea' id='block_1_71' title="bbox 178 5339 1755 5408">
    <p class='ocr_par' dir='ltr' id='par_1_71' title="bbox 178 5339 1755 5408">
     <span class='ocr_line' id='line_1_71' title="bbox 178 5339 1755 5408; baseline -0.001 -14"><span class='ocrx_word' id='word_1_537' title='bbox 178 5342 318 5394; x_wconf 84' lang='lat' dir='ltr'><strong>tium</strong></span> <span class='ocrx_word' id='word_1_538' title='bbox 353 5339 686 5408; x_wconf 88' lang='lat' dir='ltr'><strong>reprobabo:</strong></span> <span class='ocrx_word' id='word_1_539' title='bbox 719 5353 887 5408; x_wconf 87' lang='lat' dir='ltr'><strong>pauca</strong></span> <span class='ocrx_word' id='word_1_540' title='bbox 919 5339 982 5392; x_wconf 89' lang='lat' dir='ltr'><strong>de</strong></span> <span class='ocrx_word' id='word_1_541' title='bbox 1020 5340 1294 5408; x_wconf 87' lang='lat' dir='ltr'><strong>prophetis</strong></span> <span class='ocrx_word' id='word_1_542' title='bbox 1319 5339 1560 5408; x_wconf 73' lang='lat' dir='ltr'><strong>exempla</strong></span> <span class='ocrx_word' id='word_1_543' title='bbox 1593 5339 1755 5408; x_wconf 90' lang='lat' dir='ltr'><strong>repli-</strong></span> 
     </span>
    </p>
   </div>
   <div class='ocr_carea' id='block_1_72' title="bbox 175 5428 1756 5498">
    <p class='ocr_par' dir='ltr' id='par_1_72' title="bbox 175 5428 1756 5498">
     <span class='ocr_line' id='line_1_72' title="bbox 175 5428 1756 5498; baseline 0 -14"><span class='ocrx_word' id='word_1_544' title='bbox 175 5429 357 5485; x_wconf 88' lang='lat' dir='ltr'><strong>canda</strong></span> <span class='ocrx_word' id='word_1_545' title='bbox 388 5436 532 5482; x_wconf 90' lang='lat' dir='ltr'><strong>sunt.</strong></span> <span class='ocrx_word' id='word_1_546' title='bbox 577 5428 742 5483; x_wconf 84' lang='lat' dir='ltr'><strong>Amos</strong></span> <span class='ocrx_word' id='word_1_547' title='bbox 792 5429 1059 5498; x_wconf 88' lang='lat' dir='ltr'><strong>loquitur:</strong></span> <span class='ocrx_word' id='word_1_548' title='bbox 1104 5449 1120 5479; x_wconf 87' lang='grc'><strong>‹</strong></span> <span class='ocrx_word' id='word_1_549' title='bbox 1162 5429 1288 5484; x_wconf 69' lang='lat' dir='ltr'><strong>Haec</strong></span> <span class='ocrx_word' id='word_1_550' title='bbox 1320 5430 1449 5484; x_wconf 91' lang='lat' dir='ltr'><strong>dicit</strong></span> <span class='ocrx_word' id='word_1_551' title='bbox 1496 5430 1756 5484; x_wconf 90' lang='lat' dir='ltr'><strong>Dominus</strong></span> 
     </span>
    </p>
   </div>
   <div class='ocr_carea' id='block_1_73' title="bbox 179 5518 1756 5591">
    <p class='ocr_par' dir='ltr' id='par_1_73' title="bbox 179 5518 1756 5591">
     <span class='ocr_line' id='line_1_73' title="bbox 179 5518 1756 5591; baseline -0.001 -17"><span class='ocrx_word' id='word_1_552' title='bbox 179 5534 347 5588; x_wconf 76' lang='lat' dir='ltr'><strong>seper</strong></span> <span class='ocrx_word' id='word_1_553' title='bbox 399 5519 572 5591; x_wconf 88' lang='lat' dir='ltr'><strong>tribus</strong></span> <span class='ocrx_word' id='word_1_554' title='bbox 600 5518 963 5586; x_wconf 88' lang='lat' dir='ltr'><strong>impietatibns</strong></span> <span class='ocrx_word' id='word_1_555' title='bbox 1014 5519 1184 5580; x_wconf 88' lang='lat' dir='ltr'><strong>Moab,</strong></span> <span class='ocrx_word' id='word_1_556' title='bbox 1220 5528 1274 5574; x_wconf 89' lang='lat' dir='ltr'><strong>et</strong></span> <span class='ocrx_word' id='word_1_557' title='bbox 1319 5535 1483 5587; x_wconf 89' lang='lat' dir='ltr'><strong>super</strong></span> <span class='ocrx_word' id='word_1_558' title='bbox 1525 5529 1756 5588; x_wconf 88' lang='lat' dir='ltr'><strong>quatuor</strong></span> 
     </span>
    </p>
   </div>
   <div class='ocr_carea' id='block_1_74' title="bbox 180 5608 1760 5680">
    <p class='ocr_par' dir='ltr' id='par_1_74' title="bbox 180 5608 1760 5680">
     <span class='ocr_line' id='line_1_74' title="bbox 180 5608 1760 5680; baseline -0.001 -16"><span class='ocrx_word' id='word_1_559' title='bbox 180 5627 291 5665; x_wconf 90' lang='lat' dir='ltr'><strong>non</strong></span> <span class='ocrx_word' id='word_1_560' title='bbox 322 5608 612 5664; x_wconf 86' lang='lat' dir='ltr'><strong>aversabor</strong></span> <span class='ocrx_word' id='word_1_561' title='bbox 644 5625 789 5674; x_wconf 89' lang='lat' dir='ltr'><strong>eum,</strong></span> <span class='ocrx_word' id='word_1_562' title='bbox 813 5625 911 5680; x_wconf 91' lang='lat' dir='ltr'><strong>pro</strong></span> <span class='ocrx_word' id='word_1_563' title='bbox 934 5625 998 5665; x_wconf 89' lang='lat' dir='ltr'><strong>eo</strong></span> <span class='ocrx_word' id='word_1_564' title='bbox 1039 5611 1181 5679; x_wconf 89' lang='lat' dir='ltr'><strong>quod</strong></span> <span class='ocrx_word' id='word_1_565' title='bbox 1219 5609 1514 5664; x_wconf 90' lang='lat' dir='ltr'><strong>combussit</strong></span> <span class='ocrx_word' id='word_1_566' title='bbox 1535 5625 1654 5664; x_wconf 89' lang='lat' dir='ltr'><strong>ossa</strong></span> <span class='ocrx_word' id='word_1_567' title='bbox 1679 5624 1760 5662; x_wconf 85' lang='lat' dir='ltr'><strong>re-</strong></span> 
     </span>
    </p>
   </div>
   <div class='ocr_carea' id='block_1_75' title="bbox 179 5699 1757 5772">
    <p class='ocr_par' dir='ltr' id='par_1_75' title="bbox 179 5699 1757 5772">
     <span class='ocr_line' id='line_1_75' title="bbox 179 5699 1757 5772; baseline 0.001 -20"><span class='ocrx_word' id='word_1_568' title='bbox 179 5701 268 5772; x_wconf 84' lang='lat' dir='ltr'><strong>gis</strong></span> <span class='ocrx_word' id='word_1_569' title='bbox 313 5699 582 5768; x_wconf 54' lang='lat' dir='ltr'><strong>Idumaeas:</strong></span> <span class='ocrx_word' id='word_1_570' title='bbox 602 5699 655 5753; x_wconf 92' lang='lat' dir='ltr'><strong>in</strong></span> <span class='ocrx_word' id='word_1_571' title='bbox 709 5701 920 5756; x_wconf 90' lang='lat' dir='ltr'><strong>cineres</strong></span> <span class='ocrx_word' id='word_1_572' title='bbox 975 5700 1188 5772; x_wconf 78' lang='lat' dir='ltr'><strong>(Amos,</strong></span> <span class='ocrx_word' id='word_1_573' title='bbox 1223 5700 1316 5772; x_wconf 92' lang='grc' dir='ltr'>ιι).</span> <span class='ocrx_word' id='word_1_574' title='bbox 1362 5720 1380 5752; x_wconf 75' lang='grc' dir='ltr'><strong>ι</strong></span> <span class='ocrx_word' id='word_1_575' title='bbox 1425 5701 1563 5755; x_wconf 82' lang='lat' dir='ltr'><strong>Vere</strong></span> <span class='ocrx_word' id='word_1_576' title='bbox 1613 5701 1757 5755; x_wconf 91' lang='lat' dir='ltr'><strong>enim</strong></span> 
     </span>
    </p>
   </div>
   <div class='ocr_carea' id='block_1_76' title="bbox 181 5789 1753 5863">
    <p class='ocr_par' dir='ltr' id='par_1_76' title="bbox 181 5789 1753 5863">
     <span class='ocr_line' id='line_1_76' title="bbox 181 5789 1753 5863; baseline 0.001 -21"><span class='ocrx_word' id='word_1_577' title='bbox 181 5790 446 5860; x_wconf 80' lang='lat' dir='ltr'><strong>quidquid</strong></span> <span class='ocrx_word' id='word_1_578' title='bbox 501 5789 554 5843; x_wconf 92' lang='lat' dir='ltr'><strong>in</strong></span> <span class='ocrx_word' id='word_1_579' title='bbox 607 5791 804 5846; x_wconf 67' lang='lat' dir='ltr'><strong>smeulo</strong></span> <span class='ocrx_word' id='word_1_580' title='bbox 864 5792 1170 5863; x_wconf 84' lang='lat' dir='ltr'><strong>dogmatum</strong></span> <span class='ocrx_word' id='word_1_581' title='bbox 1224 5806 1598 5861; x_wconf 84' lang='lat' dir='ltr'><strong>perversurum</strong></span> <span class='ocrx_word' id='word_1_582' title='bbox 1653 5801 1753 5855; x_wconf 87' lang='lat' dir='ltr'><strong>est,</strong></span> 
     </span>
    </p>
   </div>
   <div class='ocr_carea' id='block_1_77' title="bbox 1857 1984 3441 2050">
    <p class='ocr_par' dir='ltr' id='par_1_77' title="bbox 1857 1984 3441 2050">
     <span class='ocr_line' id='line_1_77' title="bbox 1857 1984 3441 2050; baseline 0.001 -12"><span class='ocrx_word' id='word_1_583' title='bbox 1857 1985 1958 2038; x_wconf 91' lang='lat' dir='ltr'><strong>sub</strong></span> <span class='ocrx_word' id='word_1_584' title='bbox 1987 1985 2203 2039; x_wconf 90' lang='lat' dir='ltr'><strong>nomine</strong></span> <span class='ocrx_word' id='word_1_585' title='bbox 2227 1984 2400 2050; x_wconf 90' lang='lat' dir='ltr'><strong>Moab,</strong></span> <span class='ocrx_word' id='word_1_586' title='bbox 2429 1985 2589 2039; x_wconf 90' lang='lat' dir='ltr'><strong>stulta</strong></span> <span class='ocrx_word' id='word_1_587' title='bbox 2618 1985 2801 2040; x_wconf 70' lang='lat' dir='ltr'><strong>saeculi</strong></span> <span class='ocrx_word' id='word_1_588' title='bbox 2823 1986 2876 2039; x_wconf 90' lang='lat' dir='ltr'><strong>in</strong></span> <span class='ocrx_word' id='word_1_589' title='bbox 2906 1985 3099 2040; x_wconf 78' lang='lat' dir='ltr'><strong>ccelum</strong></span> <span class='ocrx_word' id='word_1_590' title='bbox 3127 2000 3184 2039; x_wconf 91' lang='lat' dir='ltr'><strong>se</strong></span> <span class='ocrx_word' id='word_1_591' title='bbox 3211 1984 3441 2040; x_wconf 86' lang='lat' dir='ltr'><strong>efferens</strong></span> 
     </span>
    </p>
   </div>
   <div class='ocr_carea' id='block_1_78' title="bbox 1859 2077 2464 2145">
    <p class='ocr_par' dir='ltr' id='par_1_78' title="bbox 1859 2077 2464 2145">
     <span class='ocr_line' id='line_1_78' title="bbox 1859 2077 2464 2145; baseline 0 -14"><span class='ocrx_word' id='word_1_592' title='bbox 1859 2077 2105 2145; x_wconf 87' lang='lat' dir='ltr'><strong>superbia</strong></span> <span class='ocrx_word' id='word_1_593' title='bbox 2132 2086 2464 2131; x_wconf 87' lang='lat' dir='ltr'><strong>conteratur.</strong></span> 
     </span>
    </p>
   </div>
   <div class='ocr_carea' id='block_1_79' title="bbox 1935 2167 3440 2247">
    <p class='ocr_par' dir='ltr' id='par_1_79' title="bbox 1935 2167 3440 2247">
     <span class='ocr_line' id='line_1_79' title="bbox 1935 2167 3440 2247; baseline 0 -26"><span class='ocrx_word' id='word_1_594' title='bbox 1935 2189 1953 2220; x_wconf 88' lang='grc'><strong><em>‹</em></strong></span> <span class='ocrx_word' id='word_1_595' title='bbox 1989 2169 2114 2224; x_wconf 63' lang='lat' dir='ltr'><strong>Haec.</strong></span> <span class='ocrx_word' id='word_1_596' title='bbox 2138 2170 2267 2224; x_wconf 88' lang='lat' dir='ltr'><strong>dicit</strong></span> <span class='ocrx_word' id='word_1_597' title='bbox 2293 2170 2550 2225; x_wconf 88' lang='lat' dir='ltr'><strong>Dominus</strong></span> <span class='ocrx_word' id='word_1_598' title='bbox 2572 2170 2718 2226; x_wconf 87' lang='lat' dir='ltr'><strong>Deus</strong></span> <span class='ocrx_word' id='word_1_599' title='bbox 2745 2169 2896 2247; x_wconf 83' lang='lat' dir='ltr'><strong>:_Pro</strong></span> <span class='ocrx_word' id='word_1_600' title='bbox 2918 2185 2989 2225; x_wconf 86' lang='lat' dir='ltr'><strong>eo</strong></span> <span class='ocrx_word' id='word_1_601' title='bbox 3004 2169 3146 2241; x_wconf 88' lang='lat' dir='ltr'><strong>quod</strong></span> <span class='ocrx_word' id='word_1_602' title='bbox 3170 2169 3295 2225; x_wconf 84' lang='lat' dir='ltr'><strong>fecit</strong></span> <span class='ocrx_word' id='word_1_603' title='bbox 3318 2167 3440 2222; x_wconf 86' lang='lat' dir='ltr'><strong>ldu-</strong></span> 
     </span>
    </p>
   </div>
   <div class='ocr_carea' id='block_1_80' title="bbox 1865 2251 3442 2329">
    <p class='ocr_par' dir='ltr' id='par_1_80' title="bbox 1865 2251 3442 2329">
     <span class='ocr_line' id='line_1_80' title="bbox 1865 2251 3442 2329; baseline 0.003 -19"><span class='ocrx_word' id='word_1_604' title='bbox 1865 2279 1882 2310; x_wconf 81' lang='grc' dir='ltr'><strong>ι</strong></span> <span class='ocrx_word' id='word_1_605' title='bbox 1921 2275 2054 2314; x_wconf 69' lang='lat' dir='ltr'><strong>lutea</strong></span> <span class='ocrx_word' id='word_1_606' title='bbox 2079 2260 2352 2325; x_wconf 85' lang='lat' dir='ltr'><strong>ultionem,</strong></span> <span class='ocrx_word' id='word_1_607' title='bbox 2383 2268 2520 2315; x_wconf 87' lang='lat' dir='ltr'><strong>utse</strong></span> <span class='ocrx_word' id='word_1_608' title='bbox 2554 2259 2853 2315; x_wconf 87' lang='lat' dir='ltr'><strong>vindicaret</strong></span> <span class='ocrx_word' id='word_1_609' title='bbox 2877 2260 2949 2315; x_wconf 87' lang='lat' dir='ltr'><strong>de</strong></span> <span class='ocrx_word' id='word_1_610' title='bbox 2988 2251 3113 2315; x_wconf 80' lang='lat' dir='ltr'><strong>ﬁliis</strong></span> <span class='ocrx_word' id='word_1_611' title='bbox 3153 2259 3286 2320; x_wconf 85' lang='lat' dir='ltr'><strong>Jnda</strong></span> <span class='ocrx_word' id='word_1_612' title='bbox 3314 2274 3442 2329; x_wconf 86' lang='lat' dir='ltr'><strong>pec-</strong></span> 
     </span>
    </p>
   </div>
   <div class='ocr_carea' id='block_1_81' title="bbox 1866 2335 3442 2419">
    <p class='ocr_par' dir='ltr' id='par_1_81' title="bbox 1866 2335 3442 2419">
     <span class='ocr_line' id='line_1_81' title="bbox 1866 2335 3442 2419; baseline 0.001 -17"><span class='ocrx_word' id='word_1_613' title='bbox 1866 2369 1883 2402; x_wconf 85' lang='grc' dir='ltr'><strong>ι</strong></span> <span class='ocrx_word' id='word_1_614' title='bbox 1921 2351 2171 2419; x_wconf 85' lang='lat' dir='ltr'><strong>cavitque</strong></span> <span class='ocrx_word' id='word_1_615' title='bbox 2229 2350 2562 2419; x_wconf 88' lang='lat' dir='ltr'><strong>delinquens,</strong></span> <span class='ocrx_word' id='word_1_616' title='bbox 2601 2359 2656 2404; x_wconf 89' lang='lat' dir='ltr'><strong>et</strong></span> <span class='ocrx_word' id='word_1_617' title='bbox 2713 2335 3008 2405; x_wconf 76' lang='lat' dir='ltr'><strong>vindictam</strong></span> <span class='ocrx_word' id='word_1_618' title='bbox 3059 2350 3322 2419; x_wconf 86' lang='lat' dir='ltr'><strong>expetivit</strong></span> <span class='ocrx_word' id='word_1_619' title='bbox 3373 2348 3442 2403; x_wconf 83' lang='lat' dir='ltr'><strong>de</strong></span> 
     </span>
    </p>
   </div>
   <div class='ocr_carea' id='block_1_82' title="bbox 1867 2440 3441 2499">
    <p class='ocr_par' dir='ltr' id='par_1_82' title="bbox 1867 2440 3441 2499">
     <span class='ocr_line' id='line_1_82' title="bbox 1867 2440 3441 2499; baseline 0.001 -7"><span class='ocrx_word' id='word_1_620' title='bbox 1867 2462 1884 2492; x_wconf 80' lang='grc' dir='ltr'><strong>ι</strong></span> <span class='ocrx_word' id='word_1_621' title='bbox 1923 2444 2018 2497; x_wconf 91' lang='lat' dir='ltr'><strong>eis.</strong></span> <span class='ocrx_word' id='word_1_622' title='bbox 2058 2441 2262 2496; x_wconf 88' lang='lat' dir='ltr'><strong>Idcirco</strong></span> <span class='ocrx_word' id='word_1_623' title='bbox 2295 2441 2426 2495; x_wconf 66' lang='lat' dir='ltr'><strong>haec</strong></span> <span class='ocrx_word' id='word_1_624' title='bbox 2459 2440 2589 2496; x_wconf 90' lang='lat' dir='ltr'><strong>dicit</strong></span> <span class='ocrx_word' id='word_1_625' title='bbox 2631 2441 2892 2495; x_wconf 84' lang='lat' dir='ltr'><strong>Dominus</strong></span> <span class='ocrx_word' id='word_1_626' title='bbox 2930 2442 3071 2495; x_wconf 90' lang='lat' dir='ltr'><strong>Deus</strong></span> <span class='ocrx_word' id='word_1_627' title='bbox 3094 2455 3107 2493; x_wconf 89' lang='lat'><strong>:</strong></span> <span class='ocrx_word' id='word_1_628' title='bbox 3132 2440 3441 2499; x_wconf 76' lang='lat' dir='ltr'><strong>Extendunt</strong></span> 
     </span>
    </p>
   </div>
   <div class='ocr_carea' id='block_1_83' title="bbox 1857 2531 3442 2605">
    <p class='ocr_par' dir='ltr' id='par_1_83' title="bbox 1857 2531 3442 2605">
     <span class='ocr_line' id='line_1_83' title="bbox 1857 2531 3442 2605; baseline 0.001 -20"><span class='ocrx_word' id='word_1_629' title='bbox 1857 2541 1884 2584; x_wconf 74' lang='grc' dir='ltr'><strong>ἰ</strong></span> <span class='ocrx_word' id='word_1_630' title='bbox 1920 2545 2136 2586; x_wconf 90' lang='lat' dir='ltr'><strong>manum</strong></span> <span class='ocrx_word' id='word_1_631' title='bbox 2169 2547 2343 2587; x_wconf 88' lang='lat' dir='ltr'><strong>meam</strong></span> <span class='ocrx_word' id='word_1_632' title='bbox 2375 2548 2536 2601; x_wconf 89' lang='lat' dir='ltr'><strong>super</strong></span> <span class='ocrx_word' id='word_1_633' title='bbox 2560 2531 2868 2594; x_wconf 77' lang='lat' dir='ltr'><strong>Idumznam,</strong></span> <span class='ocrx_word' id='word_1_634' title='bbox 2905 2541 2962 2587; x_wconf 92' lang='lat' dir='ltr'><strong>et</strong></span> <span class='ocrx_word' id='word_1_635' title='bbox 2987 2531 3228 2605; x_wconf 79' lang='lat' dir='ltr'><strong>auferam</strong></span> <span class='ocrx_word' id='word_1_636' title='bbox 3269 2532 3336 2586; x_wconf 88' lang='lat' dir='ltr'><strong>de</strong></span> <span class='ocrx_word' id='word_1_637' title='bbox 3376 2545 3442 2587; x_wconf 83' lang='lat' dir='ltr'><strong>ea</strong></span> 
     </span>
    </p>
   </div>
   <div class='ocr_carea' id='block_1_84' title="bbox 1869 2622 3442 2692">
    <p class='ocr_par' dir='ltr' id='par_1_84' title="bbox 1869 2622 3442 2692">
     <span class='ocr_line' id='line_1_84' title="bbox 1869 2622 3442 2692; baseline 0.001 -18"><span class='ocrx_word' id='word_1_638' title='bbox 1869 2641 1886 2674; x_wconf 80' lang='grc' dir='ltr'><strong>ι</strong></span> <span class='ocrx_word' id='word_1_639' title='bbox 1931 2623 2204 2678; x_wconf 91' lang='lat' dir='ltr'><strong>hominem</strong></span> <span class='ocrx_word' id='word_1_640' title='bbox 2254 2631 2305 2677; x_wconf 91' lang='lat' dir='ltr'><strong>et</strong></span> <span class='ocrx_word' id='word_1_641' title='bbox 2328 2623 2652 2692; x_wconf 73' lang='lat' dir='ltr'><strong>iumentum.</strong></span> <span class='ocrx_word' id='word_1_642' title='bbox 2684 2623 2751 2676; x_wconf 85' lang='lat' dir='ltr'><strong>Et</strong></span> <span class='ocrx_word' id='word_1_643' title='bbox 2779 2622 2972 2677; x_wconf 87' lang='lat' dir='ltr'><strong>faciam</strong></span> <span class='ocrx_word' id='word_1_644' title='bbox 3022 2637 3141 2676; x_wconf 88' lang='lat' dir='ltr'><strong>eam</strong></span> <span class='ocrx_word' id='word_1_645' title='bbox 3170 2623 3442 2676; x_wconf 83' lang='lat' dir='ltr'><strong>desertam</strong></span> 
     </span>
    </p>
   </div>
   <div class='ocr_carea' id='block_1_85' title="bbox 1869 2696 3442 2787">
    <p class='ocr_par' dir='ltr' id='par_1_85' title="bbox 1869 2696 3442 2787">
     <span class='ocr_line' id='line_1_85' title="bbox 1869 2696 3442 2787; baseline 0.002 -25"><span class='ocrx_word' id='word_1_646' title='bbox 1869 2732 1885 2762; x_wconf 89' lang='grc'><em>‹</em></span> <span class='ocrx_word' id='word_1_647' title='bbox 1930 2712 1997 2766; x_wconf 91' lang='lat' dir='ltr'><strong>ab</strong></span> <span class='ocrx_word' id='word_1_648' title='bbox 2028 2718 2231 2766; x_wconf 88' lang='lat' dir='ltr'><strong>austro.</strong></span> <span class='ocrx_word' id='word_1_649' title='bbox 2267 2711 2332 2765; x_wconf 85' lang='lat' dir='ltr'><strong>Et</strong></span> <span class='ocrx_word' id='word_1_650' title='bbox 2359 2712 2449 2781; x_wconf 86' lang='lat' dir='ltr'><strong>qui</strong></span> <span class='ocrx_word' id='word_1_651' title='bbox 2479 2712 2684 2787; x_wconf 78' lang='lat' dir='ltr'><strong>suntin</strong></span> <span class='ocrx_word' id='word_1_652' title='bbox 2714 2712 2893 2766; x_wconf 90' lang='lat' dir='ltr'><strong>Dedan</strong></span> <span class='ocrx_word' id='word_1_653' title='bbox 2922 2696 3100 2779; x_wconf 86' lang='lat' dir='ltr'><strong>gladio</strong></span> <span class='ocrx_word' id='word_1_654' title='bbox 3127 2709 3340 2768; x_wconf 83' lang='lat' dir='ltr'><strong>cadent.</strong></span> <span class='ocrx_word' id='word_1_655' title='bbox 3373 2709 3442 2765; x_wconf 85' lang='lat' dir='ltr'><strong>Et</strong></span> 
     </span>
    </p>
   </div>
   <div class='ocr_carea' id='block_1_86' title="bbox 1870 2803 3441 2872">
    <p class='ocr_par' dir='ltr' id='par_1_86' title="bbox 1870 2803 3441 2872">
     <span class='ocr_line' id='line_1_86' title="bbox 1870 2803 3441 2872; baseline 0.001 -18"><span class='ocrx_word' id='word_1_656' title='bbox 1870 2823 1888 2854; x_wconf 83' lang='lat'><strong>(</strong></span> <span class='ocrx_word' id='word_1_657' title='bbox 1927 2805 2063 2859; x_wconf 88' lang='lat' dir='ltr'><strong>dabo</strong></span> <span class='ocrx_word' id='word_1_658' title='bbox 2085 2803 2344 2858; x_wconf 89' lang='lat' dir='ltr'><strong>ultionem</strong></span> <span class='ocrx_word' id='word_1_659' title='bbox 2382 2819 2554 2858; x_wconf 86' lang='lat' dir='ltr'><strong>meam</strong></span> <span class='ocrx_word' id='word_1_660' title='bbox 2604 2818 2766 2871; x_wconf 79' lang='lat' dir='ltr'><strong>super</strong></span> <span class='ocrx_word' id='word_1_661' title='bbox 2790 2803 3076 2857; x_wconf 67' lang='lat' dir='ltr'><strong>Idumaeam</strong></span> <span class='ocrx_word' id='word_1_662' title='bbox 3099 2817 3196 2872; x_wconf 88' lang='lat' dir='ltr'><strong>per</strong></span> <span class='ocrx_word' id='word_1_663' title='bbox 3223 2815 3441 2870; x_wconf 83' lang='lat' dir='ltr'><strong>manum</strong></span> 
     </span>
    </p>
   </div>
   <div class='ocr_carea' id='block_1_87' title="bbox 1871 2891 3440 2966">
    <p class='ocr_par' dir='ltr' id='par_1_87' title="bbox 1871 2891 3440 2966">
     <span class='ocr_line' id='line_1_87' title="bbox 1871 2891 3440 2966; baseline 0 -22"><span class='ocrx_word' id='word_1_664' title='bbox 1871 2915 1886 2944; x_wconf 87' lang='grc'><em>‹</em></span> <span class='ocrx_word' id='word_1_665' title='bbox 1927 2894 2242 2966; x_wconf 82' lang='lat' dir='ltr'><strong>populi&#39;mei</strong></span> <span class='ocrx_word' id='word_1_666' title='bbox 2293 2893 2476 2948; x_wconf 88' lang='lat' dir='ltr'><strong>Israel.</strong></span> <span class='ocrx_word' id='word_1_667' title='bbox 2509 2894 2575 2948; x_wconf 88' lang='lat' dir='ltr'><strong>Et</strong></span> <span class='ocrx_word' id='word_1_668' title='bbox 2624 2892 2818 2946; x_wconf 84' lang='lat' dir='ltr'><strong>faciam</strong></span> <span class='ocrx_word' id='word_1_669' title='bbox 2850 2893 2902 2946; x_wconf 91' lang='lat' dir='ltr'><strong>in</strong></span> <span class='ocrx_word' id='word_1_670' title='bbox 2936 2893 3102 2947; x_wconf 88' lang='lat' dir='ltr'><strong>Edom</strong></span> <span class='ocrx_word' id='word_1_671' title='bbox 3123 2891 3276 2960; x_wconf 83' lang='lat' dir='ltr'><strong>juxta</strong></span> <span class='ocrx_word' id='word_1_672' title='bbox 3304 2892 3440 2944; x_wconf 89' lang='lat' dir='ltr'><strong>iram</strong></span> 
     </span>
    </p>
   </div>
   <div class='ocr_carea' id='block_1_88' title="bbox 1870 2984 3441 3054">
    <p class='ocr_par' dir='ltr' id='par_1_88' title="bbox 1870 2984 3441 3054">
     <span class='ocr_line' id='line_1_88' title="bbox 1870 2984 3441 3054; baseline 0.001 -18"><span class='ocrx_word' id='word_1_673' title='bbox 1870 3005 1887 3036; x_wconf 76' lang='grc' dir='ltr'><strong>ι</strong></span> <span class='ocrx_word' id='word_1_674' title='bbox 1929 3001 2102 3040; x_wconf 92' lang='lat' dir='ltr'><strong>meam</strong></span> <span class='ocrx_word' id='word_1_675' title='bbox 2136 2994 2190 3039; x_wconf 91' lang='lat' dir='ltr'><strong>et</strong></span> <span class='ocrx_word' id='word_1_676' title='bbox 2226 2984 2464 3040; x_wconf 88' lang='lat' dir='ltr'><strong>furorem</strong></span> <span class='ocrx_word' id='word_1_677' title='bbox 2492 3000 2688 3046; x_wconf 88' lang='lat' dir='ltr'><strong>meum,</strong></span> <span class='ocrx_word' id='word_1_678' title='bbox 2726 2994 2781 3039; x_wconf 91' lang='lat' dir='ltr'><strong>et</strong></span> <span class='ocrx_word' id='word_1_679' title='bbox 2804 2986 2976 3040; x_wconf 88' lang='lat' dir='ltr'><strong>scient</strong></span> <span class='ocrx_word' id='word_1_680' title='bbox 3021 2985 3441 3054; x_wconf 83' lang='lat' dir='ltr'><strong>indignationem</strong></span> 
     </span>
    </p>
   </div>
   <div class='ocr_carea' id='block_1_89' title="bbox 1870 3075 3504 3146">
    <p class='ocr_par' dir='ltr' id='par_1_89' title="bbox 1870 3075 3504 3146">
     <span class='ocr_line' id='line_1_89' title="bbox 1870 3075 3504 3146; baseline -0.001 -17"><span class='ocrx_word' id='word_1_681' title='bbox 1870 3097 1887 3129; x_wconf 85' lang='grc' dir='ltr'><strong>ι</strong></span> <span class='ocrx_word' id='word_1_682' title='bbox 1932 3092 2128 3142; x_wconf 90' lang='lat' dir='ltr'><strong>meam,</strong></span> <span class='ocrx_word' id='word_1_683' title='bbox 2155 3078 2286 3132; x_wconf 85' lang='lat' dir='ltr'><strong>dicit</strong></span> <span class='ocrx_word' id='word_1_684' title='bbox 2329 3077 2588 3131; x_wconf 91' lang='lat' dir='ltr'><strong>Dominus</strong></span> <span class='ocrx_word' id='word_1_685' title='bbox 2641 3076 2803 3130; x_wconf 82' lang='lat' dir='ltr'><strong>Deus.</strong></span> <span class='ocrx_word' id='word_1_686' title='bbox 2835 3095 2854 3126; x_wconf 79' lang='grc'><strong><em>›</em></strong></span> <span class='ocrx_word' id='word_1_687' title='bbox 2887 3075 3060 3145; x_wconf 87' lang='lat' dir='ltr'><strong>Supra</strong></span> <span class='ocrx_word' id='word_1_688' title='bbox 3095 3076 3201 3130; x_wconf 92' lang='lat' dir='ltr'><strong>duo</strong></span> <span class='ocrx_word' id='word_1_689' title='bbox 3246 3091 3442 3146; x_wconf 83' lang='lat' dir='ltr'><strong>propo—</strong></span> <span class='ocrx_word' id='word_1_690' title='bbox 3501 3101 3504 3105; x_wconf 88' lang='lat'><em>-</em></span> 
     </span>
    </p>
   </div>
   <div class='ocr_carea' id='block_1_90' title="bbox 1865 3165 3444 3236">
    <p class='ocr_par' dir='ltr' id='par_1_90' title="bbox 1865 3165 3444 3236">
     <span class='ocr_line' id='line_1_90' title="bbox 1865 3165 3444 3236; baseline -0.003 -14"><span class='ocrx_word' id='word_1_691' title='bbox 1865 3178 2110 3233; x_wconf 85' lang='lat' dir='ltr'><strong>suerunt,</strong></span> <span class='ocrx_word' id='word_1_692' title='bbox 2152 3183 2253 3236; x_wconf 93' lang='lat' dir='ltr'><strong>pro</strong></span> <span class='ocrx_word' id='word_1_693' title='bbox 2291 3183 2356 3221; x_wconf 87' lang='lat' dir='ltr'><strong>eo</strong></span> <span class='ocrx_word' id='word_1_694' title='bbox 2393 3166 2535 3236; x_wconf 88' lang='lat' dir='ltr'><strong>quod</strong></span> <span class='ocrx_word' id='word_1_695' title='bbox 2579 3167 2828 3220; x_wconf 74' lang='lat' dir='ltr'><strong>dixerunt</strong></span> <span class='ocrx_word' id='word_1_696' title='bbox 2875 3165 3029 3220; x_wconf 88' lang='lat' dir='ltr'><strong>Moab</strong></span> <span class='ocrx_word' id='word_1_697' title='bbox 3074 3175 3128 3220; x_wconf 88' lang='lat' dir='ltr'><strong>et</strong></span> <span class='ocrx_word' id='word_1_698' title='bbox 3172 3165 3296 3220; x_wconf 91' lang='lat' dir='ltr'><strong>Seir</strong></span> <span class='ocrx_word' id='word_1_699' title='bbox 3337 3183 3349 3219; x_wconf 90' lang='lat'><strong>:</strong></span> <span class='ocrx_word' id='word_1_700' title='bbox 3390 3173 3444 3219; x_wconf 89' lang='lat' dir='ltr'><strong>et</strong></span> 
     </span>
    </p>
   </div>
   <div class='ocr_carea' id='block_1_91' title="bbox 1819 3254 3443 3326">
    <p class='ocr_par' dir='ltr' id='par_1_91' title="bbox 1819 3254 3443 3326">
     <span class='ocr_line' id='line_1_91' title="bbox 1819 3254 3443 3326; baseline -0.002 -15"><span class='ocrx_word' id='word_1_701' title='bbox 1819 3258 1832 3279; x_wconf 86' lang='lat'>‘</span> <span class='ocrx_word' id='word_1_702' title='bbox 1865 3266 2050 3326; x_wconf 87' lang='lat' dir='ltr'><strong>postea</strong></span> <span class='ocrx_word' id='word_1_703' title='bbox 2080 3257 2146 3311; x_wconf 89' lang='lat' dir='ltr'><strong>de</strong></span> <span class='ocrx_word' id='word_1_704' title='bbox 2186 3255 2307 3311; x_wconf 86' lang='lat' dir='ltr'><strong>Seir</strong></span> <span class='ocrx_word' id='word_1_705' title='bbox 2331 3265 2531 3317; x_wconf 85' lang='lat' dir='ltr'><strong>tacens,</strong></span> <span class='ocrx_word' id='word_1_706' title='bbox 2571 3263 2756 3308; x_wconf 88' lang='lat' dir='ltr'><strong>contra</strong></span> <span class='ocrx_word' id='word_1_707' title='bbox 2805 3254 2958 3309; x_wconf 90' lang='lat' dir='ltr'><strong>Moab</strong></span> <span class='ocrx_word' id='word_1_708' title='bbox 2989 3262 3198 3326; x_wconf 83' lang='lat' dir='ltr'><strong>tantum</strong></span> <span class='ocrx_word' id='word_1_709' title='bbox 3231 3254 3443 3308; x_wconf 88' lang='lat' dir='ltr'><strong>locutus</strong></span> 
     </span>
    </p>
   </div>
   <div class='ocr_carea' id='block_1_92' title="bbox 1863 3343 3445 3416">
    <p class='ocr_par' dir='ltr' id='par_1_92' title="bbox 1863 3343 3445 3416">
     <span class='ocr_line' id='line_1_92' title="bbox 1863 3343 3445 3416; baseline -0.004 -13"><span class='ocrx_word' id='word_1_710' title='bbox 1863 3356 1961 3403; x_wconf 89' lang='lat' dir='ltr'><strong>est.</strong></span> <span class='ocrx_word' id='word_1_711' title='bbox 1997 3347 2146 3401; x_wconf 87' lang='lat' dir='ltr'><strong>Nunc</strong></span> <span class='ocrx_word' id='word_1_712' title='bbox 2198 3346 2373 3402; x_wconf 84' lang='lat' dir='ltr'><strong>reddit</strong></span> <span class='ocrx_word' id='word_1_713' title='bbox 2417 3355 2650 3415; x_wconf 71' lang='lat' dir='ltr'><strong>emptum</strong></span> <span class='ocrx_word' id='word_1_714' title='bbox 2690 3345 2965 3416; x_wconf 90' lang='lat' dir='ltr'><strong>problema</strong></span> <span class='ocrx_word' id='word_1_715' title='bbox 3015 3345 3142 3413; x_wconf 88' lang='lat' dir='ltr'><strong>quid</strong></span> <span class='ocrx_word' id='word_1_716' title='bbox 3171 3343 3313 3408; x_wconf 84' lang='lat' dir='ltr'><strong>Seir,</strong></span> <span class='ocrx_word' id='word_1_717' title='bbox 3343 3344 3445 3402; x_wconf 91' lang='lat' dir='ltr'><strong>hoc</strong></span> 
     </span>
    </p>
   </div>
   <div class='ocr_carea' id='block_1_93' title="bbox 1861 3434 3477 3503">
    <p class='ocr_par' dir='ltr' id='par_1_93' title="bbox 1861 3434 3477 3503">
     <span class='ocr_line' id='line_1_93' title="bbox 1861 3434 3477 3503; baseline -0.002 -10"><span class='ocrx_word' id='word_1_718' title='bbox 1861 3446 1943 3494; x_wconf 91' lang='lat' dir='ltr'><strong>est</strong></span> <span class='ocrx_word' id='word_1_719' title='bbox 1969 3438 2224 3503; x_wconf 70' lang='lat' dir='ltr'><strong>Idumaea,</strong></span> <span class='ocrx_word' id='word_1_720' title='bbox 2269 3437 2476 3491; x_wconf 86' lang='lat' dir='ltr'><strong>fecerit.</strong></span> <span class='ocrx_word' id='word_1_721' title='bbox 2530 3435 2681 3503; x_wconf 84' lang='lat' dir='ltr'><strong>Quod</strong></span> <span class='ocrx_word' id='word_1_722' title='bbox 2725 3436 2888 3501; x_wconf 86' lang='lat' dir='ltr'><strong>Esau,</strong></span> <span class='ocrx_word' id='word_1_723' title='bbox 2925 3445 2979 3490; x_wconf 90' lang='lat' dir='ltr'><strong>et</strong></span> <span class='ocrx_word' id='word_1_724' title='bbox 3008 3434 3150 3501; x_wconf 90' lang='lat' dir='ltr'><strong>Seir,</strong></span> <span class='ocrx_word' id='word_1_725' title='bbox 3175 3445 3228 3498; x_wconf 83' lang='lat' dir='ltr'><strong>ct</strong></span> <span class='ocrx_word' id='word_1_726' title='bbox 3253 3435 3441 3496; x_wconf 88' lang='lat' dir='ltr'><strong>Edom,</strong></span> <span class='ocrx_word' id='word_1_727' title='bbox 3475 3437 3477 3439; x_wconf 80' lang='grc'><strong>’</strong></span> 
     </span>
    </p>
   </div>
   <div class='ocr_carea' id='block_1_94' title="bbox 1862 3525 3444 3596">
    <p class='ocr_par' dir='ltr' id='par_1_94' title="bbox 1862 3525 3444 3596">
     <span class='ocr_line' id='line_1_94' title="bbox 1862 3525 3444 3596; baseline -0.001 -14"><span class='ocrx_word' id='word_1_728' title='bbox 1862 3536 1916 3582; x_wconf 92' lang='lat' dir='ltr'><strong>et</strong></span> <span class='ocrx_word' id='word_1_729' title='bbox 1941 3527 2192 3590; x_wconf 71' lang='lat' dir='ltr'><strong>Idumam,</strong></span> <span class='ocrx_word' id='word_1_730' title='bbox 2235 3534 2289 3579; x_wconf 88' lang='lat' dir='ltr'><strong>et</strong></span> <span class='ocrx_word' id='word_1_731' title='bbox 2340 3525 2530 3590; x_wconf 89' lang='lat' dir='ltr'><strong>Duma,</strong></span> <span class='ocrx_word' id='word_1_732' title='bbox 2586 3540 2692 3580; x_wconf 88' lang='lat' dir='ltr'><strong>una</strong></span> <span class='ocrx_word' id='word_1_733' title='bbox 2744 3541 2878 3595; x_wconf 85' lang='lat' dir='ltr'><strong>gens</strong></span> <span class='ocrx_word' id='word_1_734' title='bbox 2932 3525 3298 3596; x_wconf 80' lang='lat' dir='ltr'><strong>appellentur,</strong></span> <span class='ocrx_word' id='word_1_735' title='bbox 3337 3540 3444 3580; x_wconf 89' lang='lat' dir='ltr'><strong>non</strong></span> 
     </span>
    </p>
   </div>
   <div class='ocr_carea' id='block_1_95' title="bbox 1863 3613 3445 3688">
    <p class='ocr_par' dir='ltr' id='par_1_95' title="bbox 1863 3613 3445 3688">
     <span class='ocr_line' id='line_1_95' title="bbox 1863 3613 3445 3688; baseline -0.003 -16"><span class='ocrx_word' id='word_1_736' title='bbox 1863 3619 2098 3688; x_wconf 87' lang='lat' dir='ltr'><strong>ambiget</strong></span> <span class='ocrx_word' id='word_1_737' title='bbox 2153 3617 2244 3686; x_wconf 88' lang='lat' dir='ltr'><strong>qui</strong></span> <span class='ocrx_word' id='word_1_738' title='bbox 2301 3617 2582 3672; x_wconf 80' lang='lat' dir='ltr'><strong>scientiam</strong></span> <span class='ocrx_word' id='word_1_739' title='bbox 2629 3613 2879 3669; x_wconf 83' lang='lat' dir='ltr'><strong>habuerit</strong></span> <span class='ocrx_word' id='word_1_740' title='bbox 2921 3614 3343 3684; x_wconf 85' lang='lat' dir='ltr'><strong>Scripturarum.</strong></span> <span class='ocrx_word' id='word_1_741' title='bbox 3378 3614 3445 3667; x_wconf 86' lang='lat' dir='ltr'><strong>Et</strong></span> 
     </span>
    </p>
   </div>
   <div class='ocr_carea' id='block_1_96' title="bbox 1861 3703 3442 3774">
    <p class='ocr_par' dir='ltr' id='par_1_96' title="bbox 1861 3703 3442 3774">
     <span class='ocr_line' id='line_1_96' title="bbox 1861 3703 3442 3774; baseline -0.003 -15"><span class='ocrx_word' id='word_1_742' title='bbox 1861 3714 1922 3760; x_wconf 89' lang='lat' dir='ltr'><strong>ut</strong></span> <span class='ocrx_word' id='word_1_743' title='bbox 1963 3707 2028 3761; x_wconf 88' lang='lat' dir='ltr'><strong>de</strong></span> <span class='ocrx_word' id='word_1_744' title='bbox 2087 3707 2296 3761; x_wconf 62' lang='lat' dir='ltr'><strong>caeteris</strong></span> <span class='ocrx_word' id='word_1_745' title='bbox 2339 3706 2614 3774; x_wconf 80' lang='lat' dir='ltr'><strong>prophetis</strong></span> <span class='ocrx_word' id='word_1_746' title='bbox 2664 3712 2902 3766; x_wconf 81' lang='lat' dir='ltr'><strong>taceam,</strong></span> <span class='ocrx_word' id='word_1_747' title='bbox 2942 3704 3107 3768; x_wconf 86' lang='lat' dir='ltr'><strong>Isaia,</strong></span> <span class='ocrx_word' id='word_1_748' title='bbox 3147 3703 3442 3766; x_wconf 87' lang='lat' dir='ltr'><strong>Jeremias,</strong></span> 
     </span>
    </p>
   </div>
   <div class='ocr_carea' id='block_1_97' title="bbox 1860 3793 3446 3864">
    <p class='ocr_par' dir='ltr' id='par_1_97' title="bbox 1860 3793 3446 3864">
     <span class='ocr_line' id='line_1_97' title="bbox 1860 3793 3446 3864; baseline 0 -16"><span class='ocrx_word' id='word_1_749' title='bbox 1860 3796 2056 3859; x_wconf 83' lang='lat' dir='ltr'><strong>Amos,</strong></span> <span class='ocrx_word' id='word_1_750' title='bbox 2088 3795 2178 3864; x_wconf 92' lang='lat' dir='ltr'><strong>qui</strong></span> <span class='ocrx_word' id='word_1_751' title='bbox 2227 3805 2412 3848; x_wconf 90' lang='lat' dir='ltr'><strong>contra</strong></span> <span class='ocrx_word' id='word_1_752' title='bbox 2455 3794 2764 3859; x_wconf 68' lang='lat' dir='ltr'><strong>Idumaaam,</strong></span> <span class='ocrx_word' id='word_1_753' title='bbox 2795 3803 2850 3847; x_wconf 91' lang='lat' dir='ltr'><strong>et</strong></span> <span class='ocrx_word' id='word_1_754' title='bbox 2894 3793 3151 3857; x_wconf 85' lang='lat' dir='ltr'><strong>Dumam,</strong></span> <span class='ocrx_word' id='word_1_755' title='bbox 3176 3803 3230 3846; x_wconf 90' lang='lat' dir='ltr'><strong>et</strong></span> <span class='ocrx_word' id='word_1_756' title='bbox 3275 3793 3446 3848; x_wconf 85' lang='lat' dir='ltr'><strong>Edom</strong></span> 
     </span>
    </p>
   </div>
   <div class='ocr_carea' id='block_1_98' title="bbox 1861 3883 3441 3953">
    <p class='ocr_par' dir='ltr' id='par_1_98' title="bbox 1861 3883 3441 3953">
     <span class='ocr_line' id='line_1_98' title="bbox 1861 3883 3441 3953; baseline 0 -17"><span class='ocrx_word' id='word_1_757' title='bbox 1861 3886 2136 3951; x_wconf 86' lang='lat' dir='ltr'><strong>vaticinati</strong></span> <span class='ocrx_word' id='word_1_758' title='bbox 2189 3893 2343 3949; x_wconf 90' lang='lat' dir='ltr'><strong>sunt;</strong></span> <span class='ocrx_word' id='word_1_759' title='bbox 2381 3883 2584 3939; x_wconf 76' lang='lat' dir='ltr'><strong>Abdias</strong></span> <span class='ocrx_word' id='word_1_760' title='bbox 2613 3885 2872 3953; x_wconf 87' lang='lat' dir='ltr'><strong>propheta</strong></span> <span class='ocrx_word' id='word_1_761' title='bbox 2901 3891 3064 3937; x_wconf 90' lang='lat' dir='ltr'><strong>totam</strong></span> <span class='ocrx_word' id='word_1_762' title='bbox 3102 3884 3441 3953; x_wconf 88' lang='lat' dir='ltr'><strong>prophetiam</strong></span> 
     </span>
    </p>
   </div>
   <div class='ocr_carea' id='block_1_99' title="bbox 1862 3974 3442 4047">
    <p class='ocr_par' dir='ltr' id='par_1_99' title="bbox 1862 3974 3442 4047">
     <span class='ocr_line' id='line_1_99' title="bbox 1862 3974 3442 4047; baseline -0.002 -16"><span class='ocrx_word' id='word_1_763' title='bbox 1862 3986 2047 4031; x_wconf 90' lang='lat' dir='ltr'><strong>contra</strong></span> <span class='ocrx_word' id='word_1_764' title='bbox 2069 3977 2212 4031; x_wconf 89' lang='lat' dir='ltr'><strong>hanc</strong></span> <span class='ocrx_word' id='word_1_765' title='bbox 2237 3976 2421 4047; x_wconf 81' lang='lat' dir='ltr'><strong>dirigit</strong></span> <span class='ocrx_word' id='word_1_766' title='bbox 2450 3976 2742 4039; x_wconf 88' lang='lat' dir='ltr'><strong>nationem,</strong></span> <span class='ocrx_word' id='word_1_767' title='bbox 2771 3991 2929 4044; x_wconf 91' lang='lat' dir='ltr'><strong>quem</strong></span> <span class='ocrx_word' id='word_1_768' title='bbox 2948 3984 3004 4028; x_wconf 91' lang='lat' dir='ltr'><strong>ut</strong></span> <span class='ocrx_word' id='word_1_769' title='bbox 3030 3974 3442 4042; x_wconf 74' lang='lat' dir='ltr'><strong>potnimusolim</strong></span> 
     </span>
    </p>
   </div>
   <div class='ocr_carea' id='block_1_100' title="bbox 1864 4060 3443 4138">
    <p class='ocr_par' dir='ltr' id='par_1_100' title="bbox 1864 4060 3443 4138">
     <span class='ocr_line' id='line_1_100' title="bbox 1864 4060 3443 4138; baseline -0.002 -15"><span class='ocrx_word' id='word_1_770' title='bbox 1864 4060 2234 4124; x_wconf 81' lang='lat' dir='ltr'><strong>disseruimus.</strong></span> <span class='ocrx_word' id='word_1_771' title='bbox 2274 4067 2532 4138; x_wconf 74' lang='lat' dir='ltr'><strong>Arguitur</strong></span> <span class='ocrx_word' id='word_1_772' title='bbox 2574 4067 2738 4136; x_wconf 86' lang='lat' dir='ltr'><strong>igitur</strong></span> <span class='ocrx_word' id='word_1_773' title='bbox 2783 4065 2924 4130; x_wconf 88' lang='lat' dir='ltr'><strong>Seir,</strong></span> <span class='ocrx_word' id='word_1_774' title='bbox 2977 4067 3068 4134; x_wconf 88' lang='lat' dir='ltr'><strong>qui</strong></span> <span class='ocrx_word' id='word_1_775' title='bbox 3100 4066 3223 4134; x_wconf 86' lang='lat' dir='ltr'><strong>quia</strong></span> <span class='ocrx_word' id='word_1_776' title='bbox 3272 4066 3443 4135; x_wconf 86' lang='lat' dir='ltr'><strong>hispi-</strong></span> 
     </span>
    </p>
   </div>
   <div class='ocr_carea' id='block_1_101' title="bbox 1863 4155 3440 4228">
    <p class='ocr_par' dir='ltr' id='par_1_101' title="bbox 1863 4155 3440 4228">
     <span class='ocr_line' id='line_1_101' title="bbox 1863 4155 3440 4228; baseline -0.003 -13"><span class='ocrx_word' id='word_1_777' title='bbox 1863 4162 1961 4216; x_wconf 89' lang='lat' dir='ltr'><strong>dus</strong></span> <span class='ocrx_word' id='word_1_778' title='bbox 1989 4168 2106 4215; x_wconf 89' lang='lat' dir='ltr'><strong>erat</strong></span> <span class='ocrx_word' id='word_1_779' title='bbox 2152 4159 2303 4228; x_wconf 89' lang='lat' dir='ltr'><strong>pilosi</strong></span> <span class='ocrx_word' id='word_1_780' title='bbox 2333 4173 2527 4212; x_wconf 89' lang='lat' dir='ltr'><strong>nomen</strong></span> <span class='ocrx_word' id='word_1_781' title='bbox 2564 4157 2792 4227; x_wconf 89' lang='lat' dir='ltr'><strong>accepit.</strong></span> <span class='ocrx_word' id='word_1_782' title='bbox 2829 4157 2895 4210; x_wconf 88' lang='lat' dir='ltr'><strong>Et</strong></span> <span class='ocrx_word' id='word_1_783' title='bbox 2928 4155 3095 4210; x_wconf 84' lang='lat' dir='ltr'><strong>Edqu</strong></span> <span class='ocrx_word' id='word_1_784' title='bbox 3151 4158 3440 4226; x_wconf 86' lang='lat' dir='ltr'><strong>sanguina-</strong></span> 
     </span>
    </p>
   </div>
   <div class='ocr_carea' id='block_1_102' title="bbox 1861 4249 3442 4323">
    <p class='ocr_par' dir='ltr' id='par_1_102' title="bbox 1861 4249 3442 4323">
     <span class='ocr_line' id='line_1_102' title="bbox 1861 4249 3442 4323; baseline -0.004 -13"><span class='ocrx_word' id='word_1_785' title='bbox 1861 4257 1992 4318; x_wconf 90' lang='lat' dir='ltr'><strong>rius,</strong></span> <span class='ocrx_word' id='word_1_786' title='bbox 2022 4253 2114 4323; x_wconf 87' lang='lat' dir='ltr'><strong>qui</strong></span> <span class='ocrx_word' id='word_1_787' title='bbox 2141 4253 2210 4307; x_wconf 92' lang='lat' dir='ltr'><strong>ob</strong></span> <span class='ocrx_word' id='word_1_788' title='bbox 2254 4251 2519 4321; x_wconf 77' lang='lat' dir='ltr'><strong>lenticulae</strong></span> <span class='ocrx_word' id='word_1_789' title='bbox 2564 4250 2694 4305; x_wconf 72' lang='lat' dir='ltr'><strong>rufre</strong></span> <span class='ocrx_word' id='word_1_790' title='bbox 2729 4250 3030 4305; x_wconf 69' lang='lat' dir='ltr'><strong>&#39;coctionem</strong></span> <span class='ocrx_word' id='word_1_791' title='bbox 3081 4249 3442 4320; x_wconf 84' lang='lat' dir='ltr'><strong>primogenita</strong></span> 
     </span>
    </p>
   </div>
   <div class='ocr_carea' id='block_1_103' title="bbox 1861 4340 3438 4417">
    <p class='ocr_par' dir='ltr' id='par_1_103' title="bbox 1861 4340 3438 4417">
     <span class='ocr_line' id='line_1_103' title="bbox 1861 4340 3438 4417; baseline -0.005 -15"><span class='ocrx_word' id='word_1_792' title='bbox 1861 4346 2113 4417; x_wconf 88' lang='lat' dir='ltr'><strong>perdidit,</strong></span> <span class='ocrx_word' id='word_1_793' title='bbox 2142 4353 2196 4400; x_wconf 90' lang='lat' dir='ltr'><strong>et</strong></span> <span class='ocrx_word' id='word_1_794' title='bbox 2243 4345 2309 4399; x_wconf 86' lang='lat' dir='ltr'><strong>ab</strong></span> <span class='ocrx_word' id='word_1_795' title='bbox 2336 4343 2512 4398; x_wconf 91' lang='lat' dir='ltr'><strong>edulio</strong></span> <span class='ocrx_word' id='word_1_796' title='bbox 2548 4343 2770 4398; x_wconf 90' lang='lat' dir='ltr'><strong>sortitus</strong></span> <span class='ocrx_word' id='word_1_797' title='bbox 2809 4340 3130 4395; x_wconf 88' lang='lat' dir='ltr'><strong>vocabulum</strong></span> <span class='ocrx_word' id='word_1_798' title='bbox 3161 4349 3265 4394; x_wconf 86' lang='lat' dir='ltr'><strong>est.</strong></span> <span class='ocrx_word' id='word_1_799' title='bbox 3299 4340 3438 4394; x_wconf 82' lang='lat' dir='ltr'><strong>Esau</strong></span> 
     </span>
    </p>
   </div>
   <div class='ocr_carea' id='block_1_104' title="bbox 1863 4429 3442 4506">
    <p class='ocr_par' dir='ltr' id='par_1_104' title="bbox 1863 4429 3442 4506">
     <span class='ocr_line' id='line_1_104' title="bbox 1863 4429 3442 4506; baseline -0.003 -19"><span class='ocrx_word' id='word_1_800' title='bbox 1863 4451 2077 4506; x_wconf 84' lang='lat' dir='ltr'><strong>quoque</strong></span> <span class='ocrx_word' id='word_1_801' title='bbox 2108 4435 2250 4488; x_wconf 87' lang='lat' dir='ltr'><strong>facta</strong></span> <span class='ocrx_word' id='word_1_802' title='bbox 2279 4434 2722 4501; x_wconf 84' lang='lat' dir='ltr'><strong>interpretantur.</strong></span> <span class='ocrx_word' id='word_1_803' title='bbox 2753 4431 2818 4484; x_wconf 87' lang='lat' dir='ltr'><strong>Et</strong></span> <span class='ocrx_word' id='word_1_804' title='bbox 2844 4431 2946 4484; x_wconf 91' lang='lat' dir='ltr'><strong>hoc</strong></span> <span class='ocrx_word' id='word_1_805' title='bbox 2970 4431 3275 4494; x_wconf 89' lang='lat' dir='ltr'><strong>sciendum,</strong></span> <span class='ocrx_word' id='word_1_806' title='bbox 3299 4429 3442 4498; x_wconf 88' lang='lat' dir='ltr'><strong>quod</strong></span> 
     </span>
    </p>
   </div>
   <div class='ocr_carea' id='block_1_105' title="bbox 1863 4520 3443 4594">
    <p class='ocr_par' dir='ltr' id='par_1_105' title="bbox 1863 4520 3443 4594">
     <span class='ocr_line' id='line_1_105' title="bbox 1863 4520 3443 4594; baseline -0.005 -11"><span class='ocrx_word' id='word_1_807' title='bbox 1863 4529 1917 4583; x_wconf 90' lang='lat' dir='ltr'><strong>in</strong></span> <span class='ocrx_word' id='word_1_808' title='bbox 1950 4528 2173 4582; x_wconf 67' lang='lat' dir='ltr'><strong>Ilebrteo</strong></span> <span class='ocrx_word' id='word_1_809' title='bbox 2210 4539 2486 4594; x_wconf 90' lang='lat' dir='ltr'><strong>nunquam</strong></span> <span class='ocrx_word' id='word_1_810' title='bbox 2517 4523 2786 4578; x_wconf 83' lang='lat' dir='ltr'><strong>scribatur</strong></span> <span class='ocrx_word' id='word_1_811' title='bbox 2829 4520 3080 4586; x_wconf 71' lang='lat' dir='ltr'><strong>Idumam,</strong></span> <span class='ocrx_word' id='word_1_812' title='bbox 3105 4521 3200 4574; x_wconf 91' lang='lat' dir='ltr'><strong>sed</strong></span> <span class='ocrx_word' id='word_1_813' title='bbox 3228 4534 3443 4588; x_wconf 89' lang='lat' dir='ltr'><strong>semper</strong></span> 
     </span>
    </p>
   </div>
   <div class='ocr_carea' id='block_1_106' title="bbox 1862 4612 3438 4686">
    <p class='ocr_par' dir='ltr' id='par_1_106' title="bbox 1862 4612 3438 4686">
     <span class='ocr_line' id='line_1_106' title="bbox 1862 4612 3438 4686; baseline -0.004 -11"><span class='ocrx_word' id='word_1_814' title='bbox 1862 4621 2030 4675; x_wconf 76' lang='lat' dir='ltr'><strong>Edom</strong></span> <span class='ocrx_word' id='word_1_815' title='bbox 2063 4659 2078 4684; x_wconf 96' lang='lat'><strong>,</strong></span> <span class='ocrx_word' id='word_1_816' title='bbox 2120 4631 2281 4686; x_wconf 88' lang='lat' dir='ltr'><strong>quem</strong></span> <span class='ocrx_word' id='word_1_817' title='bbox 2320 4617 2549 4672; x_wconf 71' lang='lat' dir='ltr'><strong>Idumaaa</strong></span> <span class='ocrx_word' id='word_1_818' title='bbox 2598 4615 2864 4686; x_wconf 75' lang='lat' dir='ltr'><strong>expressit</strong></span> <span class='ocrx_word' id='word_1_819' title='bbox 2896 4613 3085 4669; x_wconf 67' lang='lat' dir='ltr'><strong>Graeca</strong></span> <span class='ocrx_word' id='word_1_820' title='bbox 3133 4612 3438 4668; x_wconf 88' lang='lat' dir='ltr'><strong>translatio.</strong></span> 
     </span>
    </p>
   </div>
   <div class='ocr_carea' id='block_1_107' title="bbox 1861 4703 3436 4782">
    <p class='ocr_par' dir='ltr' id='par_1_107' title="bbox 1861 4703 3436 4782">
     <span class='ocr_line' id='line_1_107' title="bbox 1861 4703 3436 4782; baseline -0.004 -16"><span class='ocrx_word' id='word_1_821' title='bbox 1861 4711 2208 4782; x_wconf 86' lang='lat' dir='ltr'><strong>Nequaquam</strong></span> <span class='ocrx_word' id='word_1_822' title='bbox 2242 4722 2369 4778; x_wconf 84' lang='lat' dir='ltr'><strong>ergo</strong></span> <span class='ocrx_word' id='word_1_823' title='bbox 2407 4706 2638 4762; x_wconf 63' lang='lat' dir='ltr'><strong>Idumma</strong></span> <span class='ocrx_word' id='word_1_824' title='bbox 2668 4714 2726 4760; x_wconf 92' lang='lat' dir='ltr'><strong>ut</strong></span> <span class='ocrx_word' id='word_1_825' title='bbox 2757 4704 2910 4760; x_wconf 86' lang='lat' dir='ltr'><strong>Moab</strong></span> <span class='ocrx_word' id='word_1_826' title='bbox 2953 4704 3160 4760; x_wconf 90' lang='lat' dir='ltr'><strong>locutus</strong></span> <span class='ocrx_word' id='word_1_827' title='bbox 3188 4712 3310 4768; x_wconf 89' lang='lat' dir='ltr'><strong>est,</strong></span> <span class='ocrx_word' id='word_1_828' title='bbox 3339 4703 3436 4759; x_wconf 86' lang='lat' dir='ltr'><strong>sed</strong></span> 
     </span>
    </p>
   </div>
   <div class='ocr_carea' id='block_1_108' title="bbox 1860 4794 3440 4867">
    <p class='ocr_par' dir='ltr' id='par_1_108' title="bbox 1860 4794 3440 4867">
     <span class='ocr_line' id='line_1_108' title="bbox 1860 4794 3440 4867; baseline -0.002 -15"><span class='ocrx_word' id='word_1_829' title='bbox 1860 4799 1990 4856; x_wconf 90' lang='lat' dir='ltr'><strong>fecit</strong></span> <span class='ocrx_word' id='word_1_830' title='bbox 2029 4799 2285 4867; x_wconf 88' lang='lat' dir='ltr'><strong>ultionem</strong></span> <span class='ocrx_word' id='word_1_831' title='bbox 2316 4798 2382 4852; x_wconf 92' lang='lat' dir='ltr'><strong>de</strong></span> <span class='ocrx_word' id='word_1_832' title='bbox 2405 4797 2528 4851; x_wconf 91' lang='lat' dir='ltr'><strong>ﬁliis</strong></span> <span class='ocrx_word' id='word_1_833' title='bbox 2557 4795 2713 4862; x_wconf 86' lang='lat' dir='ltr'><strong>Juda,</strong></span> <span class='ocrx_word' id='word_1_834' title='bbox 2766 4794 3135 4865; x_wconf 88' lang='lat' dir='ltr'><strong>peccavitque,</strong></span> <span class='ocrx_word' id='word_1_835' title='bbox 3169 4795 3282 4848; x_wconf 88' lang='lat' dir='ltr'><strong>sive</strong></span> <span class='ocrx_word' id='word_1_836' title='bbox 3325 4811 3440 4850; x_wconf 86' lang='lat' dir='ltr'><strong>me-</strong></span> 
     </span>
    </p>
   </div>
   <div class='ocr_carea' id='block_1_109' title="bbox 1860 4886 3433 4959">
    <p class='ocr_par' dir='ltr' id='par_1_109' title="bbox 1860 4886 3433 4959">
     <span class='ocr_line' id='line_1_109' title="bbox 1860 4886 3433 4959; baseline -0.004 -13"><span class='ocrx_word' id='word_1_837' title='bbox 1860 4890 2085 4946; x_wconf 85' lang='lat' dir='ltr'><strong>moriam</strong></span> <span class='ocrx_word' id='word_1_838' title='bbox 2131 4889 2343 4959; x_wconf 90' lang='lat' dir='ltr'><strong>pristini</strong></span> <span class='ocrx_word' id='word_1_839' title='bbox 2378 4889 2576 4943; x_wconf 90' lang='lat' dir='ltr'><strong>doloris</strong></span> <span class='ocrx_word' id='word_1_840' title='bbox 2625 4889 2812 4950; x_wconf 89' lang='lat' dir='ltr'><strong>tenuit,</strong></span> <span class='ocrx_word' id='word_1_841' title='bbox 2843 4895 2900 4941; x_wconf 92' lang='lat' dir='ltr'><strong>ut</strong></span> <span class='ocrx_word' id='word_1_842' title='bbox 2938 4886 3194 4940; x_wconf 88' lang='lat' dir='ltr'><strong>ultionem</strong></span> <span class='ocrx_word' id='word_1_843' title='bbox 3240 4886 3305 4941; x_wconf 86' lang='lat' dir='ltr'><strong>de</strong></span> <span class='ocrx_word' id='word_1_844' title='bbox 3352 4887 3433 4940; x_wconf 89' lang='lat' dir='ltr'><strong>eis</strong></span> 
     </span>
    </p>
   </div>
   <div class='ocr_carea' id='block_1_110' title="bbox 1861 4973 3439 5050">
    <p class='ocr_par' dir='ltr' id='par_1_110' title="bbox 1861 4973 3439 5050">
     <span class='ocr_line' id='line_1_110' title="bbox 1861 4973 3439 5050; baseline -0.002 -15"><span class='ocrx_word' id='word_1_845' title='bbox 1861 4989 2101 5050; x_wconf 89' lang='lat' dir='ltr'><strong>caperet,</strong></span> <span class='ocrx_word' id='word_1_846' title='bbox 2129 4996 2157 5034; x_wconf 90' lang='lat' dir='ltr'><strong>a</strong></span> <span class='ocrx_word' id='word_1_847' title='bbox 2191 4979 2383 5048; x_wconf 90' lang='lat' dir='ltr'><strong>quibus</strong></span> <span class='ocrx_word' id='word_1_848' title='bbox 2427 4980 2480 5032; x_wconf 91' lang='lat' dir='ltr'><strong>in</strong></span> <span class='ocrx_word' id='word_1_849' title='bbox 2527 4986 2680 5033; x_wconf 92' lang='lat' dir='ltr'><strong>utero</strong></span> <span class='ocrx_word' id='word_1_850' title='bbox 2707 4973 3078 5048; x_wconf 85' lang='lat' dir='ltr'><strong>supplantatus</strong></span> <span class='ocrx_word' id='word_1_851' title='bbox 3102 4988 3202 5040; x_wconf 91' lang='lat' dir='ltr'><strong>est,</strong></span> <span class='ocrx_word' id='word_1_852' title='bbox 3236 4978 3439 5032; x_wconf 88' lang='lat' dir='ltr'><strong>idcirco</strong></span> 
     </span>
    </p>
   </div>
   <div class='ocr_carea' id='block_1_111' title="bbox 1858 5067 3436 5138">
    <p class='ocr_par' dir='ltr' id='par_1_111' title="bbox 1858 5067 3436 5138">
     <span class='ocr_line' id='line_1_111' title="bbox 1858 5067 3436 5138; baseline -0.001 -16"><span class='ocrx_word' id='word_1_853' title='bbox 1858 5085 1964 5123; x_wconf 91' lang='lat' dir='ltr'><strong>non</strong></span> <span class='ocrx_word' id='word_1_854' title='bbox 1992 5085 2086 5138; x_wconf 91' lang='lat' dir='ltr'><strong>per</strong></span> <span class='ocrx_word' id='word_1_855' title='bbox 2109 5068 2342 5138; x_wconf 82' lang='lat' dir='ltr'><strong>angelos,</strong></span> <span class='ocrx_word' id='word_1_856' title='bbox 2364 5084 2536 5136; x_wconf 90' lang='lat' dir='ltr'><strong>neque</strong></span> <span class='ocrx_word' id='word_1_857' title='bbox 2563 5083 2661 5137; x_wconf 87' lang='lat' dir='ltr'><strong>per</strong></span> <span class='ocrx_word' id='word_1_858' title='bbox 2683 5067 2845 5121; x_wconf 86' lang='lat' dir='ltr'><strong>alium</strong></span> <span class='ocrx_word' id='word_1_859' title='bbox 2872 5067 3182 5136; x_wconf 84' lang='lat' dir='ltr'><strong>quemlibet,</strong></span> <span class='ocrx_word' id='word_1_860' title='bbox 3207 5067 3298 5121; x_wconf 90' lang='lat' dir='ltr'><strong>sed</strong></span> <span class='ocrx_word' id='word_1_861' title='bbox 3321 5067 3436 5135; x_wconf 90' lang='lat' dir='ltr'><strong>ipse</strong></span> 
     </span>
    </p>
   </div>
   <div class='ocr_carea' id='block_1_112' title="bbox 1858 5157 3438 5226">
    <p class='ocr_par' dir='ltr' id='par_1_112' title="bbox 1858 5157 3438 5226">
     <span class='ocr_line' id='line_1_112' title="bbox 1858 5157 3438 5226; baseline 0.001 -14"><span class='ocrx_word' id='word_1_862' title='bbox 1858 5159 2115 5212; x_wconf 89' lang='lat' dir='ltr'><strong>Dominus</strong></span> <span class='ocrx_word' id='word_1_863' title='bbox 2143 5174 2359 5212; x_wconf 90' lang='lat' dir='ltr'><strong>manum</strong></span> <span class='ocrx_word' id='word_1_864' title='bbox 2391 5158 2685 5212; x_wconf 77' lang='lat' dir='ltr'><strong>extendens</strong></span> <span class='ocrx_word' id='word_1_865' title='bbox 2709 5173 2868 5226; x_wconf 89' lang='lat' dir='ltr'><strong>super</strong></span> <span class='ocrx_word' id='word_1_866' title='bbox 2896 5157 3195 5220; x_wconf 74' lang='lat' dir='ltr'><strong>Idumzeam,</strong></span> <span class='ocrx_word' id='word_1_867' title='bbox 3217 5157 3438 5214; x_wconf 86' lang='lat' dir='ltr'><strong>abstulit</strong></span> 
     </span>
    </p>
   </div>
   <div class='ocr_carea' id='block_1_113' title="bbox 1859 5246 3433 5317">
    <p class='ocr_par' dir='ltr' id='par_1_113' title="bbox 1859 5246 3433 5317">
     <span class='ocr_line' id='line_1_113' title="bbox 1859 5246 3433 5317; baseline -0.001 -15"><span class='ocrx_word' id='word_1_868' title='bbox 1859 5249 1924 5302; x_wconf 89' lang='lat' dir='ltr'><strong>de</strong></span> <span class='ocrx_word' id='word_1_869' title='bbox 1950 5263 2010 5302; x_wconf 91' lang='lat' dir='ltr'><strong>ea</strong></span> <span class='ocrx_word' id='word_1_870' title='bbox 2039 5247 2311 5302; x_wconf 91' lang='lat' dir='ltr'><strong>hominem</strong></span> <span class='ocrx_word' id='word_1_871' title='bbox 2337 5247 2731 5317; x_wconf 89' lang='lat' dir='ltr'><strong>ctjumentum,</strong></span> <span class='ocrx_word' id='word_1_872' title='bbox 2761 5255 2816 5302; x_wconf 90' lang='lat' dir='ltr'><strong>et</strong></span> <span class='ocrx_word' id='word_1_873' title='bbox 2844 5247 3089 5316; x_wconf 80' lang='lat' dir='ltr'><strong>civitates</strong></span> <span class='ocrx_word' id='word_1_874' title='bbox 3119 5246 3262 5302; x_wconf 89' lang='lat' dir='ltr'><strong>illius</strong></span> <span class='ocrx_word' id='word_1_875' title='bbox 3307 5246 3433 5301; x_wconf 89' lang='lat' dir='ltr'><strong>red-</strong></span> 
     </span>
    </p>
   </div>
   <div class='ocr_carea' id='block_1_114' title="bbox 1857 5336 3438 5409">
    <p class='ocr_par' dir='ltr' id='par_1_114' title="bbox 1857 5336 3438 5409">
     <span class='ocr_line' id='line_1_114' title="bbox 1857 5336 3438 5409; baseline -0.001 -18"><span class='ocrx_word' id='word_1_876' title='bbox 1857 5338 1967 5409; x_wconf 81' lang='lat' dir='ltr'><strong>egit</strong></span> <span class='ocrx_word' id='word_1_877' title='bbox 1983 5337 2035 5391; x_wconf 92' lang='lat' dir='ltr'><strong>in</strong></span> <span class='ocrx_word' id='word_1_878' title='bbox 2051 5338 2336 5398; x_wconf 88' lang='lat' dir='ltr'><strong>desertum,</strong></span> <span class='ocrx_word' id='word_1_879' title='bbox 2356 5337 2407 5391; x_wconf 91' lang='lat' dir='ltr'><strong>id</strong></span> <span class='ocrx_word' id='word_1_880' title='bbox 2425 5346 2527 5402; x_wconf 92' lang='lat' dir='ltr'><strong>est,</strong></span> <span class='ocrx_word' id='word_1_881' title='bbox 2546 5336 2809 5401; x_wconf 88' lang='lat' dir='ltr'><strong>Theman,</strong></span> <span class='ocrx_word' id='word_1_882' title='bbox 2824 5352 2983 5406; x_wconf 87' lang='lat' dir='ltr'><strong>quam</strong></span> <span class='ocrx_word' id='word_1_883' title='bbox 3000 5352 3098 5391; x_wconf 90' lang='lat' dir='ltr'><strong>nos</strong></span> <span class='ocrx_word' id='word_1_884' title='bbox 3114 5338 3167 5390; x_wconf 92' lang='lat' dir='ltr'><strong>in</strong></span> <span class='ocrx_word' id='word_1_885' title='bbox 3190 5345 3438 5391; x_wconf 84' lang='lat' dir='ltr'><strong>austrum</strong></span> 
     </span>
    </p>
   </div>
   <div class='ocr_carea' id='block_1_115' title="bbox 1862 5426 3433 5496">
    <p class='ocr_par' dir='ltr' id='par_1_115' title="bbox 1862 5426 3433 5496">
     <span class='ocr_line' id='line_1_115' title="bbox 1862 5426 3433 5496; baseline 0.002 -16"><span class='ocrx_word' id='word_1_886' title='bbox 1862 5428 2140 5482; x_wconf 89' lang='lat' dir='ltr'><strong>vertimus.</strong></span> <span class='ocrx_word' id='word_1_887' title='bbox 2173 5426 2248 5481; x_wconf 89' lang='lat' dir='ltr'><strong>De</strong></span> <span class='ocrx_word' id='word_1_888' title='bbox 2279 5442 2383 5496; x_wconf 88' lang='lat' dir='ltr'><strong>qua</strong></span> <span class='ocrx_word' id='word_1_889' title='bbox 2429 5436 2484 5481; x_wconf 92' lang='lat' dir='ltr'><strong>et</strong></span> <span class='ocrx_word' id='word_1_890' title='bbox 2509 5427 2574 5480; x_wconf 89' lang='lat' dir='ltr'><strong>de</strong></span> <span class='ocrx_word' id='word_1_891' title='bbox 2599 5427 2704 5481; x_wconf 90' lang='lat' dir='ltr'><strong>alia</strong></span> <span class='ocrx_word' id='word_1_892' title='bbox 2746 5427 2878 5483; x_wconf 90' lang='lat' dir='ltr'><strong>urbe</strong></span> <span class='ocrx_word' id='word_1_893' title='bbox 2923 5427 3106 5482; x_wconf 87' lang='lat' dir='ltr'><strong>Dedan</strong></span> <span class='ocrx_word' id='word_1_894' title='bbox 3165 5426 3433 5483; x_wconf 86' lang='lat' dir='ltr'><strong>interfecti</strong></span> 
     </span>
    </p>
   </div>
   <div class='ocr_carea' id='block_1_116' title="bbox 1864 5517 3433 5587">
    <p class='ocr_par' dir='ltr' id='par_1_116' title="bbox 1864 5517 3433 5587">
     <span class='ocr_line' id='line_1_116' title="bbox 1864 5517 3433 5587; baseline 0.002 -18"><span class='ocrx_word' id='word_1_895' title='bbox 1864 5517 2040 5587; x_wconf 88' lang='lat' dir='ltr'><strong>gladio</strong></span> <span class='ocrx_word' id='word_1_896' title='bbox 2083 5518 2294 5572; x_wconf 87' lang='lat' dir='ltr'><strong>cadent.</strong></span> <span class='ocrx_word' id='word_1_897' title='bbox 2340 5517 2581 5586; x_wconf 88' lang='lat' dir='ltr'><strong>Cumque</strong></span> <span class='ocrx_word' id='word_1_898' title='bbox 2626 5517 2701 5571; x_wconf 91' lang='lat' dir='ltr'><strong>illi</strong></span> <span class='ocrx_word' id='word_1_899' title='bbox 2734 5533 2791 5573; x_wconf 89' lang='lat' dir='ltr'><strong>se</strong></span> <span class='ocrx_word' id='word_1_900' title='bbox 2817 5518 2883 5573; x_wconf 90' lang='lat' dir='ltr'><strong>de</strong></span> <span class='ocrx_word' id='word_1_901' title='bbox 2929 5517 3066 5572; x_wconf 83' lang='lat' dir='ltr'><strong>Juda</strong></span> <span class='ocrx_word' id='word_1_902' title='bbox 3094 5518 3187 5572; x_wconf 87' lang='lat' dir='ltr'><strong>ulti</strong></span> <span class='ocrx_word' id='word_1_903' title='bbox 3213 5517 3433 5583; x_wconf 85' lang='lat' dir='ltr'><strong>fuerint,</strong></span> 
     </span>
    </p>
   </div>
   <div class='ocr_carea' id='block_1_117' title="bbox 1863 5606 3434 5678">
    <p class='ocr_par' dir='ltr' id='par_1_117' title="bbox 1863 5606 3434 5678">
     <span class='ocr_line' id='line_1_117' title="bbox 1863 5606 3434 5678; baseline -0.001 -15"><span class='ocrx_word' id='word_1_904' title='bbox 1863 5624 1962 5678; x_wconf 84' lang='lat' dir='ltr'><strong>ego</strong></span> <span class='ocrx_word' id='word_1_905' title='bbox 1991 5607 2130 5663; x_wconf 90' lang='lat' dir='ltr'><strong>dabo</strong></span> <span class='ocrx_word' id='word_1_906' title='bbox 2159 5608 2417 5662; x_wconf 89' lang='lat' dir='ltr'><strong>ultionem</strong></span> <span class='ocrx_word' id='word_1_907' title='bbox 2459 5622 2620 5676; x_wconf 89' lang='lat' dir='ltr'><strong>super</strong></span> <span class='ocrx_word' id='word_1_908' title='bbox 2644 5607 3024 5676; x_wconf 63' lang='lat' dir='ltr'><strong>Idumaaos-per</strong></span> <span class='ocrx_word' id='word_1_909' title='bbox 3051 5618 3292 5671; x_wconf 87' lang='lat' dir='ltr'><strong>manum,</strong></span> <span class='ocrx_word' id='word_1_910' title='bbox 3319 5606 3434 5662; x_wconf 86' lang='lat' dir='ltr'><strong>sive</strong></span> 
     </span>
    </p>
   </div>
   <div class='ocr_carea' id='block_1_118' title="bbox 1864 5697 3428 5770">
    <p class='ocr_par' dir='ltr' id='par_1_118' title="bbox 1864 5697 3428 5770">
     <span class='ocr_line' id='line_1_118' title="bbox 1864 5697 3428 5770; baseline -0.002 -15"><span class='ocrx_word' id='word_1_911' title='bbox 1864 5701 1917 5755; x_wconf 91' lang='lat' dir='ltr'><strong>in</strong></span> <span class='ocrx_word' id='word_1_912' title='bbox 1953 5715 2112 5754; x_wconf 89' lang='lat' dir='ltr'><strong>manu</strong></span> <span class='ocrx_word' id='word_1_913' title='bbox 2141 5700 2318 5770; x_wconf 90' lang='lat' dir='ltr'><strong>populi</strong></span> <span class='ocrx_word' id='word_1_914' title='bbox 2363 5697 2468 5754; x_wconf 90' lang='lat' dir='ltr'><strong>mei</strong></span> <span class='ocrx_word' id='word_1_915' title='bbox 2501 5698 2684 5765; x_wconf 90' lang='lat' dir='ltr'><strong>Israel,</strong></span> <span class='ocrx_word' id='word_1_916' title='bbox 2727 5707 2783 5753; x_wconf 91' lang='lat' dir='ltr'><strong>ut</strong></span> <span class='ocrx_word' id='word_1_917' title='bbox 2815 5698 2883 5753; x_wconf 89' lang='lat' dir='ltr'><strong>ab</strong></span> <span class='ocrx_word' id='word_1_918' title='bbox 2919 5699 3004 5754; x_wconf 89' lang='lat' dir='ltr'><strong>his</strong></span> <span class='ocrx_word' id='word_1_919' title='bbox 3032 5699 3428 5770; x_wconf 88' lang='lat' dir='ltr'><strong>opprimantur,</strong></span> 
     </span>
    </p>
   </div>
   <div class='ocr_carea' id='block_1_119' title="bbox 1867 5788 3434 5859">
    <p class='ocr_par' dir='ltr' id='par_1_119' title="bbox 1867 5788 3434 5859">
     <span class='ocr_line' id='line_1_119' title="bbox 1867 5788 3434 5859; baseline -0.004 -12"><span class='ocrx_word' id='word_1_920' title='bbox 1867 5793 1918 5847; x_wconf 91' lang='lat' dir='ltr'><strong>in</strong></span> <span class='ocrx_word' id='word_1_921' title='bbox 1955 5805 2087 5859; x_wconf 86' lang='lat' dir='ltr'><strong>quos</strong></span> <span class='ocrx_word' id='word_1_922' title='bbox 2137 5805 2430 5845; x_wconf 79' lang='lat' dir='ltr'><strong>exercuere</strong></span> <span class='ocrx_word' id='word_1_923' title='bbox 2479 5789 2796 5855; x_wconf 88' lang='lat' dir='ltr'><strong>vindictam;</strong></span> <span class='ocrx_word' id='word_1_924' title='bbox 2834 5789 2928 5858; x_wconf 80' lang='lat' dir='ltr'><strong>qui</strong></span> <span class='ocrx_word' id='word_1_925' title='bbox 2958 5789 3154 5845; x_wconf 86' lang='lat' dir='ltr'><strong>facient</strong></span> <span class='ocrx_word' id='word_1_926' title='bbox 3182 5790 3232 5844; x_wconf 93' lang='lat' dir='ltr'><strong>in</strong></span> <span class='ocrx_word' id='word_1_927' title='bbox 3265 5788 3434 5842; x_wconf 80' lang='lat' dir='ltr'><strong>Edent</strong></span> 
     </span>
    </p>
   </div>
  </div>
