3936 6340
503 342 604 400 763

1168 351 1230 406 Β.
1271 347 1524 406 RABANI
1562 347 1780 404 MAURI
1812 346 2130 403 AllClliEP.
2173 346 2481 405 MOGUNT.
2524 348 2808 405 OPERUM
2847 349 3025 405 PAIlS
3061 350 3123 405 li.

3657 344 3767 403 ἰρι

497 463 613 516 sive
653 463 938 519 ldumzeam
991 465 1145 535 juxta
1198 464 1334 518 iram
1384 471 1441 518 et
1489 461 1723 516 furorem
1778 474 1977 524 meum,
2010 470 2067 515 ut
2093 462 2142 521 Λ
2174 458 2495 526 Etswviunt,
2515 470 2568 514 et
2590 469 2698 514 toto
2721 461 2903 514 animo
2930 462 3765 522 insultantinimicitiarumcon-

499 565 673 605 meam
704 552 951 621 expleam
981 551 1421 623 indignationem.
1453 550 1519 605 Et
1544 564 1639 618 per
1671 563 1861 603 manus
1894 547 2072 617 populi

2177 555 2257 601 tra
2285 548 2447 602 lsrael
2484 555 2721 603 veterum
2769 550 3131 615 recordantes,
3157 552 3353 621 quibus
3377 570 3406 607 a
3430 555 3523 609 Dei
3554 554 3770 623 populo

496 641 603 694 mei
644 642 807 696 Israel
839 642 1112 697 mimicam
1152 650 1365 712 gentem
1408 655 1527 695 mea
1569 641 1651 693 ira
1694 639 1979 704 desaeviat,
2019 646 2076 693 et
2173 636 2332 691 divisi
2382 646 2530 694 sunt.
2577 638 2817 707 Cumque
2850 640 3107 695 Dominus
3132 641 3319 697 dicat:
3354 663 3372 695 ι
3420 644 3545 698 Mihi
3572 643 3769 698 vindi-

494 731 795 803 intelligant
834 737 1021 788 contra
1056 732 1296 801 iniquam
1324 730 1578 786 ultionem
1617 728 1861 784 Idumaeas
1897 742 2073 783 meam

490 822 686 891 justam
720 824 887 880 fuisse
934 825 1251 889 vindictam,
1278 824 1409 878 dicit
1433 822 1639 876 Adonai
1666 820 1942 875 Dominus.
1973 817 2073 873 Se-

493 914 725 967 cundum
764 914 1115 985 tropologiam
1142 912 1232 967 hic
1259 912 1391 968 mihi
1421 925 1613 965 sensus
1663 910 1913 964 videtur:
1942 907 2067 963 ldu-

490 1017 623 1056 mrea
671 1011 884 1058 terrena
938 1003 1255 1073 appellatur,
1284 1012 1339 1056 et
1376 1014 1573 1055 carnea
1624 1014 1744 1069 quae
1792 997 2070 1068 consurgit

490 1098 679 1147 contra
732 1092 1089 1161 spiritum,ut
1116 1108 1223 1147 non
1272 1091 1535 1145 faciamus
1581 1104 1644 1144 ea
1687 1104 1806 1160 quae
1844 1090 2069 1159 spiritus

488 1190 633 1246 sunt,
657 1191 713 1237 et
725 1185 959 1239 animam
988 1185 1039 1239 in
1059 1182 1352 1239 meditullio
1370 1182 1601 1251 positam
1616 1180 1683 1235 ad
1712 1176 1771 1235 se
1786 1180 2066 1235 retrahere

489 1272 730 1341 festinat,
753 1276 974 1345 vultque
1012 1276 1241 1330 ultiones
1268 1274 1492 1330 reddere
1530 1272 1726 1343 quibus
1755 1272 1907 1342 prius
1940 1272 2065 1326 sub—

485 1361 597 1416 dita
622 1360 802 1419 fuerat
832 1362 954 1419 filiis
972 1364 1113 1420 Juda
1132 1404 1146 1430 ,
1175 1372 1231 1419 et
1255 1363 1571 1419 recordatur
1598 1362 1801 1417 doloris
1832 1360 2059 1430 antiqui,

484 1452 628 1520 quod
649 1467 754 1508 non
776 1454 1004 1523 propria:
1029 1453 1194 1509 fuerit
1213 1454 1513 1523 potestatis.
1539 1453 1606 1507 Et
1629 1453 1748 1507 ideo
1772 1452 2059 1507 vindictam

483 1544 691 1613 expetit
716 1545 784 1601 de
810 1547 889 1601 eis
912 1586 926 1610 ,
956 1547 1046 1616 qui
1075 1546 1385 1602 recedentes
1422 1561 1453 1600 a
1488 1560 1652 1601 carne
1697 1545 1943 1614 spiritum
1982 1559 2061 1599 se-

482 1632 805 1703 quebantur.
860 1632 1152 1705 Propterea
1202 1635 1317 1705 ipse
1345 1635 1605 1691 Dominus
1638 1634 1869 1690 filiorum
1923 1632 2058 1689 Juda

481 1724 628 1779 ultor
654 1724 911 1790 existens,
943 1727 1180 1782 extendit
1214 1742 1429 1781 manum
1456 1742 1617 1797 super
1659 1727 1945 1782 ldumteam
1965 1766 1980 1792 ,
2003 1734 2059 1781 et

2172 733 2338 792 ctam,
2375 741 2476 796 ego
2519 727 2835 792 retribuam,
2862 728 2994 783 dicit
3024 730 3299 797 Dominus,
3337 751 3356 785 ι
3391 733 3491 802 ipsi
3521 747 3579 787 se
3606 730 3768 788 ulci-

2170 826 2396 872 scuntur
2446 816 2830 872 interficientes
2877 826 2934 871 et
2983 818 3267 888 implentes
3304 823 3521 891 antiqua
3574 821 3717 877 odia
3745 836 3765 873 ε

2167 915 2384 978 propter
2408 922 2527 977 qua:
2554 914 2826 961 extentam
2855 923 3016 977 super
3036 923 3094 963 se
3125 926 3343 965 manum
3377 912 3584 966 Domini
3617 927 3734 967 sen
3760 942 3768 951 -

2168 996 2322 1061 tient,
2347 996 2438 1065 qui
2464 995 2748 1051 iuteriiciet
2776 996 3176 1054 interfectores.
3216 1000 3323 1055 Pro
3362 1017 3469 1071 quo
3515 1001 3767 1071 Septua-

2165 1084 2311 1157 ginta
2340 1084 2521 1141 nescio
2563 1084 2692 1154 quid
2746 1084 3003 1151 volentes,
3042 1104 3060 1136 ι
3106 1086 3393 1143 Cretenses
3426 1108 3444 1141 ι
3478 1090 3768 1158 interpnc-

2166 1178 2260 1231 tati
2283 1185 2429 1241 sunt,
2451 1191 2572 1231 cum
2593 1186 2647 1231 et
2668 1176 2858 1246 Aquila
2894 1186 2949 1232 et
2978 1176 3335 1249 Symmachus
3364 1190 3417 1236 et
3443 1181 3764 1236 Theodotio

2162 1266 2335 1334 ipsum
2363 1265 2582 1319 verbum
2610 1264 2951 1332 Hebraicum,
2984 1269 3391 1333 chorethim,vel
3421 1269 3727 1325 interfecto
3746 1298 3759 1310 ο

2160 1372 2255 1413 res
2277 1357 2359 1412 vel
2391 1358 2815 1415 interfectionem
2864 1363 3146 1425 verterint,
3171 1379 3278 1417 non
3308 1365 3481 1419 solum
3510 1368 3563 1419 in
3592 1380 3762 1434 pnn-

2159 1451 2298 1506 seuti
2326 1451 2463 1517 loco,
2493 1452 2585 1507 sed
2624 1452 2785 1507 etiam
2812 1453 2865 1510 in
2894 1452 3167 1523 Sophonia
3186 1495 3201 1521 ,
3228 1456 3319 1511 ubi
3344 1467 3528 1511 contra
3562 1456 3761 1512 Palae-

2158 1542 2330 1597 stinos
2354 1542 2454 1597 ista
2492 1542 2743 1596 dicuntur
2774 1540 2955 1613 (Soph.
2987 1543 3049 1613 ιι)
3077 1562 3089 1597 :
3130 1564 3148 1597 ‹
3187 1544 3331 1600 Gaza
3366 1547 3570 1615 direpta
3602 1548 3757 1611 erit,

2157 1639 2211 1687 et
2235 1631 2483 1697 Ascalon,
2519 1631 2573 1686 in
2610 1632 2986 1702 perditionem,
3028 1642 3084 1688 et
3135 1635 3337 1691 Azotus
3381 1646 3436 1691 et
3482 1638 3751 1692 Accam

2159 1722 2599 1777 eradicabuntur.
2663 1721 2755 1777 Va:
2808 1721 3201 1778 habitatoribus
3261 1724 3479 1779 funiculi
3528 1726 3743 1791 maris,

480 1811 660 1867 aufert
690 1814 758 1869 de
791 1829 856 1870 ea
885 1816 1157 1872 hominem
1197 1826 1252 1872 et
1288 1816 1609 1885 jumentum.
1661 1816 1929 1887 Quidquid
1972 1818 2055 1873 vel
2092 1800 2132 1859 Β
2160 1809 2356 1867 300018
2381 1810 2684 1866 Οτθιπυωο
2717 1809 2953 1866 Verbum
2990 1812 3200 1868 Domini
3251 1829 3413 1884 ευροτ
3459 1830 3549 1870 V05
3586 1814 3754 1870 Cha-

478 1903 706 1959 rationis
764 1904 978 1960 videtur
1010 1905 1230 1971 habere,
1260 1906 1344 1962 vel
1385 1906 1642 1977 simplicis
1668 1906 1816 1972 fidei,
1854 1915 1913 1961 ut
1937 1922 2056 1962 eam

478 1993 688 2064 redigat
713 1995 767 2049 in
810 1994 1173 2059 solitudinem,
1201 2004 1257 2051 et
1281 1996 1347 2051 de
1380 1995 1620 2051 Theman
1649 2012 1769 2067 quae
1794 1996 2059 2066 interpre-

478 2090 625 2138 tatur
672 2083 947 2151 defleiens,
1001 2093 1058 2140 et
1094 2085 1295 2149 Dedan,
1352 2101 1472 2156 qua:
1500 2093 1557 2140 et
1611 2085 1726 2155 ipsa
1774 2085 2055 2155 cognatio-

475 2188 601 2230 nem
639 2182 818 2242 sonat,
846 2192 1034 2232 otnnes
1074 2177 1255 2248 gladio
1281 2176 1555 2235 interﬁcit.
1589 2178 1762 2245 Quem
1792 2179 1977 2247 posuit
2000 2178 2054 2233 iu

475 2280 640 2319 manu
662 2265 843 2337 populi
865 2268 947 2322 sui
969 2266 1151 2331 Israel,
1172 2274 1234 2321 ut
1257 2267 1605 2323 subvertatur
1624 2267 1813 2333 Edom,
1842 2276 1899 2323 et
1919 2268 2053 2326 iram

474 2354 677 2410 sentiat
728 2355 940 2411 Domini
986 2372 1051 2412 ac
1079 2355 1435 2423 furorem,'et
1463 2356 1727 2427 intelligat
1763 2359 2052 2413 vindictam

472 2438 593 2512 ejus
624 2443 691 2497 ad
719 2442 821 2499 hoc
850 2443 1167 2513 profecisse,
1192 2452 1251 2498 ut
1286 2445 1488 2500 serviat
1515 2445 1696 2500 domui
1740 2444 1910 2501 Iudae.
1942 2445 2054 2501 lloc

470 2542 554 2588 est
611 2532 739 2589 illud
779 2534 846 2589 de
884 2550 993 2605 quo
1030 2544 1083 2589 et
1120 2534 1408 2604 Apostolus
1468 2534 1704 2604 disputat
1763 2536 2047 2591 scribens:

475 2641 496 2676 ι
539 2623 706 2680 Iacob
746 2626 928 2691 dilexi,
962 2626 1103 2681 Esau
1131 2636 1309 2682 autem
1338 2628 1461 2682 odio
1498 2628 1661 2682 habui
1690 2626 1865 2697 (Rom.
1893 2628 1990 2698 ix).
2028 2647 2045 2678 ι

472 2715 652 2793 diligit
696 2724 878 2771 autem
920 2715 1110 2783 Jacob,
1140 2719 1266 2787 quia
1295 2734 1551 2773 carneum
1584 2729 1745 2789 atque
1774 2728 2048 2774 terrenum

470 2804 777 2875 supplantat
800 2814 855 2860 et
883 2815 1102 2875 superat
1119 2846 1134 2872 ,
1176 2814 1233 2862 et
1260 2807 1667 2864 benedictiones
1697 2808 1839 2863 illius
1866 2822 2045 2862 mere-

472 2901 561 2947 tur
587 2894 854 2965 aceipere.
889 2896 1128 2951 Primum
1156 2896 1301 2952 enim
1326 2894 1482 2965 juxta
1506 2912 1751 2963 carnem,
1778 2906 1833 2951 et
1862 2905 2047 2967 postea

461 2984 616 3055 juxta
660 2985 908 3054 spiritum
948 2986 1199 3040 vivimus.
1242 2985 1384 3041 Ante
1411 2986 1563 3053 vitia,
1598 2985 1788 3041 deinde
1822 2986 2049 3041 virtutes

468 3075 665 3147 quibus
691 3075 819 3131 vitia
857 3078 1207 3132 subruuntur.
1239 3076 1375 3143 Quia
1403 3076 1708 3147 appositum
1752 3090 1848 3130 cor
1874 3074 2047 3137 homi-

473 3164 557 3222 nis
584 3166 651 3222 ad
698 3166 959 3221 malitiam
988 3183 1017 3221 a
1049 3167 1297 3237 pueritia,
1326 3180 1648 3235 erroresque
1673 3164 2048 3220 adolescentia:

467 3265 598 3314 aetas
625 3268 839 3313 matura
869 3259 1210 3314 condemnat.
1254 3258 1406 3315 Unde
1456 3268 1511 3313 et
1540 3258 1706 3333 David
1734 3275 1747 3311 :
1783 3277 1802 3308 ι
1824 3257 2043 3320 Delicta,

472 3347 678 3417 inquit,
701 3347 999 3417 iuventutis
1027 3357 1081 3405 et
1121 3350 1454 3420 ignorantias
1482 3354 1632 3404 meas
1678 3363 1745 3403 ne
1788 3349 2046 3405 memine-

472 3435 743 3509 γωνίαι.
780 3439 948 3512 xxiv).
995 3459 1012 3491 ι
1054 3440 1121 3495 Ει
1166 3449 1340 3494 tamen
1387 3440 1685 3505 sciendum,
1710 3440 1851 3512 quod
1878 3438 2045 3495 Jacob

472 3528 700 3595 primam
746 3529 957 3598 accepit
982 3528 1434 3595 benedictionem,
1462 3529 1600 3585 Esau
1625 3532 1917 3585 secundam
1948 3548 1960 3583 :
1994 3539 2046 3584 et

470 3617 536 3670 ad
568 3626 869 3673 extremum
896 3620 1092 3673 dicitur
1117 3620 1182 3674 de
1208 3634 1271 3675 eo
1302 3638 1315 3673 :
1352 3638 1371 3670 ι
1403 3618 1603 3675 Servus
1628 3619 1734 3674 eris
1763 3620 1947 3675 fratris
1971 3621 2045 3674 tui

472 3708 621 3780 (Gen.
658 3712 863 3781 xxv"),
888 3725 919 3764 ‘i
951 3720 1004 3765 et
1046 3720 1330 3781 postquam
1381 3712 1592 3781 spiritui
1632 3726 1760 3765 caro
1807 3712 2045 3780 subjecta

471 3800 654 3866 fuerit,
695 3800 880 3871 illique
905 3801 1222 3872 conjuncta,
1254 3817 1381 3857 caro
1408 3816 1528 3856 esse
1558 3801 1803 3866 desistat,
1834 3810 1888 3855 et
1926 3801 2047 3855 ldu-

472 3908 602 3949 mzna
630 3902 866 3948 transeat
896 3894 947 3947 in
967 3892 1226 3949 Judzeam.

546 4002 564 4035 ς
611 3982 737 4038 llaec
762 3984 892 4039 dicit
918 3984 1176 4041 Dominus
1198 3985 1339 4043 Deus
1367 4003 1379 4040 :
1408 3984 1514 4041 Pro
1540 4000 1604 4041 eo
1632 3983 1772 4055 quod
1803 3982 2047 4039 fecerunt

478 4092 497 4125 ι
540 4072 813 4129 Palaestini
844 4074 1158 4140 vindictam,
1187 4084 1240 4131 et
1282 4074 1380 4130 ulti
1412 4090 1472 4131 se
1516 4082 1644 4130 sunt
1696 4081 1809 4128 toto
1865 4073 2046 4127 animo

476 4182 497 4217 ι
543 4165 931 4222 interficientes
988 4176 1044 4222 et
1101 4167 1383 4236 implentes
1454 4166 1761 4222 inimicitias
1815 4172 2043 4220 veteres.

478 4275 498 4308 ι
541 4254 832 4327 Propterea
879 4257 993 4312 haec
1048 4257 1176 4313 dicit
1223 4258 1478 4313 Dominus
1530 4257 1674 4313 Deus
1713 4275 1727 4312 :
1764 4257 1902 4313 Ecce
1947 4271 2047 4328 ego

477 4364 497 4398 ι
540 4347 831 4402 extendam
861 4362 1080 4401 manum
1114 4362 1291 4402 meam
1332 4364 1492 4417 super
1518 4347 1847 4414 Palwstinos,
1879 4356 1933 4402 et
1960 4347 2045 4400 in-

478 4456 497 4489 c
538 4436 798 4493 teriiciam
826 4435 1231 4502 interfectores,
1259 4444 1313 4491 et
1336 4438 1558 4506 perdam
1588 4436 1842 4506 reliquias
1882 4436 2046 4491 mari-

480 4548 498 4581 ι
543 4530 686 4585 ιίιηω
734 4529 989 4601 regionis,
1022 4527 1321 4598 faciamque
1344 4529 1395 4583 in
1430 4528 1510 4583 eis
1535 4528 1766 4583 ultiones
1794 4542 2040 4598 magnas,

478 4638 497 4672 ι
544 4636 773 4691 arguens
812 4622 865 4675 in
895 4619 1097 4674 furore.
1153 4620 1221 4674 Et
1269 4620 1441 4674 scient
1476 4619 1604 4689 quia
1633 4634 1732 4691 ego
1763 4619 2042 4683 Dominus,

478 4728 499 4761 ι
543 4725 666 4765 eum
696 4709 895 4765 dedero
948 4710 1235 4764 vindictam
1282 4726 1453 4765 meam
1503 4725 1664 4779 super
1697 4708 1809 4764 ens.
1860 4728 1877 4761 ι
1920 4708 2047 4764 Post

476 4801 617 4855 filios
642 4800 871 4855 Ammon
914 4799 1068 4853 Moab
1105 4808 1159 4853 et
1197 4799 1349 4865 Seir,
1387 4802 1477 4870 qui
1508 4800 1608 4870 ipsi
1638 4808 1765 4855 sunt
1806 4799 2045 4863 ldummi,

474 4900 529 4947 et
575 4907 671 4961 per
707 4890 844 4945 Loth
878 4898 931 4943 et
968 4891 1110 4945 Esau
1140 4890 1333 4960 populo
1384 4891 1568 4954 Israel,
1595 4900 1650 4945 et
1692 4891 1869 4945 domui
1899 4888 2049 4944 Iuda:

476 4982 791 5051 cognatione
841 4980 1135 5036 sociantur.
1186 4979 1343 5035 Venit
1401 4982 1467 5036 ad
1527 4980 1855 5045 Philistiim,
1912 4995 2046 5050 quos

479 5073 823 5142 Septuaginta
839 5072 1189 5140 aliophulous,
1214 5073 1264 5128 id
1283 5080 1383 5137 est,
1411 5073 1737 5143 alienigenas
1765 5072 2048 5127 transtule-

476 5171 640 5226 runt,
678 5178 784 5217 non
814 5164 1051 5232 generali
1109 5165 1325 5232 nomine
1373 5164 1611 5219 omnium
1636 5163 1901 5234 gentium,
1930 5178 2048 5232 quae

477 5267 585 5306 non
638 5259 763 5305 sunt
810 5252 877 5306 de
917 5267 1113 5321 genere
1144 5251 1468 5315 Judmorum,
1497 5254 1587 5308 sed
1618 5254 1835 5322 speciali
1876 5254 2049 5323 gentis

474 5358 586 5398 suae
612 5358 731 5411 qua:
759 5342 1128 5396 nuucdicitur
1164 5343 1445 5397 Palaestina
1480 5352 1681 5397 mutata
1725 5344 1823 5413 pho
1872 5344 2048 5397 littera

470 5433 623 5502 juxta
660 5431 972 5487 Graecorum
1001 5434 1440 5488 consuetudinem
1471 5434 1523 5487 in
1543 5456 1601 5498 π,
1618 5434 1758 5487 sicut
1783 5433 1923 5501 apud
1952 5447 2049 5487 nos

473 5537 570 5589 pro
620 5520 887 5576 Ilebraico
939 5522 1098 5591 phase
1141 5521 1384 5576 Gnecum
1450 5531 1503 5576 et
1538 5522 1786 5576 Latinum
1843 5522 2048 5575 Pascha

477 5609 801 5663 celebratur.
818 5607 1105 5666 Philistiim
1128 5612 1549 5679 interpretantur
1561 5611 1814 5665 cadentes
1832 5610 2046 5679 poculo,

473 5702 568 5766 qui
594 5710 646 5755 et
674 5701 772 5771 ipsi
802 5700 869 5757 de
898 5719 1059 5757 aureo
1093 5703 1381 5769 Babylonis
1424 5702 1590 5757 calice
1622 5702 1869 5756 inebriati
1902 5711 2043 5757 sunt.

2159 1917 2297 1958 naan
2327 1910 2471 1957 terra
2508 1901 2949 1971 alienigenarum.
2989 1902 3056 1956 Et
3080 1903 3383 1973 disperdam
3419 1920 3511 1960 vos
3540 1921 3601 1959 ex
3636 1907 3758 1977 lia-

2154 1993 2437 2049 hitatione.
2490 1982 2707 2047 Et‘erit
2735 1992 2894 2048 Creta
2942 1992 2997 2047 in
3043 1994 3297 2063 pabulum
3346 2003 3642 2064 pastorum,
3687 2006 3756 2051 et

2156 2084 2314 2141 cubili
2352 2085 2553 2140 ovium.
2585 2103 2605 2136 ι
2638 2085 2704 2139 Et
2736 2085 2824 2140 hic
2850 2085 2995 2139 enim
3034 2100 3158 2139 eum
3215 2084 3562 2155 Septuaginta
3593 2083 3751 2141 Cre-

2154 2184 2261 2231 tam
2312 2174 2595 2241 verterint,
2641 2175 2821 2230 cmteri
2879 2174 3234 2231 translatores
3286 2177 3494 2251 κᾶρῤον,
3537 2177 3588 2229 id
3620 2183 3751 2244 est,

2155 2265 2584 2324 interfectionem
2607 2266 2690 2321 vel
2715 2266 3072 2336 perditionem
3114 2267 3450 2337 interpretati
3475 2276 3614 2332 sunt,
3665 2268 3751 2325 de

2154 2372 2259 2426 quo
2316 2357 2384 2429 in.
2414 2358 2725 2427 supradicto
2761 2359 3056 2428 propheta,
3102 2358 3212 2413 Deo
3256 2368 3542 2428 pnestante
3583 2360 3750 2429 quod

2151 2449 2307 2504 nobis
2334 2448 2508 2503 visum
2539 2458 2623 2504 est
2650 2450 2904 2505 diximus.
2937 2449 3089 2506 Unde
3127 2461 3181 2506 et
3209 2453 3431 2506 duarum
3459 2453 3747 2524 legionum

2153 2538 2341 2604 David,
2376 2554 2604 2609 quarum
2649 2555 2751 2593 una
2774 2540 3139 2609 appellabatur
3164 2540 3436 2607 Phelethi,
3456 2552 3508 2597 et
3554 2544 3745 2599 altera

2152 2627 2398 2694 Cerethi,
2430 2629 2619 2683 ultima
2654 2632 2723 2686 ab
2758 2645 2824 2685 eo
2876 2633 3019 2701 quod
3044 2632 3430 2697 interficerent,
3454 2644 3611 2703 atque
3634 2634 3748 2705 ju-

2150 2718 2416 2790 gularent,
2449 2719 2730 2785 Chorelim,
2777 2722 2879 2776 hoc
2923 2732 3007 2777 est
3060 2724 3465 2779 interfectorum
3518 2742 3736 2783 nomen

2150 2809 2378 2877 accepit.
2431 2809 2720 2880 Perditque
2767 2810 3024 2868 Dominus
3073 2829 3262 2870 omnes
3310 2817 3566 2885 reliquias
3609 2834 3744 2873 ma-

2151 2899 2345 2955 ritimae
2401 2901 2657 2969 regionis,
2706 2917 2825 2972 quae
2876 2904 3033 2958 salsis
3083 2906 3325 2959 tunditur
3368 2906 3613 2962 fluctibus
3678 2920 3748 2964 et

2149 2992 2415 3047 vindictas
2448 3008 2551 3047 non
2581 3009 2794 3062 parvas,
2823 2997 2916 3049 sed
2947 3012 3165 3065 magnas
3196 2996 3355 3053 faciet
3408 2999 3460 3051 in
3508 2997 3742 3065 furore,

2152 3093 2211 3137 ut
2236 3083 2387 3139 furor
2421 3084 2536 3151 ejus
2566 3085 2726 3140 finem
2779 3086 2975 3141 habeat
3022 3088 3421 3142 misericordi-aa.
3460 3089 3524 3142 Et
3580 3099 3745 3158 post-

2150 3192 2313 3246 quam
2343 3177 2574 3233 ultiones
2601 3177 2789 3233 fecerit
2816 3195 3047 3249 arguens
3077 3197 3198 3234 cum
3239 3180 3449 3243 furore,
3483 3193 3606 3236 tunc
3635 3198 3742 3237 co-

2146 3280 2405 3341 gnoscant
2427 3270 2698 3326 Palaestini
2725 3272 2867 3340 quod
2894 3274 3005 3341 ipse
3031 3274 3101 3327 sit
3128 3274 3401 3327 Dominus.

2702 3382 2930 3441 CAPUT
2962 3385 3152 3440 XXVI.

2149 3471 2318 3542 Tyrus
2347 3473 2473 3545 quia
2511 3472 2791 3545 exsultavit
2840 3491 2996 3544 super
3023 3477 3358 3545 contritiones
3400 3476 3738 3545 Jerusalem,

2280 3542 2599 3611 pradicatur
2620 3542 2933 3598 destruenda
2955 3561 3045 3613 per
3068 3544 3572 3599 Nabuchodonosor.

2220 3647 2239 3681 ι
2284 3631 2351 3685 Et
2374 3629 2574 3686 factum
2596 3640 2681 3687 est
2708 3632 2761 3687 in
2792 3634 3074 3688 undecimo
3097 3650 3255 3696 anno,
3288 3636 3460 3703 prima
3498 3634 3729 3699 mensis,

2149 3738 2169 3771 ι
2216 3719 2390 3776 factus
2407 3729 2493 3777 est
2516 3736 2696 3777 sermo
2724 3722 2937 3778 Domini
2960 3722 3027 3775 ad
3056 3738 3158 3786 me,
3184 3722 3395 3777 dicens:
3418 3723 3515 3777 Fili
3546 3723 3732 3780 homiv

2150 3828 2169 3862 ‹
2211 3811 2317 3876 nis,
2351 3826 2451 3881 pro
2479 3826 2545 3866 eo
2574 3812 2715 3881 quod
2742 3812 2874 3867 dixit
2896 3811 3069 3883 Tyrus
3094 3812 3161 3866 de.
3200 3811 3514 3873 Jerusalem,
3561 3826 3725 3883 euge,

2150 3918 2168 3951 ι
2212 3898 2499 3956 confracta:
2526 3909 2652 3956 sunt
2682 3910 2852 3971 porta:
2876 3902 3215 3971 populorum,
3248 3918 3508 3956 conversa
3535 3911 3619 3956 est
3652 3901 3728 3957 ad

2148 4014 2168 4046 ι
2213 3995 2665 4065 metimplebor:
2701 3996 2915 4050 deserta
2970 4003 3072 4062 est,
3100 3978 3383 4065 propterea
3433 3995 3547 4047 lucc
3586 3994 3727 4048 dicit

2150 4100 2169 4135 ι
2218 4083 2480 4139 Dominus
2506 4085 2649 4139 Deus
2677 4101 2691 4138 :
2721 4084 2861 4139 Ecce
2886 4099 2985 4155 ego
3005 4098 3165 4154 super
3192 4082 3441 4153 te,Tyre,
3465 4090 3730 4137 etascen-

2150 4192 2169 4224 ‹
2212 4173 2338 4229 dere
2382 4172 2575 4229 faciam
2626 4173 2695 4229 ad
2736 4181 2788 4229 te
2831 4181 3016 4244 gentes
3058 4172 3273 4237 multas,
3313 4175 3453 4227 sicut
3476 4174 3727 4227 ascendit

2150 4281 2169 4314 ι
2216 4279 2364 4318 mare
2392 4261 2678 4328 fluctuans,
2705 4271 2761 4318 et
2783 4264 3119 4332 dissipabunt
3146 4278 3331 4317 muros
3362 4263 3511 4333 Tyri,
3542 4271 3599 4317 et
3627 4262 3729 4317 de-

2152 4374 2171 4406 ι
2211 4364 2423 4410 struent
2478 4364 2656 4410 turres
2684 4356 2819 4426 ejus.
2856 4355 2923 4409 Et
2970 4356 3154 4410 radam
3184 4354 3460 4425 pulverem
3510 4353 3626 4422 ejus
3653 4353 3727 4411 de

2073 4473 2122 4532 Β
2154 4464 2173 4495 ι
2217 4461 2301 4510 ea,
2327 4453 2382 4500 et
2418 4445 2555 4500 dabo
2584 4460 2705 4500 eam
2734 4447 2787 4501 in
2820 4446 3245 4517 limpidissimam
3277 4455 3506 4516 petram.
3536 4444 3727 4501 Sicca-

2157 4553 2175 4586 ‹
2220 4533 2293 4588 ιίο
2320 4548 2637 4605 sagenarum
2675 4535 2780 4588 erit
2828 4535 2881 4589 in
2922 4534 3099 4589 medio
3128 4534 3317 4599 maris,
3355 4534 3479 4604 quia
3509 4548 3609 4605 ego
3642 4532 3729 4588 io-

2158 4640 2176 4674 c
2222 4631 2376 4677 cutus
2405 4638 2544 4687 sum,
2576 4624 2649 4677 ait
2672 4623 2929 4678 Dominus
2961 4624 3121 4689 Deus,
3154 4632 3210 4677 et
3251 4624 3358 4678 erit
3385 4624 3435 4677 in
3458 4623 3725 4693 direptio-

2159 4732 2178 4765 ε
2220 4730 2341 4769 nem
2372 4716 2636 4784 gentibus.
2662 4714 2809 4770 Filia:
2828 4728 3039 4784 quoque
3066 4713 3181 4782 eius
3202 4729 3320 4783 qua:
3345 4724 3470 4768 sunt
3494 4713 3545 4766 in
3567 4728 3721 4783 agro.

2159 4822 2178 4856 ι
2219 4804 2396 4876 gladio
2432 4804 2836 4858 interticientur.
2887 4803 2953 4857 Et
2992 4803 3164 4857 scient
3215 4803 3341 4873 quia
3391 4816 3489 4871 ego
3541 4802 3729 4856 Domi-

2161 4913 2180 4946 ι
2225 4910 2342 4950 nus.
2385 4913 2404 4946 ι
2440 4894 2844 4964 Consequenter
2870 4895 3167 4965 prophetiae
3205 4895 3337 4950 ordo
3367 4893 3679 4948 contexitur
3704 4906 3726 4948 :

2149 4982 2384 5038 Locutus
2410 4992 2530 5037 erat
2567 4992 2755 5037 contra
2777 4984 2916 5038 filios
2945 4985 3172 5039 Ammon
3211 4993 3266 5039 et
3298 4983 3454 5037 Moab
3489 4991 3545 5037 et
3573 4981 3725 5049 Seir,

2150 5075 2241 5143 qui
2269 5074 2367 5143 ipsi
2394 5082 2518 5127 sunt
2553 5072 2791 5138 ldumzei,
2825 5083 2879 5128 et
2903 5072 3186 5127 Philistiim
3217 5072 3307 5141 qui
3334 5081 3454 5126 sunt
3486 5072 3540 5125 in
3568 5071 3724 5126 littoa-

2150 5179 2229 5225 re,
2246 5172 2299 5217 et
2325 5163 2379 5217 in
2401 5162 2637 5217 funiculo
2662 5164 2827 5219 maris
2848 5166 3095 5219 eumdem
3119 5164 3341 5219 limitem
3366 5172 3568 5218 tenent.
3593 5162 3727 5218 Post

2152 5250 2464 5306 Palaestinos
2517 5252 2693 5315 enim,
2728 5253 2966 5313 succedit
2994 5252 3265 5307 Phoenicis
3323 5251 3509 5322 regio,
3566 5252 3727 5321 cujus

2156 5340 2465 5408 metropolis
2486 5350 2568 5395 est
2592 5341 2785 5395 civitas
2816 5342 3007 5411 Tyrus,
3032 5356 3150 5410 qua:
3176 5341 3475 5410 appellatur
3496 5338 3728 5396 llcbram

2156 5431 2397 5500 Syroquc
2446 5447 2693 5486 sermone
2738 5430 2854 5487 Sor.
2889 5433 2954 5486 Et
3001 5434 3127 5501 quia
3172 5433 3335 5487 etiam
3392 5434 3507 5501 ipsa
3536 5432 3729 5501 gavisa

2154 5530 2259 5584 est,
2299 5529 2352 5575 et
2383 5521 2661 5575 iusultavit
2716 5538 2780 5576 ac
2807 5522 2960 5587 dixit,
2998 5540 3017 5572 ι
3059 5520 3365 5577 Coufracuc
3396 5530 3521 5575 sunt
3554 5531 3729 5590 portae

2151 5609 2498 5681 populorum;
2538 5628 2556 5659 ι
2593 5624 2691 5680 ego
2730 5620 2941 5678 portum
2984 5611 3310 5664 tutissimum
3368 5610 3563 5675 habeo,
3597 5610 3724 5662 il|a~

2154 5717 2259 5771 quc
2288 5702 2545 5757 subversa
2572 5701 2638 5754 ad
2676 5718 2762 5757 me
2794 5702 2971 5757 omnis
3012 5702 3294 5757 multitudo
3328 5716 3588 5756 conversa
3618 5717 3722 5777 est,
