3936 6362
210 391 314 449 ῗϐδ

1186 385 1538 445 COMMENT.
1579 388 1643 443 IN
1684 389 2137 448 EZEClllELEM.
2176 425 2241 435 --
2281 396 2406 451 LlB.
2447 398 2515 451 Χ.

3332 405 3441 459 766

209 515 323 569 qua:
352 501 496 556 illius
539 501 825 571 regebatur
854 499 1095 554 arbitrio.
1125 499 1192 553 Et
1240 500 1363 569 'quia
1410 500 1499 553 illa
1555 500 1768 555 deserta
1798 505 1842 562 A
1880 522 1897 552 ‹
1940 504 2039 559 riet
2068 515 2120 560 te
2144 505 2320 575 pulvis
2338 522 2545 573 eorum,
2577 522 2605 562 a
2633 518 2807 564 sonitu
2839 519 3180 579 eqt.|tum,kct
3204 522 3439 565 rotarum

207 602 309 659 est,
340 591 540 646 idcirco
564 605 662 660 ego
690 588 971 658 implebor,
1004 589 1117 643 sive
1144 603 1261 657 qua:
1285 590 1441 659 plena
1479 588 1580 643 fuit
1623 598 1768 652 ante,

206 683 480 755 redigetur
523 681 576 735 in
618 680 981 734 solitudinem.
1024 680 1188 750 Igitur
1218 680 1320 733 ista
1352 680 1551 744 dixisti,
1578 688 1632 734 et
1662 680 1772 733 rui-

204 774 292 829 nis
340 770 637 845 Jerusalem
699 786 817 840 qua:
873 771 965 825 Dei
1016 770 1218 839 judicio
1273 768 1489 841 propter
1550 781 1769 840 peccata

205 864 463 920 subversa
488 871 570 916 est
590 903 603 926 ,
640 861 925 915 insultasti.
966 860 1256 929 PrOpterea
1284 875 1387 913 non
1416 875 1512 929 per
1533 860 1768 922 nuntios,

205 969 305 1009 nec
330 969 425 1024 per
469 952 735 1022 quoslibet
759 952 908 1015 alios,
936 952 1031 1006 sed
1072 966 1169 1021 ego
1210 951 1325 1019 ipSe
1356 964 1449 1005 ero
1478 951 1763 1005 adversum

205 1051 279 1105 te,
308 1040 465 1111 Tyre,
498 1051 552 1094 et
582 1040 750 1094 instar
776 1039 1032 1094 [luctuum
1058 1040 1221 1093 maris
1257 1039 1551 1094 ascendere
1577 1038 1770 1092 faciam

202 1138 393 1185 contra
453 1138 505 1184 te
553 1128 900 1198 Babylonios,
952 1143 1074 1182 cum
1134 1127 1384 1196 plurimis
1441 1127 1766 1192 nationibus,

201 1234 428 1287 quarum
458 1218 852 1289 oppugnatione
878 1218 1015 1296 muri
1047 1217 1119 1271 tui
1145 1257 1159 1281 ,
1183 1226 1238 1272 et
1284 1227 1461 1271 turres
1492 1216 1767 1272 destruen-

202 1318 315 1373 tur,
346 1310 610 1362 intantum
643 1317 702 1362 ut
731 1324 899 1377 usque
930 1308 996 1361 ad
1028 1308 1201 1362 solum
1226 1300 1534 1371 concidant,
1565 1316 1618 1362 et
1645 1308 1758 1377 pul-

200 1397 286 1453 vis
331 1398 476 1452 illius
504 1397 757 1463 radatur,
792 1399 904 1452 sive
928 1399 981 1451 in
1012 1406 1196 1466 partes
1240 1399 1420 1453 varias
1445 1397 1730 1453 ventiletur
1752 1439 1767 1464 ,

198 1496 257 1542 et
303 1489 381 1543 sic
416 1488 803 1553 humiliabitur,
827 1497 887 1543 ut
913 1497 1081 1558 petra:
1118 1488 1458 1545 nitidissima:
1485 1504 1766 1560 compare-

199 1588 321 1644 tur;
354 1587 611 1648 tantaque
640 1580 743 1633 erit
768 1580 819 1633 in
853 1580 985 1634 urbe
1033 1581 1305 1649 quondam
1332 1579 1767 1649 frequentissima

199 1669 451 1736 solitudo,
503 1680 559 1724 ut
608 1686 820 1742 sagence
874 1672 1203 1746 piscatorum
1259 1672 1653 1740 expandantur,
1715 1681 1769 1729 et

198 1762 472 1817 siccentur
493 1761 546 1815 in
575 1762 751 1816 medio
774 1760 907 1830 ejus.
962 1764 1073 1832 Ego
1108 1764 1249 1819 enim
1274 1764 1487 1819 locutus
1521 1780 1639 1819 sum
1666 1765 1767 1821 Do—

1879 612 1898 642 ‹
1945 604 1996 647 et
2030 609 2289 648 curruum
2315 598 2666 651 movebuntur
2700 601 2834 653 muri
2873 603 2966 653 tui.
3008 601 3139 654 Dum
3171 601 3442 670 ingressus

1877 701 1894 733 ‹
1940 682 2101 737 fuerit
2126 686 2318 754 portas
2355 694 2474 739 tuas
2503 687 2653 754 quasi
2682 703 2777 755 per
2806 689 3057 743 introitus
3086 690 3234 743 urbis
3277 690 3433 745 dissi»

1879 792 1895 824 ε
1939 785 2100 842 pane,
2132 776 2345 847 ungulis
2367 792 2624 844 equorum
2652 792 2868 832 suorum
2894 770 3229 835 cenculcahit
3252 762 3444 837 omnes

1878 882 1895 912 ‹
1940 864 2139 933 plateas
2163 874 2301 931 tuas,
2327 867 2583 937 populum,
2606 877 2753 921 tuum
2776 869 2949 934 gladio
2974 872 3159 936 taedet,
3183 880 3237 927 et
3256 882 3443 927 statuae

1879 972 1895 1005 ι
1942 965 2042 1009 tute
2084 957 2289 1011 nobiles
2328 958 2380 1010 in
2416 967 2613 1012 terram
2659 968 2927 1013 corruent.
2977 963 3271 1017 Vastabunt
3313 978 3445 1034 opes

1878 1064 1893 1095 ε
1940 1056 2078 1109 tuas,
2117 1047 2368 1116 diripient
2418 1051 2830 1120 negotiationes,
2867 1061 2920 1105 et
2964 1070 3143 1108 muros
3191 1064 3310 1110 tuos
3343 1056 3438 1111 de—

1877 1154 1895 1186 (
1941 1144 2171 1203 struent,
2200 1146 2254 1192 et
2296 1140 2481 1192 domos
2532 1148 2651 1195 tuas
2693 1141 2979 1213 praeclaras
3024 1143 3356 1217 subvertent,
3388 1153 3442 1198 et

1877 1248 1894 1280 ι
1936 1228 2135 1297 lapides
2163 1236 2283 1283 tuos
2306 1238 2359 1283 et
2387 1229 2525 1299 ligna
2551 1239 2660 1291 tua,
2693 1239 2746 1286 et
2768 1231 3039 1301 pulverem
3072 1242 3215 1286 tuum
3248 1233 3300 1286 in
3323 1249 3438 1287 mc-

1876 1332 1894 1365 ι
1939 1316 2025 1369 dio
2064 1331 2325 1386 aquarum
2352 1327 2569 1387 ponent.
2602 1319 2667 1372 Et
2712 1321 2989 1388 quiescere
3014 1319 3205 1375 faciam
3255 1319 3438 1375 multi-

1876 1423 1894 1455 ι
1939 1406 2176 1460 tudinem
2224 1407 2554 1461 canticorum
2588 1416 2909 1472 tuorum,et
2934 1410 3140 1463 sonitus
3186 1410 3436 1478 cythera-

1875 1512 1893 1545 ‹
1937 1510 2054 1547 rum
2106 1503 2316 1548 tuarum
2353 1510 2479 1549 non
2530 1495 2779 1549 audietur
2828 1496 3073 1565 amplius.
3108 1496 3173 1550 Et
3212 1495 3351 1550 dabo
3383 1502 3439 1552 te

1874 1602 1892 1634 ι
1938 1584 1991 1638 in
2020 1584 2449 1652 limpidissimam
2476 1593 2704 1653 petram,
2727 1585 2947 1640 siccatio
2966 1600 3285 1653 sagenarum
3312 1585 3439 1649 eris,

1874 1694 1892 1726 ι
1936 1690 2033 1729 nec
2054 1674 2406 1729 aedificaberis
2452 1674 2614 1739 ultra,
2646 1676 2767 1745 quia
2797 1691 2896 1746 ego
2944 1675 3155 1730 locutus
3202 1690 3339 1739 sum,
3362 1676 3442 1729 di-

1827 1824 1829 1826 η
1874 1783 1891 1814 ‹
1933 1765 2007 1818 cit
2032 1765 2288 1825 Dominus
2312 1763 2470 1819 Deus.
2519 1785 2537 1817 ι
2578 1767 2717 1836 Ergo
2746 1766 2889 1836 quod
2914 1766 3125 1820 dixerat
3147 1765 3439 1821 ascendere

197 1851 398 1915 minus,
446 1850 596 1919 cujus
643 1853 804 1905 verba
839 1852 990 1905 irrita
1020 1866 1140 1906 esse
1182 1867 1293 1907 non
1324 1861 1569 1923 possunt.
1626 1871 1645 1904 ι
1700 1854 1769 1908 Ει
1795 1840 1841 1898 Β
1868 1855 2062 1912 faciam
2103 1858 2168 1911 ad
2212 1868 2262 1912 te
2310 1868 2499 1927 gentes
2542 1858 2756 1923 multas,
2807 1859 2947 1912 sicut
2996 1857 3236 1911 ascendit
3292 1869 3440 1910 mare

197 1942 413 1996 tradam
460 1958 581 1997 eam
624 1943 676 1997 in
706 1942 1058 2012 direptionem
1101 1943 1368 2014 gentibus.
1402 1963 1420 1996 ι
1457 1943 1606 1999 Filiae
1632 1960 1767 2013 quo-

196 2044 303 2098 que
333 2031 468 2099 ejus,
507 2046 625 2100 quae
653 2040 779 2085 sunt
804 2032 855 2085 in
887 2046 1039 2102 agro,
1065 2032 1176 2086 sive
1204 2031 1257 2085 in
1305 2048 1527 2103 eampo,
1558 2033 1661 2088 hoc
1685 2044 1766 2088 est

197 2118 255 2187 ﬁt
290 2117 561 2174 Pbtenicis
587 2119 786 2184 littore,
815 2120 977 2175 urbes
1010 2129 1065 2175 et
1093 2121 1308 2189 Oppida,
1334 2123 1459 2189 vici,
1487 2132 1647 2193 atque
1677 2116 1767 2178 ea-

197 2208 371 2270 stella,
405 2208 797 2285 interficientur
836 2209 1030 2280 gladio.
1081 2219 1436 2287 ὶίιταφορικῶς
1482 2213 1574 2282 qui
1629 2212 1766 2268 filias

195 2298 508 2366 appellavit,
559 2298 987 2355 interfectionem
1038 2302 1191 2370 ponit
1243 2302 1426 2372 gladii,
1472 2310 1532 2355 ut
1585 2318 1765 2357 rerum

196 2387 308 2444 fine
353 2398 675 2459 cognoscant
714 2405 799 2445 me
844 2406 963 2447 esse
1010 2392 1329 2458 Dominum,
1357 2393 1449 2461 qui
1486 2392 1608 2448 ﬁeri
1665 2394 1768 2448 ista

198 2475 451 2548 praecepi.
482 2479 666 2535 Potest
684 2480 839 2551 juxta
890 2481 1263 2551 tropologiam,
1295 2496 1412 2549 quae
1440 2480 1543 2535 Sor
1573 2496 1767 2536 nomen

196 2571 522 2627 Hebraicum
554 2574 783 2629 vertitur
809 2574 864 2627 in
893 2574 1227 2645 angustiam,
1259 2571 1436 2628 omnis
1463 2573 1605 2627 enim
1655 2573 1771 2627 ani-

195 2676 287 2715 ma
328 2676 447 2730 qua:
498 2662 989 2731 perturbationibus
1036 2671 1296 2731 occupata
1326 2671 1428 2726 est,
1462 2661 1563 2716 Sor
1591 2662 1772 2732 appel-

195 2747 323 2814 lari,
348 2765 467 2819 qua:
502 2753 714 2820 quando
743 2752 933 2806 viderit
958 2767 1055 2822 pro
1106 2752 1216 2806 suis
1262 2752 1408 2806 vitiis
1444 2758 1615 2821 atque
1646 2766 1771 2821 pec-

195 2840 339 2895 catis
373 2841 466 2895 Dei
500 2841 706 2911 judicio
758 2842 994 2901 subverti
1050 2842 1343 2898 Jerusalem
1367 2883 1380 2907 ,
1432 2843 1488 2897 in
1525 2858 1629 2911 qua
1667 2842 1768 2897 fuit

199 2934 455 3004 templum
477 2937 708 3005 etpacis
737 2937 891 3002 visio,
926 2938 1158 2992 exsultat
1182 2947 1237 2992 et
1273 2938 1337 2991 ad
1359 2953 1417 2993 se
1446 2946 1598 3008 putat
1620 2939 1767 2993 urbis

194 3023 468 3091 quondam
496 3024 705 3095 inclytae
740 3026 1021 3095 imperium
1053 3026 1498 3081 transferendum.
1534 3026 1682 3093 Quod
1712 3036 1766 3081 et

198 3114 254 3168 in
285 3116 573 3171 contrariis
606 3112 945 3186 dogmatibus
971 3118 1264 3187 accipitur,
1290 3127 1343 3173 et
1375 3119 1427 3173 in
1458 3118 1765 3174 hominibus

196 3204 404 3270 saeculi,
436 3206 647 3274 quando
675 3208 905 3261 viderint
950 3208 1218 3263 hominem
1274 3218 1514 3263 sanctum
1544 3224 1641 3279 per
1668 3225 1762 3264 ne-

195 3292 508 3364 gligentiam
553 3309 672 3349 esse
718 3295 1057 3364 prolapsum,
1108 3296 1340 3366 gaudent
1392 3304 1446 3350 et
1474 3296 1764 3361 exsultant,

195 3382 352 3451 quasi
384 3381 608 3437 aliorum
649 3384 822 3447 ruina,
862 3399 956 3439 sua
980 3385 1301 3439 resurrectio
1342 3384 1431 3439 sit.
1472 3383 1765 3454 Propterea

197 3470 469 3525 Dominus
508 3472 885 3538 comminatur,
936 3474 1077 3542 quod
1125 3474 1237 3542 ipse
1290 3480 1480 3528 contra
1520 3487 1613 3528 eos
1662 3474 1764 3527 hu-

189 3561 492 3629 juscemodi
508 3563 750 3617 homines
766 3563 1001 3630 dimicet,
1023 3563 1377 3620 etascendere
1390 3563 1552 3618 faciat
1578 3571 1765 3618 contra

194 3667 291 3708 eos
338 3653 511 3707 instar
539 3653 867 3707 marinorum
908 3652 1162 3707 ﬂuctuum
1202 3654 1461 3724 plurimas
1496 3657 1762 3721 nationes,

194 3758 319 3812 qua?
344 3742 624 3803 destruant
657 3742 708 3796 in
740 3743 818 3796 eis
850 3742 1106 3811 quidquid
1132 3743 1547 3798 munitissimum
1574 3752 1629 3798 et
1669 3744 1764 3798 fir-

194 3846 348 3887 mum
388 3831 620 3897 videtur,
644 3840 699 3886 et
727 3833 799 3886 ita
831 3832 1010 3886 omnia
1040 3847 1227 3886 eorum
1271 3844 1585 3904 argumenta
1641 3836 1764 3889 sub-

195 3930 391 3986 vertat,
420 3930 478 3976 ut
507 3924 558 3977 in
591 3924 864 3991 pulverem
894 3923 1223 3991 redigantur.
1271 3921 1508 3993 Sagenas
1555 3939 1767 3993 quoque

194 4012 400 4067 etretia
420 4010 613 4080 quibus
632 4012 781 4081 prius
799 4012 1072 4080 deceptam
1086 4010 1473 4066 multitudinem
1489 4012 1768 4082 piscaban-

195 4109 307 4167 tur,
344 4114 555 4154 cessare
602 4099 783 4163 faciat,
805 4108 858 4153 et
889 4102 941 4153 in
968 4100 1191 4155 desertae
1219 4101 1365 4155 urbis
1395 4100 1507 4155 solo
1536 4102 1765 4169 expendi

195 4202 363 4263 atque
408 4192 598 4246 siccari
651 4199 710 4246 ut
754 4205 852 4260 pro
880 4190 983 4245 illis
1031 4190 1119 4244 alii
1171 4192 1397 4244 subeant
1442 4192 1763 4261 piscatores,

195 4298 337 4352 quos
389 4280 646 4336 Dominus
678 4280 745 4335 ad
774 4280 1087 4349 piscandum
1144 4280 1306 4333 misit.
1366 4278 1473 4334 Sed
1526 4288 1581 4334 et
1628 4279 1764 4334 ﬁlias

194 4374 313 4441 ejus
340 4388 459 4443 qua:
481 4373 630 4442 prius
657 4371 811 4446 quasi
846 4372 898 4425 in
939 4370 1169 4425 thalamo
1195 4370 1559 4434 servabantur,
1584 4379 1641 4425 et
1667 4385 1763 4438 pro

192 4459 444 4530 mysticis
471 4458 955 4528 secretioribusque
980 4458 1267 4523 doctrinis,
1299 4457 1428 4511 nulli
1454 4456 1611 4513 facile
1642 4472 1760 4513 cre-

193 4550 461 4605 debantur
487 4563 832 4618 processuras
860 4549 1354 4619 protrahendasque
1384 4549 1435 4602 in
1464 4549 1755 4617 publicum,

191 4649 247 4695 et
270 4640 641 4696 ecclesiastico
663 4638 918 4694 mucrone
949 4640 1293 4703 truncandas,
1310 4630 1379 4693 ‘ut
1405 4650 1532 4693 tunc
1566 4639 1760 4694 intelli-

192 4740 325 4803 gant
352 4731 493 4801 quod
529 4733 640 4801 ipse
685 4732 754 4786 sit
796 4731 1069 4794 Dominus,
1096 4732 1189 4800 qui
1219 4738 1273 4785 et
1302 4729 1635 4785 Hierusalem
1661 4747 1760 4800 pro

190 4823 431 4893 peccatis
459 4835 744 4892 parumper
776 4821 1007 4890 reliquit,
1042 4830 1096 4874 et
1125 4820 1251 4892 Tyri
1282 4837 1378 4891 pro
1414 4822 1759 4877 insultatione

190 4913 309 4982 ejus
332 4922 387 4968 et
410 4913 602 4984 gaudio
624 4912 949 4967 munimenta
977 4910 1260 4966 destruxit.

264 5022 283 5054 ι
316 5002 452 5069 Quia
476 5000 588 5055 haec
613 5000 741 5055 dicit
762 4999 1017 5054 Dominus
1036 5000 1202 5055 Deus:
1224 5000 1360 5055 Ecce
1380 5016 1477 5070 ego
1499 5001 1754 5057 adducam

198 5109 219 5143 ι
258 5091 328 5146 ad
371 5090 571 5161 Tyrum
621 5089 1105 5146 Nabuchodonosor
1150 5106 1327 5162 regem
1367 5092 1649 5163 Babylonis
1689 5096 1756 5149 ab

198 5202 215 5234 ι
262 5181 535 5253 aquilone,
564 5197 741 5251 regem
787 5196 970 5251 regum
996 5195 1115 5235 cum
1150 5181 1301 5250 equis
1331 5190 1386 5235 et
1412 5182 1657 5236 curribus
1702 5192 1757 5237 et

197 5290 218 5325 ι
259 5270 549 5343 equitibus,
564 5280 619 5327 et
630 5280 769 5326 cortu
792 5270 1091 5341 populoque
1116 5284 1328 5338 magno,
1347 5270 1614 5327 ﬁliastuas
1638 5288 1755 5341 quae

194 5381 217 5415 ι
258 5372 389 5417 sunt
413 5363 465 5416 in
493 5378 641 5432 agm,
665 5363 838 5433 gladio
863 5360 1160 5415 interficiet.
1201 5362 1269 5415 Et
1304 5362 1658 5416 circumdabit
1702 5372 1752 5419 te

196 5469 219 5503 ι
262 5452 669 5516 munitionibus,
700 5460 755 5505 et
774 5448 1131 5521 eomportabit
1156 5466 1405 5522 aggerem
1433 5452 1484 5504 in
1508 5466 1659 5521 gyro.
1688 5453 1754 5507 Et

197 5561 217 5595 ι
257 5542 455 5597 levabit
501 5550 687 5595 contra
736 5550 785 5596 te
814 5541 1076 5611 clypeum,
1105 5549 1159 5595 et
1207 5540 1422 5595 lanceas
1466 5550 1519 5595 et
1558 5543 1753 5597 arietes

195 5649 216 5683 ι
259 5630 578 5701 temperabit
599 5630 652 5683 in
681 5645 864 5685 muros
887 5639 1033 5695 tuos,
1065 5639 1120 5684 et
1148 5639 1321 5685 turres
1364 5639 1483 5684 tuas
1511 5632 1751 5686 destruet

197 5740 215 5772 ι
257 5723 308 5778 in
336 5732 607 5779 armatura
634 5738 749 5777 sua.
796 5722 1143 5778 Inlaudatione
1186 5737 1443 5793 equorum
1471 5721 1587 5790 ejus
1619 5738 1749 5792 ope-

1864 1944 2149 2001 fluctuans.
2182 1942 2246 2000 Et
2279 1946 2386 2001 eris
2425 1938 2612 2015 Tyrus
2645 1945 2698 1999 in
2747 1944 3096 2014 direptionem
3148 1940 3436 2013 gentibus:

1867 2046 1995 2092 tunc
2035 2038 2186 2107 ponit
2211 2036 2550 2090 manifestius
2580 2036 2720 2104 quod
2745 2033 3231 2089 Nabuchodonosor
3255 2046 3439 2103 regem

1864 2118 2146 2197 Babylonis
2215 2126 2445 2180 adducat
2492 2125 2743 2179 Dominus
2787 2123 2855 2178 ab
2898 2118 3146 2191 aquilone
3181 2162 3197 2188 ,
3257 2117 3439 2193 regem

1865 2231 2072 2286 regum,
2096 2231 2216 2271 cum
2245 2216 2398 2287 equis
2431 2222 2482 2270 et
2512 2214 2780 2279 curribus,
2817 2222 2872 2268 et
2899 2212 3249 2267 eum‘intinita
3282 2226 3440 2266 exer~

1868 2307 2006 2362 citus
2036 2306 2372 2361 multitudine
2394 2347 2409 2366 ,
2436 2305 2525 2375 qui
2552 2305 2701 2375 prius
2728 2303 2971 2381 subditas
3000 2302 3140 2373 Tyro
3170 2303 3224 2356 in
3256 2301 3436 2356 littore

1868 2394 2116 2450 civitates
2162 2404 2215 2449 et
2255 2394 2472 2449 castella
2515 2393 2828 2459 subvertat,
2872 2400 2931 2447 et
2970 2400 3167 2462 postea
3197 2390 3435 2446 obsideri

1838 2476 1839 2479 “
1869 2484 2033 2540 faciat
2063 2485 2266 2555 Tyrum
2302 2484 2584 2553 valletquev
2606 2498 2726 2538 eam
2757 2484 3018 2547 exercitu,
3051 2490 3105 2537 et
3132 2470 3345 2552 aggere,
3378 2489 3435 2534 et

1868 2575 2255 2629 munitionibus
2276 2573 2583 2644 clypeisque
2602 2582 2664 2626 et
2676 2573 2931 2627 arietibus
2956 2572 3230 2642 impugnet
3256 2585 3437 2625 muros

1869 2675 1921 2719 ct
1948 2666 2209 2729 destruat,
2240 2673 2294 2719 et
2342 2672 2486 2719 tanta
2528 2665 2596 2718 sit
2638 2663 2921 2717 multitudo
2958 2664 3195 2732 equitum
3216 2662 3351 2732 ejus,
3377 2671 3434 2715 ut

1868 2756 2086 2826 pulvere
2123 2756 2392 2824 equitatus
2424 2763 2479 2809 et
2506 2755 2681 2809 sonitu
2709 2753 2962 2808 ululantis
3001 2754 3305 2817 exercitus,
3342 2767 3435 2806 ro—

1869 2855 2149 2914 tarumque
2180 2846 2424 2914 strepitu,
2458 2853 2511 2899 et
2535 2850 2796 2913 equarum
2827 2844 3054 2906 hinnitu,
3078 2844 3228 2898 urbis
3248 2842 3438 2898 funda-

1868 2944 2045 2989 menta
2075 2943 2404 2998 moveantur,
2435 2945 2489 2989 et
2513 2934 2589 2988 sic
2619 2934 2949 3003 ingrediatur
2995 2934 3267 2987 civitatem
3319 2932 3434 2988 dis-

1867 3023 2053 3093 sipatis
2084 3024 2273 3087 muris,
2302 3022 2458 3091 quasi
2492 3023 2558 3076 de
2592 3036 2785 3090 campo
2834 3037 3054 3076 securus
3105 3021 3431 3091 ingrediens,

1870 3121 2123 3181 tantaque
2154 3113 2416 3167 securitas
2445 3112 2513 3168 sit
2549 3113 2810 3166 vincentis
2835 3113 3124 3173 exercitus,
3148 3120 3207 3165 ut
3232 3112 3435 3180 plateas

1870 3193 1995 3275 Tyri
2026 3204 2341 3259 conculcent
2385 3218 2641 3272 equorum
2674 3202 2901 3272 ungulae,
2932 3212 2985 3257 et
3010 3202 3437 3273 omnispopnlus

1867 3295 1921 3349 in
1968 3295 2142 3349 medio
2163 3302 2379 3348 corruat
2407 3294 2660 3369 civitatis,
2685 3302 2740 3348 et
2765 3302 2955 3348 statuae
2977 3294 3244 3364 quondam
3275 3294 3429 3350 nobi-

1866 3384 1963 3449 les,
1994 3386 2107 3439 sine
2152 3384 2400 3437 imiversa
2432 3383 2732 3437 substantia
2760 3384 2812 3437 in
2840 3393 3038 3437 terram
3066 3392 3302 3450 corruat,
3347 3385 3429 3439 ni-

1867 3469 2048 3539 bilque
2090 3460 2453 3538 pristinarum
2508 3468 2815 3523 divitiarum
2859 3470 2914 3522 in
2964 3477 3261 3538 expugnata
3304 3471 3437 3525 urbe

1866 3569 2129 3626 servetur,
2168 3561 2261 3615 sed
2301 3576 2421 3614 cum
2448 3561 2615 3613 muris
2657 3560 2843 3613 domus
2869 3574 3079 3628 quoque
3110 3560 3315 3614 nobiles
3339 3561 3433 3635 de-

1869 3661 2167 3707 struantur.
2202 3653 2267 3706 Et
2300 3660 2442 3705 tanta
2488 3652 2558 3704 sit
2599 3652 2860 3703 victorum
2912 3652 3134 3713 smvitia,
3184 3659 3243 3704 ut
3292 3651 3436 3721 ligna

1865 3754 1919 3799 et
1946 3744 2147 3813 lapides
2180 3744 2268 3812 qui
2314 3742 2514 3796 residui
2565 3742 2811 3796 incendio
2860 3742 3082 3803 fuerint,
3116 3743 3166 3795 in
3198 3743 3433 3797 medium

1865 3847 2013 3887 mare
2038 3830 2405 3901 projiciantur.
2434 3831 2502 3885 Et
2528 3830 2611 3884 vel
2654 3829 3141 3884 Nabuchodonosor
3188 3830 3271 3883 vel
3316 3832 3429 3900 ipse

1865 3922 2122 3976 Dominus
2150 3916 2427 3991 quiescere
2457 3918 2617 3973 faciat
2653 3920 2956 3973 universam
2990 3919 3139 3973 urbis
3168 3918 3430 3983 lmtitiam,

1864 4027 1967 4082 qua
1994 4013 2146 4081 prius
2174 4012 2225 4065 in
2260 4011 2487 4065 canticis
2507 4018 2559 4064 et
2581 4008 2851 4077 psalteriis
2894 4009 3232 4077 personabat.
3279 4009 3343 4061 Et
3364 4009 3431 4061 ad

1866 4103 2036 4158 solum
2067 4115 2236 4170 usque
2262 4102 2514 4156 subversa
2545 4100 2615 4154 sit
2646 4100 2865 4153 siccatio
2914 4114 3252 4169 sagenarum.
3279 4098 3430 4164 Quod

1864 4202 2041 4247 autem
2085 4193 2350 4261 sequitur,
2394 4209 2411 4241 ‹
2461 4206 2558 4245 nec
2607 4190 2957 4244 :editicaberis
3007 4189 3176 4254 ultra,
3219 4210 3239 4241 ι
3278 4190 3427 4244 vide-

1865 4292 1951 4338 tur
1995 4284 2173 4336 facere
2199 4281 2545 4351 quaestionem
2577 4280 2842 4349 quomodo
2884 4295 2989 4333 non
3035 4280 3105 4333 sit
3144 4279 3426 4340 :edificata,

1864 4387 2024 4442 quam
2087 4372 2245 4426 hodie
2290 4371 2559 4425 cernimus
2595 4369 2871 4434 Plitenicis
2936 4369 3323 4424 nobilissimam
3375 4377 3431 4424 et

1862 4461 2274 4530 pulcherrimam
2315 4461 2619 4523 civitatem;
2653 4475 2717 4513 ex
2765 4475 2871 4529 quo
2900 4460 3113 4529 quidam
3162 4460 3349 4513 volunt
3374 4459 3429 4513 in

1860 4552 2049 4606 ultimo
2099 4558 2337 4618 tempore
2382 4550 2495 4604 haec
2548 4549 2747 4619 Tyrum
2796 4564 2916 4605 esse
2966 4565 3266 4619 passuram,
3306 4564 3427 4618 quae

1861 4650 2043 4711 postea
2088 4655 2191 4714 non
2219 4639 2290 4693 sit
2316 4639 2647 4693 aedificanda.
2680 4638 2783 4692 Sed
2827 4640 3093 4707 quomodo
3147 4638 3428 4694 Nabucho—

1860 4732 2091 4785 donosor
2112 4743 2404 4798 personam.
2424 4742 2641 4783 servare
2668 4736 2943 4797 poterunt,
2976 4728 3272 4797 praesertim
3301 4744 3422 4783 cum

1857 4825 2098 4894 legamus
2129 4823 2181 4877 in
2219 4822 2671 4891 consequentibus
2718 4820 3206 4874 Nabuchodonosor
3251 4835 3422 4889 oppu-

1858 4926 2051 4983 gnasse
2080 4912 2301 4982 Tyrum,
2329 4919 2383 4965 et.
2413 4910 2612 4964 laboris
2660 4910 2739 4964 sui
2798 4924 2902 4963 non
2953 4912 3222 4980 accepisse
3276 4924 3421 4963 mer-

1860 5003 2064 5057 cedem.
2108 5008 2162 5055 et
2192 5008 2474 5069 propterea
2520 5000 2653 5054 tradi
2695 4999 2742 5053 ei
2780 4998 3089 5070 Egyptum,
3146 5001 3271 5069 quia
3323 5001 3421 5056 Dei

1856 5094 2132 5149 sententiae
2159 5090 2211 5144 in
2236 5089 2379 5159 Tyro
2404 5090 2794 5158 oppugnatione
2817 5090 3092 5143 servierit?
3122 5089 3336 5145 Graecas
3362 5099 3419 5145 et

1857 5181 2177 5237 Phoenicum
2210 5178 2547 5244 maximeque
2578 5175 2777 5229 Nicolai
2811 5176 3144 5240 Damasteui,
3186 5187 3241 5232 et
3283 5178 3415 5233 alias

1856 5274 2207 5327 barbarorum
2239 5268 2392 5322 aiunt
2429 5282 2486 5322 se
2513 5267 2603 5335 qui
2635 5267 2739 5321 huc
2763 5266 2999 5320 historiae
3042 5266 3415 5321 contradicunt

1854 5361 2048 5429 legisse
2114 5358 2406 5420 historias,
2458 5362 2512 5407 et
2565 5354 2693 5407 nihil
2752 5368 2912 5423 super
2957 5354 3348 5422 oppugnatione
3382 5369 3411 5409 a

1852 5449 2111 5506 Chaldmis
2159 5448 2427 5503 invenisse
2477 5444 2648 5513 Tyria:
2699 5443 2959 5507 civitatis;
3018 5458 3141 5497 cum
3188 5443 3417 5513 probare

1850 5541 2114 5610 possimus
2135 5540 2297 5593 multa
2325 5539 2429 5594 dici
2460 5538 2511 5592 in
2538 5537 2830 5608 Scripturis
2860 5537 3152 5607 facta,quae
3186 5539 3235 5592 in
3266 5536 3413 5591 Grae-

1850 5632 1928 5684 cis
1967 5629 2323 5684 voluminibus
2375 5644 2479 5683 non
2528 5629 2882 5683 inveniantur.
2950 5627 3056 5683 Nec
3090 5629 3284 5683 debere
3315 5641 3414 5682 nos

1851 5737 2033 5777 eorum
2087 5719 2390 5775 auctoritati
2437 5719 2805 5789 acquiescere,
2854 5733 3082 5791 quorum
3134 5717 3407 5789 perﬁdiam
