3936 6334
446 349 550 406 767

1079 355 1140 410 Β.
1182 352 1433 408 RABANI
1472 349 1689 406 MAURI
1724 348 2043 405 ARCHIEP.
2086 347 2391 404 MOGUNT.
2432 346 2718 404 OPERUM
2756 346 2934 400 PARS
2971 346 3033 399 ll.

3594 349 3622 399 ’ῖ
3634 345 3691 400 1ἷὸ

442 472 499 520 et
547 464 824 520 mendacia
868 466 1216 520 detestamur.
1271 466 1455 520 Potest
1480 479 1608 535 ergo
1633 463 1774 532 quod
1800 463 2017 527 dicitur,
2047 466 2098 524 Α
2130 478 2149 511 ‹
2187 461 2401 515 habitas
2425 460 2477 513 in
2508 460 2668 525 mari,
2704 461 2834 514 urbs
2870 445 3065 528 inclyta
3085 500 3099 523 ,
3131 474 3250 529 qua:
3276 460 3421 515 fuisti
3456 463 3611 517 fortis
3641 463 3695 518 in

453 573 469 607 ι
491 570 591 610 nec
612 554 963 610 aadilieaberis
985 555 1146 619 ultra,
1162 576 1178 605 ι
1206 556 1283 611 sic
1306 554 1497 625 accipi,
1527 553 1669 622 quod
1681 566 2019 622 nequaquam

446 644 585 700 ultra
606 646 677 701 sit
705 646 888 715 regina
916 646 1253 716 populorum,
1283 659 1380 700 nec
1400 643 1675 714 proprium
1696 642 1891 697 habeat
1917 642 2020 695 im-

444 737 654 808 perium
675 776 689 802 ,
733 736 1001 805 quomodo
1038 737 1224 792 habuit
1258 737 1358 792 sub
1402 735 1568 789 Hiran
1612 741 1667 789 et
1697 734 1907 788 caeteris
1930 748 2019 788 re-

447 826 623 897 gibus,
651 828 745 882 sed
790 827 873 883 vel
903 827 1187 892 Chaldteis,
1218 828 1301 882 vel
1350 825 1745 891 Macedonibus,
1781 826 1865 879 vel
1893 824 2019 878 Pto—

446 917 669 985 lomaeis,
695 927 752 974 et
780 920 845 973 ad
870 930 1199 994 postremum
1226 918 1486 974 Romanis
1516 918 1729 987 regibus
1755 917 2018 972 servitura

447 1010 535 1066 sit.
588 1010 727 1064 Nulli
762 1019 953 1071 autem
1003 1011 1307 1081 ambiguum
1344 1008 1497 1077 juxta
1537 1023 1811 1078 auagogen
1846 1005 2022 1059 Nahu-

445 1100 786 1157 chodonosor
812 1116 992 1171 regem
1030 1101 1315 1171 Babylonis
1354 1100 1445 1168 qui
1479 1099 1624 1153 venit
1654 1099 1720 1153 ab
1748 1097 2018 1167 aquilone,

445 1191 711 1247 diabolum
763 1193 1016 1264 intelligi;
1067 1192 1156 1262 qui
1206 1206 1327 1245 cum
1354 1192 1424 1246 sit
1461 1199 1653 1246 ventus
1679 1189 2019 1250 durissimus,

443 1296 500 1343 et
526 1288 745 1343 sinister
784 1288 1002 1342 nomine
1043 1286 1232 1340 dexter
1284 1292 1524 1347 vocatur,
1558 1296 1886 1354 praesumens
1921 1281 2021 1335 sibi

444 1379 677 1433 nominis
723 1379 1057 1449 dignitatem.
1098 1377 1164 1430 Et
1210 1384 1313 1435 est
1338 1391 1433 1431 rex
1468 1389 1655 1445 regum
1675 1373 2023 1439 omniumque

445 1482 730 1538 regnorum
757 1482 877 1536 qua:
910 1466 1143 1521 ostendit
1188 1466 1435 1531 Domino,
1464 1464 1705 1533 dixitque
1746 1462 1811 1515 ad
1854 1475 1976 1514 eum
2005 1477 2017 1511 :

449 1575 467 1608 ι
500 1557 624 1612 11ωο
668 1556 848 1611 omnia
887 1556 1018 1610 mihi
1073 1557 1263 1611 tradita
1307 1563 1470 1619 sunt,
1517 1569 1638 1623 qua:
1667 1552 1804 1607 dabo
1830 1550 1949 1615 tibi,
1977 1550 2021 1604 si

442 1645 729 1712 procidens
770 1646 1083 1701 adoraveris
1109 1661 1195 1700 me
1253 1644 1467 1715 (Matth.
1510 1642 1606 1715 tv).
1640 1663 1659 1694 ι
1726 1641 1830 1696 lste
1862 1642 2024 1697 habet

441 1751 608 1805 equos
649 1744 704 1791 et
734 1752 945 1801 currus,
970 1736 1035 1791 de
1077 1736 1272 1806 quibus
1320 1734 1582 1805 scriptum
1624 1740 1708 1788 est
1740 1747 1755 1786 :
1789 1750 1809 1782 ι
1837 1731 2022 1786 Fallax

2129 569 2148 602 ι
2179 550 2315 604 mari
2358 565 2481 605 cum
2528 549 2917 627 habitatoribus
2963 548 3102 613 tuis,
3156 562 3289 617 quos
3334 548 3698 607 formidabant

2129 661 2146 693 ‹
2185 642 2453 696 universi?
2474 640 2629 697 Nunc
2650 642 2937 710 stupehunt
2966 656 3131 695 naves
3158 641 3209 695 in
3241 642 3325 697 die
3350 644 3568 710 pavoris
3598 645 3697 711 tui,

2129 746 2147 780 ι
2182 739 2237 783 et
2292 731 2647 785 turbabuntur
2704 729 2891 783 insulae
2937 730 2989 783 in
3047 730 3184 784 mari
3234 746 3297 784 eo
3335 732 3477 800 quod
3521 733 3700 787 nullus

2128 838 2145 870 ι
2183 820 2490 890 egrediatur
2531 835 2594 874 ex
2642 828 2711 875 te.
2747 838 2765 870 ›
2802 818 3039 873 Primum
3084 820 3200 888 ipsa
3247 821 3485 875 historiae
3534 823 3698 877 verba

2122 910 2421 978 pandamus
2468 909 2784 963 brevissima
2812 949 2827 974 ,
2884 909 3247 977 metaphorice
3280 925 3494 964 sensum
3526 912 3700 965 dicte»

2121 1013 2241 1051 rum
2262 998 2587 1066 aperientes.
2620 1016 2638 1048 ι
2666 996 2792 1051 Ηιιξο
2814 998 2942 1051 dicit
2972 997 3178 1050 Adonai
3207 997 3465 1052 Dominus
3486 998 3655 1068 Tyro,
3675 1018 3700 1051 ι

2122 1102 2241 1157 qua:
2293 1088 2591 1164 appellatur
2646 1084 2766 1141 Sor.
2834 1086 3085 1157 Nunquid
3144 1087 3198 1140 in
3234 1087 3321 1142 die
3377 1090 3549 1142 ruina:
3595 1099 3704 1145 tua;

2121 1178 2333 1247 quando
2357 1177 2849 1233 Nabuchodonosor
2869 1185 3209 1248 oppugnante
3235 1180 3610 1243 corrueris,-et
3645 1180 3700 1234 in

2121 1270 2321 1341 gemitu
2366 1270 2767 1323 vulneratorum
2820 1269 2932 1323 sive
2981 1268 3387 1335 interfectorum
3414 1270 3505 1339 qui
3535 1272 3703 1326 occisi

2122 1360 2320 1415 fuerint
2377 1360 2429 1414 in
2465 1360 2641 1415 medio
2676 1360 2772 1421 tui,
2814 1374 2918 1412 non
2966 1358 3443 1414 commovebuntur
3470 1359 3705 1413 insulas?

2121 1458 2176 1505 et
2223 1449 2550 1504 descendent
2604 1448 3103 1518 omnesiregesde
3149 1448 3365 1506 sedibus
3407 1448 3522 1502 sive
3550 1448 3703 1502 soliis

2122 1541 2254 1607 suis,
2291 1547 2342 1595 et
2384 1540 2655 1610 principes
2683 1540 2850 1594 maris
2871 1539 2962 1609 qui
2998 1540 3224 1593 diversis
3256 1540 3522 1610 imperant
3550 1542 3704 1594 insu-

2122 1631 2211 1695 lis,
2242 1639 2294 1685 et
2319 1629 2565 1684 auferant
2596 1629 2901 1683 diademata
2925 1629 2991 1684 de
3017 1630 3285 1698 capitibus
3321 1630 3455 1695 suis,
3488 1644 3708 1683 omnem

2123 1721 2380 1792 regnandi
2426 1719 2650 1789 gloriam
2680 1719 3028 1789 deponentes,
3068 1728 3125 1773 et
3151 1727 3327 1773 vestes
3368 1719 3707 1789 pretioSissi-

441 1840 613 1895 equus
661 1826 714 1880 in
761 1826 985 1882 salutem
1012 1823 1185 1898 (Psal.
1218 1822 1411 1894 xxxn).
1448 1842 1465 1873 ›
1494 1822 1601 1876 Et:
1633 1840 1651 1873 ι
1681 1820 2025 1888 Dormierunt

2127 1822 2244 1863 mas
2268 1817 2323 1861 et
2353 1807 2651 1862 incredibili
2687 1808 2951 1862 varietate
2978 1806 3242 1878 fulgentes
3264 1806 3522 1877 objicient
3558 1822 3590 1861 a
3623 1823 3711 1873 se,

441 1923 633 1967 omnes
659 1909 757 1977 qui
777 1907 1145 1963 ascenderunt
1178 1905 1548 1979 equosq(Psat.
1575 1906 1759 1972 Lxxv).
1806 1924 1825 1958 ι
1857 1905 1928 1961 Et
1960 1906 2016 1961 in

446 2002 556 2066 alio
591 2002 742 2056 loco:
771 2018 789 2053 ι
827 2001 1037 2069 Equum
1063 2010 1119 2053 et
1146 2013 1498 2055 ascensorem
1526 1996 1755 2067 projeeit
1782 1997 1834 2051 in
1865 2011 2019 2051 mare

442 2091 640 2161 (Exod.
663 2089 775 2155 xv).
815 2111 832 2142 ι
871 2090 973 2144 Iste
1000 2090 1141 2145 tilias
1172 2088 1320 2161 Tyri,
1348 2088 1561 2143 animas
1595 2086 1650 2141 in
1684 2085 1941 2158 angustia
1965 2092 2027 2141 et-

444 2186 498 2239 in
528 2183 764 2254 quodam
796 2190 1147 2252 peccatorum
1178 2181 1639 2249 carcere'positas
1671 2177 1934 2235 interﬁcit
1962 2178 2020 2233 in

443 2292 576 2348 agro
608 2290 913 2345 campoque
944 2273 1234 2339 latissimo,
1262 2280 1315 2327 et
1346 2272 1869 2345 circumdatTyrum
1901 2288 2023 2327 mtt-

440 2369 747 2425 nitionibus
779 2368 915 2431 suis,
952 2373 1011 2421 ut
1041 2366 1285 2422 clausam
1316 2376 1514 2431 teneat,
1548 2374 1603 2420 et
1637 2363 1819 2420 nullus
1857 2379 1927 2420 ex
1955 2379 2020 2420 ea

443 2460 723 2533 Babylonii
759 2460 903 2530 regis
942 2459 1177 2514 evadere
1208 2457 1387 2528 possit
1433 2456 1750 2527 imperium.
1782 2455 2023 2511 Destruit

444 2568 630 2608 muros
654 2562 944 2621 turresque
968 2550 1261 2613 subvertit,
1284 2560 1339 2605 et
1363 2549 1631 2619 quidquid
1668 2549 1805 2605 forte
1834 2548 2045 2623 habuit

446 2644 498 2697 in
527 2642 899 2712 dogmatibus,
925 2642 1281 2699 inundatione
1296 2658 1559 2711 equorum
1593 2643 1733 2709 ejus,
1757 2650 1810 2698 et
1836 2642 2021 2698 sonitu

443 2734 689 2802 equitum
719 2744 1077 2805 rotarumque
1106 2744 1159 2789 et
1183 2750 1443 2789 curruum
1478 2736 1707 2805 strepitu
1735 2737 2020 2806 pertretni-

446 2836 587 2889 seet,
618 2833 674 2880 et
700 2826 1037 2894 ingredietur
1058 2832 1253 2895 portas
1275 2827 1395 2897 ejus
1424 2826 1572 2881 nullo
1594 2828 1949 2896 prohibente,
1966 2837 2022 2884 et

444 2916 654 2986 plateas
681 2917 954 2973 civitatis:
980 2936 998 2970 ‹
1028 2917 1163 2984 Quia
1191 2919 1298 2973 lata
1332 2930 1386 2973 et
1414 2919 1656 2988 spatiosa
1685 2919 1772 2974 via
1800 2930 1881 2975 est
1902 2935 2025 2991 quae

445 3006 595 3061 ducit
629 3007 693 3061 ad
733 3018 961 3063 mortem
994 3010 1210 3078 (Matth.
1236 3008 1366 3078 vn);
1400 3028 1418 3062 ν
1450 3025 1719 3080 equorum
1755 3011 1874 3081 ejus
1908 3011 2023 3067 cal-

446 3100 651 3155 cabunt
677 3101 911 3173 ungula),
938 3103 1357 3173 universamque
1379 3102 1768 3168 suhStantiam,
1786 3105 1899 3159 sive
1921 3113 2025 3161 sta-

446 3198 569 3245 tuas
592 3191 802 3246 nobiles
829 3192 1028 3260 quibus
1044 3192 1146 3246 sibi
1178 3192 1442 3262 imagines
1462 3193 1729 3249 ﬂnxerant
1748 3193 2023 3261 falsitatis,

455 3282 524 3338 de
550 3282 752 3351 quibus
782 3283 1042 3353 scriptum
1071 3295 1153 3340 est
1183 3301 1196 3338 :
1234 3303 1253 3335 ι
1296 3285 1544 3351 Domine,
1582 3286 1635 3339 in
1670 3286 1890 3342 civitate
1931 3298 2024 3343 tua

447 3372 739 3442 imaginem
766 3387 955 3426 eorum
976 3374 1268 3444 dissipabis
1290 3374 1459 3444 (Psal.
1477 3379 1666 3446 um),
1690 3395 1710 3428 ι
1735 3378 1799 3432 ad
1820 3387 2022 3434 terram

450 3465 688 3531 dejiciet.
718 3464 784 3519 Et
819 3467 1114 3522 destructis
1148 3468 1340 3531 muris,
1379 3469 1579 3524 domus
1614 3484 1834 3540 quoque
1868 3468 2025 3525 nobi-

444 3545 522 3601 les
565 3548 978 3613 subvertentur,
1017 3565 1152 3618 quas
1192 3550 1291 3604 sibi
1321 3561 1625 3620 paraverat,
1659 3559 1717 3608 et
1749 3552 1801 3606 in
1831 3552 2027 3622 quibus

447 3637 754 3694 exsultabat
781 3658 794 3694 :
819 3649 982 3710 atque
1010 3641 1065 3695 in
1095 3649 1300 3696 tantam
1329 3642 1711 3699 desolationem
1738 3643 1939 3709 veniet,
1970 3651 2031 3698 ut

446 3739 502 3786 et
541 3730 745 3801 lapides
774 3733 891 3803 ejus
925 3742 980 3789 et
1026 3734 1170 3804 ligna
1216 3734 1411 3803 quibus
1455 3734 1814 3791 aediﬁcaverat
1841 3749 2029 3790 muros

445 3832 500 3879 et
530 3833 798 3879 cmmenta
829 3834 1231 3893 construxerat,
1266 3826 1551 3895 projiciant
1586 3828 1639 3882 in
1666 3825 2023 3897 profundum:

445 3913 768 3985 eanticaque
801 3914 918 3983 ejus
952 3924 1008 3970 et
1044 3917 1267 3983 musica,
1316 3919 1512 3986 quibus
1548 3918 1651 3974 sibi
1686 3917 2028 3986 insapientia

448 4002 608 4075 hujus
640 4006 820 4061 smculi
861 4007 1197 4071 conﬁdebat;
1243 4015 1297 4063 et
1342 4023 1531 4063 omnes
1576 4008 1906 4062 cithararum
1936 4022 2026 4063 so-

448 4109 550 4148 nus
578 4111 685 4150 non
715 4097 964 4151 audietur
994 4098 1244 4167 amplius,
1278 4107 1333 4153 et
1362 4099 1589 4168 piscatio
1616 4099 1732 4169 ejus
1767 4099 2026 4164 cessabit,

447 4194 502 4241 et
528 4187 631 4241 erit
660 4188 878 4244 humilis
907 4189 982 4243 ita
1007 4198 1064 4243 ut
1085 4178 1155 4244 sit
1182 4190 1406 4246 siceatio
1431 4205 1770 4261 sagenarum,
1807 4199 1861 4245 et
1890 4192 2029 4246 ultra

449 4293 557 4331 non
581 4278 910 4344 :ndiﬁeetur,
950 4283 1076 4350 quia
1119 4283 1187 4338 ad
1228 4284 1439 4339 Domini
1476 4285 1801 4340 sententiam
1835 4286 2029 4340 tradita

449 4364 947 4423 Nabuchodonosor
993 4372 1212 4427 omnino
1258 4372 1516 4428 subversa
1562 4382 1679 4437 est,
1712 4373 1865 4443 juxta
1887 4375 2030 4443 quod

448 4465 505 4511 et
552 4458 841 4527 Apostolus
888 4462 1056 4516 dicit:
1122 4482 1140 4515 ι
1169 4462 1315 4530 Quos
1364 4463 1556 4520 tradidi
1606 4465 1821 4520 Satanze
1854 4474 1912 4520 ut
1945 4466 2028 4520 di-

450 4555 606 4601 scant
652 4562 760 4603 non
806 4550 1178 4621 blasphemare
1209 4554 1257 4624 (Ι
1292 4553 1426 4609 Tim.
1460 4557 1521 4626 ι).
1548 4573 1567 4607 ι
1616 4553 1757 4610 Loca
1792 4555 2027 4611 difﬁcilia

450 4648 607 4703 sunt,
658 4648 712 4693 et
744 4642 979 4709 prudens
1011 4642 1178 4699 lector
1212 4660 1275 4699 ac
1309 4644 1536 4716 diligens
1564 4645 1722 4701 debet
1751 4647 2029 4717 ignoscere

449 4729 623 4785 labori
647 4746 797 4798 meo;
835 4743 929 4788 aut
964 4734 1009 4790 si
1044 4736 1233 4792 melius
1258 4738 1385 4807 quid
1412 4738 1648 4807 potuerit
1674 4737 1935 4801 invenire,
1974 4747 2030 4793 et

452 4837 551 4893 ego
586 4823 640 4877 in
684 4823 802 4894 ejus
826 4827 1065 4882 transibo
1104 4830 1457 4893 sententiam,
1498 4829 1788 4883 dummodo
1818 4829 2030 4883 noverit

452 4914 684 4977 veniam,
715 4930 876 4983 quam
912 4917 1042 4971 mihi
1071 4918 1288 4982 tribuet,
1328 4932 1388 4973 se
1415 4919 1482 4972 ab
1509 4918 1627 4973 aliis
1656 4927 2025 4987 accepturum.

531 5024 549 5054 ι
581 5005 706 5061 llaec
735 5007 865 5062 dicit
898 5009 1156 5066 Dominus
1183 5011 1324 5065 Deus
1353 5009 1495 5081 Tyro
1529 5026 1545 5065 :
1586 5010 1837 5080 Nunquid
1862 5026 1969 5064 non
1999 5024 2030 5064 a

460 5113 479 5143 ε
524 5095 703 5150 sonitu
726 5096 893 5151 ruina:
916 5104 1042 5163 tum,
1064 5108 1120 5154 et
1138 5100 1337 5169 gemitu
1358 5100 1765 5156 interfectorum
1792 5108 2027 5165 tuorum,

465 5202 481 5233 ι
519 5200 641 5238 cum
672 5187 835 5241 occisi
866 5186 1067 5243 fuerint
1113 5189 1166 5243 in
1209 5191 1387 5246 medio
1420 5191 1516 5254 tui,
1545 5189 2032 5245 commovebuntur

464 5296 482 5327 ι
525 5278 746 5333 insulae?
772 5280 839 5335 Et
858 5282 1187 5337 descendent
1205 5285 1269 5338 de
1292 5285 1507 5340 sedibus
1530 5286 1641 5340 suis
1664 5299 1854 5338 omnes
1877 5284 2028 5353 prin-

466 5391 485 5424 c
525 5375 669 5445 ('ipCS
717 5377 899 5439 maris,
952 5387 1008 5433 et
1046 5378 1289 5434 auferent
1338 5381 1558 5435 exuvias
1592 5389 1729 5443 tuas,
1782 5385 1835 5432 et
1870 5377 2035 5433 vesti-

466 5480 486 5514 α
523 5476 700 5520 menta
751 5484 845 5522 sua
878 5470 1023 5522 varia
1050 5471 1337 5540 abjicient,
1383 5481 1438 5525 ct
1466 5471 1754 5525 induentur
1791 5478 2028 5539 stupore.

467 5572 487 5605 ‹
522 5553 578 5609 In
639 5565 783 5611 terra
834 5557 1133 5625 sedebunt,
1184 5569 1239 5614 et
1285 5560 1497 5614 attoniti
1542 5574 1704 5629 super
1752 5558 2033 5627 repentino

469 5662 490 5697 α
525 5662 655 5701 casu
724 5658 814 5701 tuo
862 5650 1304 5715 admirabuntur,
1363 5661 1418 5706 et
1473 5660 1811 5706 assumentcs
1870 5663 2033 5717 super

472 5761 494 5799 ι
528 5752 891 5800 telamcutum
936 5745 1114 5799 dicent
1155 5743 1296 5797 tibi:
1346 5741 1626 5809 Quomodo
1672 5740 1862 5809 peristi
1912 5755 2032 5809 qua:

2123 1905 2178 1953 et
2234 1898 2470 1966 stuporis
2540 1897 2908 1967 magnitudine
2972 1906 3253 1951 vertentur
3298 1915 3351 1951 in
3388 1898 3710 1963 amentiam,

2121 1995 2285 2057 atque
2311 1988 2612 2042 humilitate
2639 1987 2854 2058 dejecti,
2883 1988 3143 2042 sedebunt
3177 1988 3230 2041 in
3266 1997 3407 2042 terra
3446 2002 3461 2041 :
3492 1997 3547 2041 et
3581 2003 3713 2043 cum

2123 2085 2176 2131 te
2209 2077 2442 2132 viderint
2475 2076 2766 2141 corruisse,
2794 2077 2896 2130 sibi
2936 2077 3131 2132 similia
3160 2076 3527 2133 formidabunt
3567 2096 3581 2131 :
3619 2079 3713 2133 ni-

2123 2165 2305 2237 hilque
2332 2168 2598 2238 putabunt
2631 2168 2685 2221 in
2717 2176 2873 2222 terra:
2904 2167 3057 2223 bonis
3075 2184 3194 2224 esse
3222 2179 3562 2238 perpetuum.
3595 2169 3716 2227 Sed

2122 2271 2155 2312 θ
2184 2257 2460 2313 contrario
2491 2265 2769 2311 assument
2811 2271 2973 2326 super
3003 2265 3057 2312 te
3093 2257 3416 2324 lamentum,
3451 2268 3506 2314 et
3529 2258 3717 2313 ﬂebile

2123 2346 2398 2413 canticum
2453 2347 2954 2401 commemorabunt
3001 2347 3262 2413 dicentes,
3306 2350 3575 2417 quomodo
3607 2364 3713 2419 pe-

2123 2434 2242 2489 risti
2270 2449 2391 2504 quae
2415 2433 2700 2490 habitabas
2742 2435 2799 2489 in
2847 2437 3003 2501 mari,
3051 2438 3180 2492 urbs
3219 2436 3417 2509 inclyta
3446 2438 3562 2492 sive
3587 2437 3715 2491 lau-

2123 2526 2289 2583 data?
2329 2525 2530 2598 Tyrum
2584 2526 2728 2581 enim
2774 2524 2940 2581 fuisse
2986 2527 3238 2592 insulam,
3291 2536 3344 2582 et
3376 2527 3580 2581 nullum
3605 2528 3715 2582 ha-

2120 2613 2305 2671 huisse
2340 2617 2417 2671 de
2466 2627 2611 2672 terra
2653 2617 2956 2682 introitum,
2998 2617 3052 2671 in
3071 2616 3275 2672 Graecis
3299 2617 3611 2688 Latinisque
3654 2626 3713 2676 et

2126 2708 2375 2764 barbaris
2402 2708 2641 2764 historiis
2666 2708 2910 2780 legimus,
2949 2710 3042 2763 sed
3074 2718 3260 2780 postea
3292 2725 3321 2762 a
3345 2707 3710 2764 Nabuchodo-

2122 2813 2285 2855 nosor
2310 2814 2436 2871 rege
2464 2798 2859 2864 Chaldaeorum,
2890 2798 3004 2862 vel,
3033 2809 3090 2853 ut
3140 2798 3378 2853 nonnulli
3412 2798 3712 2864 allirmant,

2123 2890 2192 2945 ab
2219 2887 2530 2944 Alexandro
2558 2903 2686 2959 rege
2719 2887 3071 2944 Macedonum
3100 2887 3276 2956 jactus
3304 2903 3424 2943 esse
3459 2903 3711 2959 aggeres,

2123 2989 2179 3036 et
2217 2982 2615 3053 oppugnatione
2665 2981 2944 3050 vineisque
2992 2993 3047 3035 et
3076 2980 3335 3035 arietibus
3364 2979 3539 3034 locum
3564 2994 3713 3048 prce-

2122 3081 2417 3144 paratum,
2461 3087 2524 3127 ac
2584 3072 2649 3126 de
2697 3071 2869 3125 insula
2921 3070 3117 3125 factam
3183 3086 3302 3126 esse
3343 3071 3709 3141 peninsulam.

2054 3173 2092 3237 C
2123 3163 2203 3220 Tu
2231 3165 2412 3236 igitur,
2460 3178 2493 3217 o
2519 3161 2643 3227 Sor,
2694 3161 2746 3216 id
2777 3171 2886 3227 est,
2939 3176 2973 3216 ο
3022 3160 3186 3232 Tyre,
3214 3175 3331 3231 qua;
3357 3161 3622 3230 quondam
3654 3159 3713 3215 in

2126 3254 2335 3309 cunctis
2359 3252 2503 3311 fuisti
2534 3252 2829 3306 fortissima
2855 3251 3077 3316 insulis,
3110 3250 3223 3304 sive
3250 3251 3304 3305 in
3342 3251 3563 3304 urbibus
3590 3265 3718 3304 om-

2124 3346 2274 3400 nium
2322 3360 2453 3400 voce
2495 3343 2709 3399 laudata
2738 3384 2752 3409 ,
2795 3360 2918 3399 cum
2964 3344 3361 3398 habitatoribus
3412 3343 3520 3396 tuis
3573 3357 3715 3413 quos

2127 3437 2366 3491 universi
2392 3437 2671 3500 timebant,
2705 3435 2972 3503 quomodo
2996 3436 3173 3489 subito
3194 3434 3484 3488 corruisti?
3510 3452 3527 3483 ‹
3556 3433 3716 3488 Nunc

2126 3528 2436 3596 stupebunt,
2486 3525 2599 3579 sive
2644 3525 2915 3594 pavebunt
2956 3539 3117 3594 super
3164 3532 3216 3578 te
3257 3523 3461 3577 insulae.
3487 3542 3504 3572 ι
3556 3522 3622 3575 Et
3654 3531 3715 3575 ut

2125 3616 2316 3678 melius
2348 3616 2577 3669 habetur
2608 3614 2661 3668 in
2689 3612 2943 3679 Hebraeo,
2967 3633 2985 3664 ο
3012 3612 3188 3667 Naves
3213 3614 3265 3666 in
3294 3613 3381 3666 die
3408 3612 3625 3681 pavoris
3654 3621 3715 3667 et

2125 3709 2295 3763 ruina:
2336 3715 2437 3761 tuae
2459 3748 2473 3772 ,
2504 3714 2557 3761 et
2584 3707 2945 3760 turbabuntur
2981 3704 3167 3773 insulre
3203 3705 3255 3758 in
3303 3704 3458 3757 mari.
3492 3723 3507 3753 ι
3557 3703 3717 3758 Unde

2125 3798 2549 3867 consequentius
2594 3804 2678 3851 est
2724 3810 2885 3864 supra
2936 3809 3099 3849 naves
3144 3792 3341 3863 legere,
3378 3808 3444 3844 ne
3471 3793 3717 3845 secumio

2128 3900 2416 3963 ponantur.
2449 3890 2658 3957 insulae,
2706 3904 2771 3944 eo
2811 3888 2954 3957 quod
3003 3886 3180 3941 nullus
3210 3886 3516 3955 egrediatur
3542 3900 3608 3938 ex
3640 3894 3712 3939 te.

2128 3984 2262 4049 sive,
2288 3992 2347 4037 ut
2372 3981 2723 4053 Septuaginta
2758 3979 3170 4043 transtulerunt,
3196 3978 3250 4031 in
3290 3978 3375 4030 die
3401 3976 3719 4046 egressionis

2127 4085 2268 4141 tum,
2326 4075 2542 4145 quando
2594 4073 2760 4128 fueris
2809 4073 2967 4148 ducta
3016 4072 3248 4143 captiva.
3315 4069 3442 4125 Hcce
3495 4070 3719 4123 interim

2127 4166 2283 4237 quasi
2312 4167 2556 4237 qumdam
2588 4163 2829 4219 historia:
2850 4161 2995 4231 jacta
3016 4163 3124 4216 sint
3150 4161 3499 4215 fundamenta
3524 4178 3537 4212 :
3567 4162 3720 4216 nunc

2128 4258 2373 4328 spiritale
2423 4258 2656 4311 nitemur
2701 4255 2912 4310 culmen
2957 4256 3251 4324 imponere.
3282 4253 3449 4324 Finge
3476 4252 3717 4322 aliquem

2130 4347 2219 4401 diu
2249 4354 2459 4400 servata
2496 4347 2752 4416 pudicitia
2801 4346 2984 4400 multis
3034 4343 3279 4399 floruisse
3313 4343 3624 4407 virtutibus,
3660 4348 3725 4399 et

2129 4443 2315 4505 postea
2344 4435 2399 4489 in
2433 4432 2613 4503 aliquo
2640 4435 2790 4505 gravi
2834 4433 3155 4502 mortalique
3182 4441 3407 4502 peccato
3445 4447 3565 4487 esse
3590 4430 3713 4486 eol-

2054 4513 2367 4595 Dlapsum;
2430 4540 2606 4578 nonne
2653 4525 2719 4577 ad
2759 4524 2994 4579 sonitum
3019 4522 3186 4577 ruina}
3212 4521 3350 4590 ejus,
3398 4520 3715 4576 interfecta-

2134 4631 2362 4686 rumque
2412 4616 2670 4669 virtutum
2722 4628 2910 4668 omnes
2972 4613 3160 4667 insula:
3212 4613 3591 4675 movebuntur,
3658 4611 3716 4664 hi

2136 4705 2384 4759 videlicet
2414 4705 2503 4774 qui
2532 4704 2691 4757 salsis
2722 4704 3030 4772 amarisque
3057 4702 3217 4772 hujus
3256 4701 3437 4756 swculi
3473 4702 3716 4754 tundun-

2139 4805 2225 4850 tur
2252 4794 2533 4850 (luctibus?
2563 4804 2618 4849 et
2641 4794 2967 4849 descendent
2993 4794 3060 4848 de
3091 4794 3282 4847 throno
3311 4793 3575 4862 superbia:
3601 4807 3719 4847 sua:

2136 4899 2325 4940 omnes
2353 4885 2441 4953 qui
2476 4885 2527 4937 in
2554 4884 2732 4939 saeculi
2772 4883 2933 4955 hujus
2970 4882 3239 4954 salsugine
3260 4881 3532 4951 principes
3562 4880 3717 4935 vide-

2136 4978 2358 5041 bantur,
2380 4985 2435 5029 et
2483 4975 2786 5029 humilitate
2824 4974 3017 5044 dejecti
3045 4972 3291 5027 auferent
3317 4972 3617 5025 diademata
3646 4969 3719 5025 de

2138 5067 2405 5137 capitibus
2451 5067 2594 5131 suis,
2625 5082 2744 5135 qua:
2775 5065 3093 5120 videbantur
3120 5064 3275 5120 bonis
3303 5063 3562 5133 operibus
3592 5076 3718 5130 pos-

2137 5158 2353 5221 sidere,
2411 5165 2464 5212 et
2517 5157 2834 5212 vestimenta
2890 5155 3041 5209 varia
3086 5155 3401 5210 diversitate
3456 5155 3716 5206 virtutum

2139 5250 2410 5320 abjicient,
2445 5257 2499 5304 et
2533 5250 2818 5303 induentur
2846 5258 3089 5317 stupore,
3119 5246 3233 5301 sive
3263 5244 3473 5298 timoris
3504 5242 3718 5313 inungui-

2139 5338 2323 5394 tudine
2371 5337 2762 5409 quodammodo
2804 5336 3128 5391 videbuntur
3165 5335 3363 5388 insani.
3406 5332 3719 5387 Sedebant-

2138 5446 2243 5500 que
2286 5430 2432 5484 humi
2476 5438 2532 5483 et
2574 5432 2852 5495 stupentes
2900 5440 3064 5495 super
3109 5423 3390 5493 repentino
3430 5437 3561 5475 casn
3599 5419 3719 5487 eius

2140 5518 2551 5573 admirabuntur
2602 5519 2891 5579 intantum,
2944 5524 3002 5569 ut
3034 5529 3223 5568 omnes
3251 5519 3536 5567 assumant
3565 5508 3718 5578 plan-

2137 5618 2284 5663 ctum
2333 5618 2388 5664 et
2435 5608 2874 5661 lamentationem
2928 5619 3089 5673 super
3130 5617 3254 5657 eum
3301 5601 3393 5668 qui
3431 5597 3639 5653 corruit
3659 5603 3717 5651 et

2140 5700 2325 5755 dicant
2366 5716 2381 5753 :
2433 5697 2709 5766 Quomodo
2756 5694 2940 5766 peristi
2980 5692 3071 5763 qui
3122 5692 3272 5761 prius
3322 5689 3502 5746 salvus
3550 5686 3717 5740 crast
