3936 6376
268 435 376 495 769

1240 437 1591 494 ΟΟΜΜΕΝΤ.
1628 437 1695 492 IN
1730 436 2182 493 EZECIIIELEM.
2216 467 2286 479 -η
2321 436 2445 494 LIB.
2485 437 2555 493 Χ.

3393 437 3494 489 ττι)

267 554 539 623 quomodo
576 554 851 617 corruisti,
885 553 976 623 qui
1008 559 1155 608 tanto
1183 560 1423 621 tempore
1464 558 1711 615 steteras,
1744 549 1832 618 qui
1863 553 1910 611 Α
1937 558 2054 604 crat
2082 565 2149 604 ne
2182 550 2442 617 tradatur,
2469 549 2563 605 sed
2602 549 2711 605 Deo
2732 563 2833 604 non
2858 554 3043 614 erant,
3071 547 3161 617 qui
3187 548 3495 614 virtutibus,

270 645 323 698 in
356 647 492 699 mari
516 646 673 714 hujus
695 644 873 699 smculi
905 645 1045 699 inter
1074 659 1260 698 onmes
1290 642 1514 713 inclytos
1530 640 1835 711 putabatis,

268 735 359 803 qui
393 750 514 789 eras
538 744 848 789 cunctorum
876 735 1124 805 opinione
1154 733 1443 788 robustus?
1483 741 1536 787 et
1571 732 1837 787 habitato-

272 841 358 880 res
401 827 515 891 tui,
555 827 657 882 hoc
699 836 781 882 est
826 827 1178 899 cognationes
1220 824 1528 880 fortissima:
1556 825 1837 879 adversum

267 916 450 969 omnia
494 916 897 985 ignitadiaholi
940 916 1116 985 jacula
1163 915 1496 979 resistentes,
1544 930 1664 983 quze
1687 915 1837 984 prius

264 1013 428 1057 (rant
469 1004 737 1060 formidini
768 1007 1021 1061 omnibus
1058 1006 1399 1069 adversariis,
1428 1020 1600 1061 versae
1629 1016 1749 1061 sunt
1781 1007 1834 1061 in

270 1105 566 1163 stuporem.
608 1095 713 1151 Sed
735 1104 789 1151 et
822 1112 1003 1161 naves,
1034 1111 1219 1151 omnes
1236 1095 1493 1151 videlicet
1518 1097 1711 1161 sancti,
1744 1097 1833 1165 qui

270 1184 430 1252 hujus
457 1185 639 1238 srecnli
686 1184 937 1240 ﬂuctibus
965 1193 1261 1259 transeunt,
1306 1187 1688 1255 obstupescunt
1710 1201 1833 1241 cum

271 1280 321 1325 te
353 1273 586 1327 viderint
611 1275 943 1340 concidisse,
986 1275 1041 1329 in
1071 1275 1155 1329 die
1181 1275 1393 1344 pavoris
1428 1285 1481 1328 et
1509 1275 1677 1329 ruina:
1709 1284 1831 1329 tum.

267 1361 334 1414 Et
360 1362 717 1417 turbabuntur
735 1365 941 1430 ipsulm,
964 1381 1030 1419 ne
1054 1374 1108 1419 et
1138 1367 1264 1435 ipsae
1288 1366 1483 1420 similia
1514 1368 1831 1423 sustineant.

263 1448 508 1504 Aliorum
543 1452 686 1506 enim
737 1452 905 1506 ruinae
950 1454 1192 1523 exempla
1231 1454 1497 1524 iustorum
1534 1464 1681 1521 sunt,
1709 1456 1833 1511 dum

263 1556 457 1596 omnes
486 1541 705 1597 inﬁrmo
735 1551 790 1598 et
814 1542 1065 1599 imbecilli
1127 1554 1271 1600 statu
1318 1544 1702 1615 ﬁuctuantique
1743 1562 1835 1602 ve-

263 1630 427 1701 stigio
456 1631 508 1684 in
536 1631 639 1685 isto
669 1632 863 1686 steculo
892 1647 1311 1688 commoramur.
1370 1635 1437 1688 Et
1460 1652 1729 1706 nunquam
1751 1644 1835 1691 est

266 1731 452 1773 nostra
493 1729 637 1774 certa
677 1737 970 1790 securaque
1002 1716 1249 1777 victoria.
1302 1723 1526 1791 Quando
1554 1726 1834 1796 egredien-

264 1819 352 1865 tur
395 1827 462 1865 ex
508 1822 560 1867 te
587 1814 677 1882 qui
704 1814 852 1883 prius
887 1822 1186 1879 steterant,
1240 1815 1323 1868 vel
1353 1817 1405 1870 in
1434 1818 1577 1870 exitu
1610 1826 1725 1881 tuo,
1778 1818 1831 1872 in

1939 646 1993 692 et
2036 639 2235 693 viventi
2289 639 2399 696 Deo
2432 655 2551 695 esse
2599 648 2890 693 cesserant.
2952 639 3020 693 Et
3058 640 3169 693 hoc
3206 638 3497 692 notandum

1940 730 2080 799 quod
2129 731 2386 799 quaeritur
2413 730 2587 800 Tyrus
2624 731 2689 783 ab
2724 744 2785 783 cn
2822 729 2915 797 qui
2966 729 3108 783 venit
3152 740 3415 797 quaerere,
3442 734 3500 783 et

1939 820 2144 874 salvum
2179 821 2357 876 facere
2411 822 2551 891 quod
2594 822 2845 890 perierat.
2888 822 2951 875 Et
2978 821 3265 890 nonaginta
3306 830 3497 874 novem

1937 911 2129 965 ovibus
2173 911 2229 965 in
2263 912 2537 965 montibus
2580 910 2879 972 derelictis,
2931 910 3121 980 qumrit
3154 924 3313 963 unam
3345 923 3502 963 erro-

1935 1016 2091 1054 uuam
2136 1015 2308 1054 ovem.
2364 1000 2550 1053 Mulier
2589 1014 2801 1067 quoque
2829 1014 2946 1067 qua:
2991 1014 3150 1052 unam
3187 999 3498 1052 drachmam

1938 1090 2241 1158 perdiderat
2271 1129 2285 1152 ,
2337 1091 2527 1158 quaerit
2563 1098 2617 1141 ct
2654 1088 2875 1144 invenit.
2924 1095 2979 1141 et
3004 1087 3206 1142 vicinas
3241 1095 3501 1141 convocat

1935 1182 2002 1235 ad
2025 1181 2219 1234 laetitia:
2238 1180 2551 1234 societatem
2569 1178 2718 1249 (Luc.
2743 1174 2879 1241 xvl.‘
2953 1175 2965 1193 ‘
3010 1176 3105 1230 Sin
3132 1186 3304 1232 autem
3322 1176 3499 1244 requi-

1935 1281 2036 1325 sita
2060 1285 2165 1323 non
2193 1270 2464 1324 invenitur
2492 1268 2695 1338 Tyrus.
2727 1283 2831 1322 non
2859 1274 2942 1321 est
2975 1267 3263 1335 quaerentis
3288 1265 3495 1327 vitium,

1935 1357 2027 1413 sed
2054 1360 2171 1428 ejus
2197 1358 2287 1426 qui
2317 1358 2440 1411 boni
2469 1358 2700 1426 pastoris
2723 1356 2918 1427 fugerit
2950 1368 3187 1409 manum.
3245 1352 3311 1405 Et
3337 1352 3499 1417 ultra,

1936 1452 2129 1520 inquit,
2155 1466 2262 1503 non
2283 1450 2386 1503 eris
2410 1449 2465 1503 in
2489 1449 2877 1518 sempiternum,
2902 1447 3037 1501 ‘sive
3070 1455 3128 1499 ut
3157 1445 3209 1498 in
3240 1444 3503 1499 liebraico

1935 1544 2093 1597 lotam
2117 1583 2131 1606 ,
2165 1551 2221 1597 et
2262 1542 2315 1595 in
2361 1541 2548 1596 Graeco
2592 1543 2716 1596 διιὼν
2753 1539 3028 1602 scribitur,
3055 1553 3219 1591 unmn
3248 1537 3502 1591 stcculum

1936 1632 2206 1702 signiﬁcat
2225 1630 2375 1699 juxta
2406 1621 2741 1693 illud'lsaire,
2773 1628 2867 1697 qui
2898 1636 3019 1696 post
3045 1628 3379 1696 septuaginta
3406 1640 3502 1680 an-

1938 1738 2036 1777 nos
2065 1722 2196 1777 dicit
2221 1721 2423 1792 Tyrum
2451 1720 2836 1775 restituendam
2889 1718 2941 1775 in
2973 1717 3238 1784 integrum
3280 1724 3498 1770 statum.

1934 1802 2099 1865 Aiunt
2144 1820 2322 1866 autem
2360 1825 2524 1863 unum
2555 1809 2831 1873 saaculum,
2870 1808 2923 1862 id
2952 1814 3052 1871 est,
3082 1807 3334 1859 aliumanaa
3366 1812 3501 1859 tem-

264 1900 374 1954 ﬁne
402 1940 416 1965 ,
448 1911 504 1956 et
532 1903 990 1957 consummatione
1023 1913 1131 1967 tua,
1180 1920 1286 1958 non
1328 1906 1470 1959 enim
1504 1922 1566 1959 ex
1614 1915 1827 1975 praeter—

1938 1917 2035 1971 pus
2066 1901 2242 1955 aetatis
2282 1899 2616 1969 septuaginta
2659 1913 2920 1952 annorum
2958 1911 3181 1951 numero
3205 1896 3499 1965 supputari,

267 1990 389 2051 itis,
436 1991 530 2045 sed
571 2007 637 2045 ex
684 1993 1034 2061 prtesentibus
1074 1994 1396 2062 iudicamur.
1425 1994 1835 2065 Cavendumque

265 2094 351 2139 est
374 2095 427 2139 et
453 2100 665 2155 semper
696 2087 1011 2151 timendum,
1043 2102 1108 2142 ne
1136 2096 1372 2144 veterem
1400 2087 1626 2158 gloriam
1657 2099 1711 2142 et
1751 2102 1837 2143 so-

262 2174 425 2229 lidam
451 2175 755 2230 ﬁrmitatem
785 2178 943 2232 unius
977 2179 1123 2232 hora:
1152 2178 1380 2247 procella
1406 2180 1700 2233 subvertat.

343 2285 364 2316 ‹
398 2266 530 2331 Quia
559 2269 672 2321 hzec
703 2269 833 2322 dicit
882 2269 1138 2324 Dominus
1176 2268 1337 2335 Deus,
1387 2286 1507 2324 cum
1557 2272 1753 2326 dedero
1784 2281 1834 2327 te

275 2373 291 2403 ε
329 2357 517 2409 urbem
566 2356 855 2411 desolatam
902 2359 1043 2412 sicut
1082 2360 1328 2414 civitates
1368 2376 1486 2430 quae
1536 2376 1639 2416 non
1679 2361 1834 2415 habi-

270 2462 288 2493 ι
331 2452 543 2508 tantur,
566 2455 619 2498 et
648 2446 919 2501 adduxero
944 2462 1104 2517 super
1141 2459 1191 2503 te
1230 2451 1498 2519 abyssum,
1532 2459 1585 2505 et
1610 2465 1837 2520 Operue-

272 2552 290 2583 ι
328 2533 434 2585 rint
480 2541 530 2588 te
576 2549 727 2604 aquae
773 2536 971 2602 multm,
1011 2545 1065 2591 et
1093 2539 1377 2594 detraxero
1411 2548 1460 2594 te
1482 2556 1603 2594 cum
1631 2541 1712 2594 bis
1743 2543 1833 2610 qui

272 2638 293 2674 ι
327 2621 660 2677 descendunt
707 2624 761 2678 in
812 2626 984 2680 lacum
1034 2628 1101 2680 ad
1144 2628 1396 2697 populum
1428 2630 1831 2697 sempiternum,

269 2733 293 2769 σ
328 2717 739 2774 etcollocavero
774 2728 825 2775 te
873 2720 925 2773 in
963 2729 1105 2775 terra
1138 2723 1447 2789 novissima,
1482 2724 1621 2778 sient
1648 2724 1835 2779 solitu—

270 2822 292 2857 ι
329 2806 479 2861 dines
525 2818 734 2861 veteres
783 2824 901 2864 cum
949 2811 1032 2865 his
1074 2812 1163 2880 qui
1210 2812 1544 2866 deducuntur
1574 2814 1626 2867 in
1660 2814 1833 2869 lacum

273 2914 294 2947 ι
330 2906 389 2950 ut
418 2914 523 2951 non
571 2899 845 2954 babiteris.
906 2900 1076 2954 Porio
1111 2917 1232 2955 cum
1274 2902 1474 2957 dedero
1519 2903 1741 2973 gloriam
1780 2908 1831 2960 in

272 3006 291 3038 ι
332 2997 472 3042 terra
502 2991 815 3055 viventium,
869 2992 921 3044 in
971 2993 1195 3046 nihilum
1240 2995 1477 3063 redigam
1527 3005 1597 3060 te,
1646 3002 1830 3052 etnon

269 3094 288 3127 ι
325 3077 458 3142 eris,
498 3087 553 3132 et
599 3079 855 3147 requisita
896 3095 1002 3133 non
1047 3081 1337 3136 invenieris
1366 3082 1502 3135 ultra
1546 3083 1597 3136 in
1638 3087 1834 3155 sempi—

270 3184 287 3216 ι
324 3175 555 3231 ternum,
584 3168 713 3235 dicit
743 3170 1000 3223 Dominus
1038 3169 1197 3224 Dens.
1228 3190 1261 3222 ιΔ
1298 3172 1432 3225 Cum
1466 3174 1830 3242 superioribus

1938 1992 2222 2048 Psalmista
2232 1992 2475 2046 dicente:
2500 2010 2519 2042 ι
2546 1990 2671 2045 Dies
2687 2005 2946 2044 annorum
2970 1997 3274 2043 nostrorum
3296 1988 3349 2041 in
3372 1988 3502 2057 ipsis

1937 2085 2277 2154 septuaginta
2320 2083 2444 2136 anni
2472 2100 2484 2135 :
2514 2082 2597 2136 sin
2641 2093 2817 2137 autem
2862 2083 2913 2136 in
2946 2081 3309 2152 potentatibus
3349 2087 3500 2135 octo-

1935 2174 2081 2244 ginta
2107 2174 2253 2237 anni,
2284 2172 2543 2241 quidquid
2564 2188 2743 2241 supra,
2770 2172 2922 2226 labor
2953 2180 3008 2226 et
3038 2171 3190 2227 dolor
3220 2178 3305 2225 est
3329 2168 3498 2240 (Psal.

1937 2265 2178 2334 LXXXIX).
2213 2285 2233 2316 δ
2272 2264 2370 2319 llic
2410 2273 2829 2337 μιταφραστικῶς
2871 2264 3109 2318 breviter
3147 2264 3214 2319 de
3246 2261 3390 2333 Tyro
3412 2262 3503 2315 di-

1938 2357 2136 2417 ximus,
2169 2355 2311 2423 quod
2363 2363 2419 2408 et
2460 2355 2524 2406 ad
2554 2369 2643 2407 eos
2676 2354 2861 2407 referri
2893 2361 3098 2422 potest,
3128 2353 3217 2422 qui
3248 2352 3299 2406 in
3329 2367 3501 2422 angu-

1936 2447 2036 2500 stia
2069 2447 2226 2515 hujus
2255 2444 2434 2499 smculi
2461 2445 2757 2509 constituti,
2790 2445 3125 2499 deducuntur
3175 2445 3240 2498 ad
3280 2443 3499 2505 inferos,

1935 2544 1989 2589 et
2035 2536 2354 2605 operiuntur
2400 2534 2639 2605 atyssis,
2686 2532 3037 2602 ﬂuctibusque
3084 2548 3398 2602 pmnarum,
3448 2540 3504 2586 et

1937 2624 2220 2677 trahuntur
2258 2625 2324 2677 ad
2365 2622 2619 2677 inferiora
2652 2630 2841 2687 terrae,-
2873 2632 2927 2676 et
2960 2623 3046 2677 his
3060 2622 3391 2692 copulantur
3409 2620 3504 2692 qui

1936 2716 1988 2769 in
2036 2716 2200 2770 veteri
2244 2715 2529 2769 solitudine
2578 2721 2722 2779 snrt,
2756 2723 2812 2769 et
2856 2716 3194 2771 deducuntur
3222 2717 3275 2771 in
3302 2716 3504 2782 lacum,

1935 2806 2046 2860 sive
2078 2806 2129 2860 in
2157 2804 2365 2860 foveam
2394 2806 2772 2874 sempiternam
2800 2845 2814 2871 ,
2848 2814 2904 2859 ut
2941 2806 3081 2860 ultra
3118 2822 3223 2860 non
3254 2806 3500 2860 habiten-

1939 2904 2022 2948 tur
2041 2912 2071 2949 a
2089 2894 2290 2965 Spiritu
2312 2905 2528 2961 sancto;
2556 2895 2622 2950 de
2649 2896 2846 2964 quibus
2869 2896 3127 2966 scriptum
3155 2904 3237 2951 est
3252 2914 3263 2947 :
3278 2895 3507 2965 «Impius

1934 2998 2053 3037 cum
2079 2985 2335 3038 ceciderit
2361 2985 2412 3040 in
2440 2983 2782 3054 profundum,
2806 2985 3147 3039 contemnit.»
3168 2984 3277 3040 Nec
3303 2985 3369 3040 de
3391 3000 3500 3041 ca:-

1935 3081 2050 3129 teto
2074 3081 2237 3128 erunt
2268 3074 2322 3127 in
2354 3082 2499 3127 terra
2524 3074 2838 3138 viventium,
2870 3076 2965 3128 sed
2991 3076 3243 3144 peribunt
3279 3083 3335 3129 et
3357 3074 3502 3131 redi-

1937 3172 2129 3234 gentur
2149 3165 2215 3219 ad
2244 3165 2418 3229 nihili,
2448 3174 2503 3220 et
2526 3166 2637 3221 Deo
2665 3180 2783 3221 esse
2829 3167 3156 3220 cessabunt:
3191 3160 3386 3235 quibus
3416 3175 3499 3221 te-

254 3257 420 3329 junge
448 3273 563 3329 qua:
582 3259 725 3315 dicta
756 3268 902 3327 sunt,
929 3261 1142 3331 quando
1176 3271 1227 3316 te
1257 3262 1472 3328 dedero,
1501 3280 1535 3318 ο
1558 3262 1715 3333 Tyre,
1746 3282 1833 3319 υιο.
1861 3242 1904 3303 (3
1936 3256 2203 3319 Stimoniis
2244 3258 2535 3311 abutuntur
2554 3299 2568 3323 ,
2621 3258 2711 3327 qui
2741 3258 2924 3312 dicunt
2958 3258 3243 3327 impiorum
3280 3270 3336 3315 et
3386 3273 3495 3317 non

260 3348 386 3403 bern
432 3349 485 3403 iu
530 3358 845 3419 perpetuum
890 3350 1203 3413 desolatam,
1254 3352 1393 3406 sicut
1427 3354 1672 3407 civitates
1716 3354 1833 3408 alite

259 3455 380 3510 qua:
420 3443 637 3496 omnino
688 3457 795 3495 non
836 3444 1167 3508 habitantur,
1211 3454 1264 3498 et
1293 3446 1564 3499 adduxere
1592 3461 1752 3515 super
1780 3455 1831 3500 te

258 3536 512 3605 abyssum
538 3575 551 3599 ,
602 3544 659 3589 et
701 3546 945 3605 operient
971 3546 1025 3591 te
1068 3551 1220 3606 aquae
1254 3539 1456 3601 multat,
1487 3536 1567 3591 vel
1598 3536 1828 3593 hostium

256 3623 481 3678 inﬁnita?
522 3624 911 3690 multitudines,
968 3624 1054 3679 vel
1095 3636 1245 3679 certe
1272 3627 1363 3694 qui
1396 3627 1463 3679 ad
1493 3627 1719 3681 insulam
1750 3628 1830 3681 lo-

257 3713 443 3781 quitur
475 3720 528 3767 et
558 3713 625 3767 ad
668 3714 855 3767 urbem
884 3714 937 3768 in
982 3713 1154 3768 insula
1189 3715 1534 3770 constitutam
1574 3725 1827 3791 τροπικῶς

254 3804 687 3860 adversariorum
702 3803 1055 3875 frequentiam
1070 3807 1244 3877 abyssi
1264 3805 1523 3861 ﬂuctibus
1532 3816 1824 3877 comparat.

262 3914 282 3948 r
316 3896 383 3950 Et
406 3896 687 3950 detraxero
716 3904 768 3950 te
789 3912 911 3951 cum
935 3896 1019 3951 his
1043 3898 1135 3965 qui
1162 3898 1493 3953 descendunt
1518 3898 1569 3953 in
1602 3899 1776 3954 lacum
1801 3922 1819 3954 ι

253 3985 371 4040 sive
400 3985 452 4039 in
477 3984 707 4049 foveam,
739 3985 805 4039 ad
829 4000 922 4041 eos
949 3986 1040 4055 qui
1071 3987 1121 4040 in
1147 3986 1357 4042 inferno
1378 3996 1519 4048 sunt.
1540 3989 1605 4042 de
1632 3990 1825 4057 quibus

253 4086 312 4132 et
338 4078 390 4131 in
426 4078 644 4148 psalmis
672 4078 932 4149 legimus:
973 4098 990 4129 ι
1014 4074 1315 4135 Introihunt
1354 4082 1406 4135 in
1441 4082 1690 4137 inferiora
1720 4094 1827 4139 ter-

254 4185 373 4233 rae,
427 4172 706 4225 tradentur
759 4172 812 4225 in
864 4178 1055 4228 manus
1105 4175 1300 4244 gladii,
1352 4185 1539 4245 partes
1586 4177 1822 4249 vulpium

253 4267 418 4314 erunt
442 4257 623 4330 (Psal.
649 4261 827 4332 exn);
857 4281 874 4313 ι
911 4264 975 4317 ad
1001 4264 1249 4332 populum
1272 4266 1654 4335 sempiternum
1693 4286 1711 4319 ι
1735 4269 1823 4323 ubi

251 4358 339 4405 est
364 4349 518 4403 ﬂetus
543 4350 816 4405 oculorum
847 4359 901 4405 ct
930 4352 1129 4405 stridor
1156 4354 1411 4407 dentium.
1447 4373 1464 4405 ι
1506 4355 1572 4408 Et
1597 4371 1829 4425 posuero

254 4447 308 4490 te
340 4438 392 4490 in
426 4445 566 4491 terra
593 4438 909 4503 novissima,
946 4439 1000 4492 in
1046 4454 1147 4508 qua
1185 4442 1434 4510 antiquus
1492 4444 1654 4498 draco
1690 4460 1820 4499 cnn-

1931 3356 2273 3415 peccatorum
2301 3359 2489 3414 poenas
2516 3361 2637 3401 esse
2663 3354 2947 3415 perpetuas
2974 3346 3065 3416 qui
3095 3348 3304 3417 quaesiti
3333 3364 3364 3402 ει
3386 3348 3498 3405 Deo

1933 3450 2037 3489 non
2059 3444 2185 3491 sunt.
2210 3434 2411 3488 inventi
2438 3474 2453 3499 ,
2498 3443 2554 3489 et
2579 3435 2633 3489 in
2661 3444 2865 3491 aeterno
2894 3450 3014 3491 esse
3036 3448 3352 3504 cessarunt,
3372 3440 3496 3509 quia

1930 3536 2027 3576 suo
2055 3521 2187 3575 vitio
2214 3516 2560 3591 perdiderunt
2584 3536 2713 3577 eum
2731 3524 2823 3593 qui
2849 3524 2978 3579 dicit
3006 3542 3018 3578 :
3054 3544 3073 3577 r
3100 3525 3213 3595 Ego
3239 3542 3363 3581 sum
3386 3526 3495 3583 vita

1931 3609 2113 3681 (Joan.
2142 3625 2220 3674 ιι,
2246 3609 2381 3681 xw).

2478 3737 2703 3793 CAPUT
2740 3738 2946 3793 XXVII.

1930 3828 2004 3883 De
2025 3830 2152 3898 ﬂetu
2174 3837 2221 3883 et
2247 3828 2400 3882 ruina
2425 3826 2548 3898 Tyri
2564 3869 2578 3891 ,
2604 3845 2720 3889 qua».
2754 3840 3089 3898 comparatur
3116 3833 3254 3888 navi.
3310 3833 3494 3890 Terra-

2248 3914 2361 3952 rum
2390 3900 2760 3967 negotiationes
2780 3899 3162 3955 describuntur.

2000 4026 2020 4059 σ
2047 4005 2115 4062 Et
2136 4006 2335 4061 factum
2359 4013 2441 4061 est
2462 4008 2684 4061 verbum
2711 4007 2919 4062 Domini
2949 4009 3013 4064 ad
3043 4026 3148 4076 me,
3173 4012 3355 4069 dicens
3376 4029 3390 4066 :
3412 4011 3495 4069 Tu

1932 4114 1949 4147 ‹
1982 4110 2131 4166 ergo,
2163 4094 2235 4149 ﬁli
2288 4095 2552 4161 hominis,
2596 4111 2806 4152 assume
2849 4112 3009 4167 super
3043 4099 3242 4170 Tyrum
3291 4101 3497 4175 lamen-

1931 4204 1946 4235 ο
1983 4193 2115 4250 ιυιη,
2146 4193 2199 4237 et
2228 4184 2373 4239 dices
2397 4183 2537 4254 Tyro
2562 4200 2680 4254 qua:
2706 4187 2914 4242 habitat
2950 4188 3000 4241 in
3031 4188 3249 4245 introitu
3287 4193 3491 4248 maris:

1931 4293 1948 4325 ι
1986 4274 2332 4344 negotiationi
2377 4273 2691 4343 populorum
2751 4276 2819 4329 ad
2864 4276 3065 4331 insulas
3104 4279 3335 4334 multas:
3369 4274 3494 4336 Hrec

1930 4384 1948 4415 ι
1984 4365 2114 4419 dicit
2134 4364 2393 4419 Dominus
2417 4364 2575 4431 Deus,
2594 4384 2610 4416 ι
2637 4375 2741 4420 etc.
2776 4366 2829 4421 Si
2855 4371 3073 4423 voluero
3094 4377 3257 4423 totam
3272 4371 3494 4439 prophe-

1925 4456 2051 4509 tiam
2079 4465 2264 4511 contra
2293 4455 2491 4526 Tyrum
2515 4497 2527 4521 ,
2552 4455 2662 4511 sive
2708 4473 2866 4527 super
2915 4457 3293 4517 lamentatione
3330 4461 3486 4532 Tyri,

252 4529 477 4581 stitutus
507 4536 607 4583 est.
665 4516 903 4585 Etsicut
938 4537 1151 4585 veteres
1200 4533 1512 4589 solitudines
1546 4543 1706 4605 atque
1733 4537 1824 4591 de—
1852 4574 1898 4631 Β
1926 4559 2032 4598 uno
2061 4558 2310 4599 sermone
2338 4516 2841 4615 comprehendere,
2869 4555 2923 4601 et
2947 4547 3163 4618 longum
3192 4516 3406 4616 faciani,
3438 4516 3494 4606 et

250 4624 437 4673 serta.
492 4617 581 4671 ubi
630 4618 771 4672 nulla
820 4619 1080 4673 bonorum
1128 4623 1459 4687 recordatio,
1512 4625 1604 4680 sed
1650 4641 1820 4695 pmnze

250 4715 415 4759 erunt
444 4708 805 4778 sempiternze,
835 4724 1007 4778 neque
1037 4717 1091 4762 te
1111 4709 1289 4765 fecero
1316 4713 1560 4777 suscitari
1592 4715 1642 4768 in
1679 4726 1819 4770 terra

253 4794 570 4858 viventium,
603 4794 668 4849 de
696 4811 801 4864 qua
832 4797 1090 4866 scriptum
1113 4806 1195 4852 est
1219 4817 1229 4851 :
1264 4817 1281 4849 ι
1310 4799 1460 4855 Beati
1491 4803 1666 4863 mites,
1689 4820 1822 4874 quo-

252 4885 399 4938 niam
430 4884 525 4952 ipsi
549 4885 896 4954 possidebunt
916 4895 1112 4941 terram
1140 4888 1356 4958 (Matth.
1386 4891 1461 4961 v).
1499 4910 1516 4942 ι
1549 4892 1614 4947 Et
1643 4894 1693 4947 in
1718 4896 1821 4950 alio

252 4976 372 5029 loco
406 4990 420 5027 :
459 4993 476 5025 ι
505 4974 734 5031 Placebo
780 4976 1004 5031 Domino
1050 4977 1100 5030 in
1131 4980 1350 5048 regione
1372 4981 1616 5036 vivorum
1647 4982 1816 5053 (Psal.

251 5066 452 5136 CXIV),I
489 5074 615 5121 tunc
648 5067 906 5137 redigeris
935 5068 986 5120 in
1013 5067 1182 5133 nihili,
1213 5070 1325 5123 sive
1351 5071 1551 5140 peribis
1581 5073 1631 5126 in
1661 5082 1817 5128 aeter-

251 5172 405 5211 num.
442 5156 663 5227 Etultra
692 5173 797 5211 non
824 5158 951 5220 eris,
1000 5158 1288 5213 secundum
1317 5160 1443 5214 illud
1472 5160 1611 5231 quod
1638 5157 1689 5216 in
1716 5164 1819 5219 alio

251 5247 372 5301 loco
399 5247 658 5316 scriptum
679 5257 763 5302 est
789 5265 801 5300 :
838 5265 854 5297 ς
884 5248 1100 5302 Dimitte
1124 5248 1252 5302 mihi
1273 5248 1821 5321 utrefrigererprius-

248 5352 414 5407 quam
445 5330 655 5402 abeam,
681 5346 734 5392 et
769 5338 994 5406 amplius
1034 5354 1138 5392 non
1182 5354 1275 5393 ero
1310 5340 1482 5410 (Psal.
1516 5344 1764 5413 xxxvm).
1792 5362 1808 5395 ι

250 5428 369 5481 Non
398 5428 536 5497 quod
559 5442 677 5482 esse
705 5428 1050 5498 desistat,qui
1082 5430 1131 5482 in
1154 5431 1327 5505 poenis
1354 5439 1437 5483 est
1461 5434 1819 5500 sempiternis,

248 5519 349 5572 sed
391 5519 528 5587 quod
561 5520 648 5586 qui
678 5518 786 5573 Deo
816 5535 920 5573 non
946 5520 1093 5583 vivit,
1115 5520 1165 5573 in
1198 5510 1493 5589 Scripturis
1517 5524 1717 5577 sanctis
1746 5525 1822 5578 di~

249 5618 409 5662 catur
453 5626 558 5663 non
608 5610 921 5665 subsistere.
982 5612 1130 5666 Unde
1163 5621 1216 5665 et
1243 5612 1437 5666 Esther
1466 5622 1648 5678 contra
1682 5615 1820 5669 idola

247 5697 497 5766 loquens,
530 5719 546 5749 ι
577 5716 645 5753 ne
681 5701 881 5765 tradas,
921 5700 1113 5769 inquit,
1141 5696 1412 5770 sceptrum
1442 5710 1591 5755 tuum
1628 5704 1709 5757 his
1730 5704 1819 5772 qui

248 5802 358 5837 mm
391 5796 515 5840 sunt
557 5786 767 5849 (Esther
798 5786 891 5856 tv).
926 5808 943 5839 ι
1011 5788 1205 5858 Utique
1246 5802 1400 5845 crant
1436 5793 1629 5861 quibus
1666 5793 1820 5848 obse-

1924 4646 2139 4687 sensum
2186 4633 2404 4688 lectoris
2438 4634 2748 4699 obscurum,
2778 4634 2903 4688 dum
2953 4637 3130 4691 omnia
3176 4638 3334 4691 simul
3384 4654 3493 4695 non

1923 4731 2101 4792 potest
2140 4732 2322 4777 mente
2370 4724 2625 4788 retinere,
2666 4724 2931 4794 praecipue
2974 4726 3027 4780 in
3075 4726 3270 4795 quibus
3296 4726 3363 4782 ab
3386 4726 3493 4783 lle-

1922 4811 2105 4866 braieo
2139 4812 2194 4865 in
2235 4811 2336 4866 hoc
2367 4811 2484 4866 loco
2523 4810 2865 4883 Septuaginta
2892 4812 3056 4869 editio
3075 4814 3364 4884 discrepat,
3392 4815 3493 4873 hoc

1924 4911 2004 4957 est
2047 4903 2189 4972 quod
2254 4901 2590 4967 addiderint,
2642 4916 2827 4970 quzeve
2866 4904 3249 4958 subtraxerint.
3307 4904 3493 4974 Itaque

1925 4998 2109 5048 nostra
2146 4992 2347 5047 erimus
2394 4991 2832 5060 interpretatione
2881 4992 3161 5057 contenti,
3224 5000 3278 5047 et
3322 4992 3492 5047 sicubi

1924 5080 2201 5135 dissonant.
2241 5097 2305 5135 ex
2328 5080 2492 5133 latere
2517 5079 2902 5148 copulabimus,
2933 5080 3224 5150 perfectam
3250 5084 3489 5137 omnium

1924 5169 2035 5224 Deo
2066 5168 2386 5223 sententiam
2420 5167 2778 5237 relinquentes
2819 5185 2832 5222 :
2880 5178 2935 5224 et
2962 5170 3094 5239 quid
3134 5171 3287 5224 nobis
3310 5172 3491 5227 videa-

1925 5267 2012 5312 tur
2037 5259 2091 5312 in
2122 5257 2343 5328 singulis
2362 5257 2596 5311 breviter
2618 5258 3043 5314 admonebimus.
3096 5259 3194 5327 Qui
3220 5260 3489 5331 plangitur

1926 5347 2101 5401 adhuc
2123 5361 2265 5400 cura:
2294 5354 2377 5401 est
2404 5347 2451 5400 ei
2482 5363 2511 5400 a
2535 5362 2640 5417 quo
2665 5347 2934 5417 plangitur
2967 5364 2981 5402 :
3017 5350 3157 5403 unde
3184 5358 3239 5404 et
3270 5350 3485 5407 Samuel

1927 5434 2083 5489 ﬁebat
2138 5444 2298 5503 atque
2340 5434 2627 5504 plangebat
2663 5450 2824 5503 super
2850 5434 2975 5491 Saul
3022 5436 3069 5507 (1
3104 5436 3228 5508 Reg.
3265 5437 3375 5507 xv).
3425 5438 3492 5492 Et

1927 5523 2197 5593 apostolus
2234 5523 2435 5577 Paulus
2462 5522 2679 5588 (llCor.
2715 5524 2811 5595 xu)
2856 5524 3195 5592 lamentatur,
3247 5530 3302 5582 et
3345 5527 3487 5598 luget

1925 5630 2085 5683 super
2128 5614 2211 5668 his
2254 5614 2343 5684 qui
2392 5613 2641 5668 fornicati
2670 5624 2813 5680 sunt,
2858 5626 2909 5670 et
2938 5632 3043 5670 non
3068 5627 3294 5687 egerunt
3320 5618 3491 5687 paeni-

1926 5703 2165 5758 tentiam.
2220 5702 2285 5755 Et
2348 5701 2608 5757 Jeremias
2676 5703 3084 5760 lamentationes
3126 5722 3286 5776 super
3338 5722 3491 5760 ever-

1923 5792 2075 5846 sione
2104 5788 2396 5844 Jerusalem
2438 5792 2670 5857 q’uatuor
2702 5792 2886 5846 scribit
2920 5793 3233 5862 alphabetis.
3274 5793 3489 5847 llabitat
