3936 6356
1114 439 1175 493 Β.
1217 436 1469 491 RABANI
1510 436 1724 493 MAURI
1765 434 2080 490 AliClllEI’.
2126 433 2433 492 MOGUNT.
2475 435 2759 493 OPERUM
2798 437 2975 493 PARS
3015 438 3083 494 ll.

3635 439 3736 496 ’ῖτῖ

472 562 602 620 ergo
642 550 796 621 juxta
840 552 1077 623 litteram
1120 552 1295 624 Tyrus
1333 552 1445 607 sive
1472 551 1574 606 Sor
1600 553 1653 606 in
1682 550 1902 605 introitu
1930 565 2045 604 ma—
2070 550 2118 609 Α
2147 560 2239 600 eos
2286 524 2589 601 intellectus
2635 547 2901 602 abietibus
2932 548 3045 603 sive
3067 549 3246 604 cedris
3274 548 3342 605 de
3365 550 3551 612 Sanir,
3583 552 3736 603 navis

474 640 568 703 ris,
602 642 681 695 vel
708 643 848 712 quod
878 644 1026 712 prius
1052 644 1224 699 insula
1251 642 1351 697 fuit
1374 684 1388 707 ,
1424 643 1506 698 vel
1540 642 1680 712 quod
1714 651 1875 712 portu
1895 641 2049 697 tutis-

470 728 611 783 simo
658 730 723 784 de
774 730 883 785 alto
924 733 1198 787 venientes
1225 734 1415 803 recipit
1442 748 1623 788 naves.
1682 733 1750 787 Et
1776 742 1856 788 est
1886 749 2048 805 nego-

473 818 623 872 tiatio
647 821 967 889 populorum
999 826 1065 878 ad
1114 824 1316 879 insulas
1346 826 1573 890 multas,
1615 826 1728 879 sive
1761 825 1827 880 de
1857 825 2048 882 insulis

471 906 675 963 multis.
718 909 871 977 Quod
920 913 1136 983 quidem
1180 908 1351 984 usque
1398 916 1556 971 hodie
1596 926 1940 987 perseverat,
1992 927 2050 975 ut

466 996 709 1052 ninnium
757 1000 810 1054 in
862 1002 948 1056 illa
992 1006 1372 1074 propemodum
1417 1007 1652 1077 gentium
1694 1021 2048 1063 exerceantur

465 1090 809 1143 commercia.
894 1092 1137 1163 Cmptam
1186 1104 1363 1149 autem
1422 1096 1913 1167 interpretationem
1963 1114 2047 1155 se-

466 1186 696 1247 quentes
723 1181 980 1251 quidquid
1011 1184 1077 1238 de
1108 1184 1249 1255 Tyro
1277 1184 1471 1251 dicitur
1507 1188 1804 1244 referamus
1838 1190 1902 1244 ad
1947 1207 2047 1247 an-

464 1268 671 1337 gustias
696 1270 852 1324 istius
880 1273 1098 1339 mundi,
1149 1275 1240 1343 qui
1283 1275 1334 1328 in
1376 1277 1608 1346 maligno
1630 1280 1834 1347 positus
1863 1289 1964 1346 est,
1992 1290 2047 1335 et

466 1359 628 1412 variis
658 1362 1151 1427 perturbationibus
1181 1368 1333 1435 quasi
1362 1365 1609 1423 ﬂuctibus
1631 1381 1939 1425 coarctatur
1967 1382 2048 1427 at-

466 1462 572 1515 que
620 1452 938 1519 percutitur.
1001 1453 1077 1509 De
1133 1455 1501 1524 hujuscemodi
1543 1462 1966 1530 negotiatoribus
1993 1474 2050 1519 et

467 1538 519 1592 in
550 1540 757 1608 psalmo
784 1543 1008 1612 mystico
1037 1560 1284 1601 sermone
1317 1558 1565 1605 narratur
1592 1568 1604 1603 :
1642 1568 1660 1601 ι
1692 1549 1794 1618 Qui
1824 1552 2047 1607 descen-

463 1629 596 1683 dunt
626 1646 775 1687 mare
798 1633 849 1686 in
880 1636 1127 1701 navibus,
1151 1636 1774 1709 facientcs‘operationes
1806 1646 1858 1699 in
1888 1648 2043 1716 aquis

467 1720 693 1789 multis,
744 1723 844 1793 ipsi
894 1727 1145 1783 viderunt
1189 1746 1352 1799 opera
1400 1733 1649 1800 Domini,
1698 1745 1750 1791 et
1783 1738 2046 1794 mirabilia

462 1808 579 1879 ejus
607 1812 658 1865 in
683 1814 947 1881 profundo
974 1817 1148 1887 (Psal.
1180 1823 1311 1891 cvi).
1343 1841 1361 1872 ι

2152 634 2328 706 Tyria:
2357 636 2592 691 tabulata
2619 637 2917 703 caeduntur,
2957 639 3155 707 quibus
3177 640 3376 692 texitur
3401 651 3568 709 atque
3589 654 3738 695 com-

2150 726 2410 795 pingitur,
2464 736 2517 781 et
2551 727 2711 782 cedro
2755 728 2871 782 sive
2913 729 3190 797 cyparisso
3218 729 3285 783 de
3312 727 3518 783 Libano
3560 729 3737 785 malus

2150 816 2300 885 ejus;
2329 818 2595 873 abietibus
2625 827 2843 888 prepter
2864 819 3134 874 levitatem
3157 821 3551 891 juncturasque
3580 822 3737 875 tabu-

2153 906 2328 961 larum
2357 908 2571 963 mollius
2600 910 2827 964 invicem
2856 924 2913 964 se
2946 912 3239 965 tenentium
3271 923 3435 980 atque
3472 913 3733 967 morden-

2152 997 2308 1058 tium,
2356 998 2470 1051 sive
2517 999 2717 1064 cedi-is,
2749 1000 2891 1070 quod
2930 1000 3133 1071 lignum
3161 1002 3487 1071 imputrihile
3512 1016 3614 1059 est.
3657 1006 3734 1058 lle

2151 1086 2313 1142 Sanir
2362 1099 2542 1143 autem
2574 1091 2771 1146 dicitur
2821 1093 2963 1160 quod
3000 1094 3387 1164 interpretatur
3420 1096 3504 1149 via
3553 1096 3730 1151 lucer-

2149 1194 2251 1243 nae,
2281 1188 2394 1243 aut,
2431 1188 2487 1233 ut
2512 1196 2608 1234 nos
2641 1181 2819 1236 verius
2849 1183 3200 1248 arbitramur,
3235 1186 3374 1240 Deus
3404 1186 3729 1256 vigiliarum,

2150 1286 2214 1323 eo
2238 1270 2381 1341 quod
2417 1272 2594 1326 omnis
2614 1273 2770 1327 navis
2798 1276 3130 1344 prosperitas
3173 1286 3227 1329 et
3258 1276 3543 1332 illustratio
3572 1292 3733 1332 vene-

2151 1361 2221 1415 rit
2242 1376 2307 1416 ex
2339 1377 2465 1418 vero
2510 1363 2733 1419 lumine.
2792 1365 2953 1419 Sanir
3000 1376 3175 1421 autem
3226 1384 3381 1423 rnons
3405 1369 3559 1439 juxta
3588 1368 3732 1423 litte-

2152 1467 2264 1506 ram
2289 1452 2403 1521 ipse
2414 1462 2498 1507 est
2522 1454 2614 1521 qui
2636 1464 2690 1507 et
2712 1454 2971 1522 llermon,
2994 1472 3155 1526 quem
3178 1457 3269 1511 alii
3289 1468 3486 1514 vocant
3503 1458 3727 1514 Sanior:

2150 1543 2265 1611 lege
2305 1544 2611 1599 historiam.
2642 1544 2881 1601 Libanus
2925 1547 3312 1617 interpretatur
3364 1550 3567 1606 candor
3617 1552 3732 1604 sive

2150 1634 2435 1700 dealbatio,
2460 1637 2602 1707 quod
2630 1647 2684 1691 et
2708 1637 2879 1707 ipsum
2904 1638 2970 1692 ad
3006 1639 3231 1710 gratiam
3256 1641 3491 1709 pertinet
3518 1640 3733 1696 aliunde

2151 1727 2472 1781 venientem.

2228 1837 2245 1867 ‹
2282 1816 2524 1884 Quercus
2568 1819 2633 1873 de
2677 1819 2852 1874 Basan
2900 1821 3215 1876 dolaverunt
3263 1823 3314 1876 in
3362 1838 3543 1878 remos
3588 1833 3728 1887 tuos,

539 1918 557 1951 ι
590 1899 635 1956 ο
661 1900 822 1973 Tyre,
857 1915 911 1960 ιυ
938 1906 1123 1964 dixisti
1152 1929 1163 1963 ε
1205 1911 1435 1968 Ρρτςεοιί
1464 1914 1675 1972 decoris
1700 1933 1796 1988 ego
1819 1936 1959 1985 sum,
1995 1931 2050 1976 οι
2078 1917 2122 1975 Β
2158 1925 2176 1957 ‹
2219 1916 2452 1962 transtra
2485 1918 2572 1963 tua
2604 1910 2849 1966 fecerunt
2881 1914 2976 1968 tibi
3002 1928 3068 1967 ex
3091 1913 3254 1967 ebore
3282 1913 3486 1979 Indico,
3515 1924 3569 1968 et
3597 1930 3733 1983 pnn-

468 2009 485 2041 ι
513 1992 572 2045 in
606 1995 768 2050 corde
799 2000 966 2054 maris
1012 2001 1133 2056 sita.
1169 2022 1186 2051 ι
1224 2002 1461 2058 Primum
1494 2007 1694 2060 crimen
1718 2019 1801 2063 est.
1843 2009 1969 2082 Tyri
2000 2013 2045 2066 si

460 2083 589 2150 quid
614 2084 827 2140 videtur
855 2087 1055 2144 habere
1084 2091 1232 2156 boni,
1256 2108 1362 2147 non
1384 2094 1477 2149 Dei
1504 2106 1713 2165 putare,
1746 2101 1838 2153 sed
1864 2116 2041 2166 suum,

460 2177 514 2222 et
538 2185 752 2226 omnem
780 2174 1233 2243 pulchritudinem
1251 2221 1265 2242 ,
1310 2197 1428 2250 qum
1456 2182 1529 2236 illi
1556 2183 1623 2237 de
1647 2184 1873 2242 diversis
1898 2189 2045 2242 venit

463 2261 791 2331 regionibus,
822 2266 1052 2334 propria:
1078 2269 1351 2325 mstimare
1387 2271 1676 2343 diligentia:
1724 2282 1886 2345 atque
1934 2278 2041 2330 vir-

461 2352 609 2406 tutis.
646 2352 791 2406 Dixit
816 2355 986 2421 enim,
1026 2377 1042 2407 ι
1073 2357 1303 2414 Perfecti
1351 2360 1561 2417 decoris
1581 2378 1682 2433 ego
1716 2380 1855 2430 sum,
1886 2386 1904 2416 ι
1933 2367 2045 2422 sive

460 2458 561 2514 ego
587 2445 716 2499 mihi
748 2448 1076 2504 circumdedi
1107 2453 1379 2517 decorem,
1416 2470 1539 2509 eum
1568 2456 1639 2509 sit
1672 2457 1723 2510 in
1751 2459 1912 2513 corde
1945 2459 2046 2514 hoc

458 2538 619 2592 estin
652 2540 827 2594 medio
857 2542 1023 2596 maris
1049 2542 1172 2607 sita,
1202 2552 1257 2597 et
1285 2546 1438 2614 quasi
1481 2546 1655 2601 insula
1678 2557 1960 2603 moveatur
1990 2558 2044 2605 et

456 2628 694 2694 ﬂuctuet,
731 2640 784 2684 et
811 2632 1073 2686 undarum
1108 2633 1428 2690 illisionibus
1475 2637 1866 2707 confringatur.
1893 2640 2045 2706 Quod

460 2727 639 2773 autem
668 2735 764 2774 cor
786 2723 950 2777 maris
982 2724 1215 2778 medimn
1241 2725 1524 2796 significet,
1565 2740 1617 2783 et
1654 2730 1741 2784 ille
1764 2731 2043 2800 propheti-

458 2825 556 2863 cus
588 2825 768 2865 sermo
805 2812 1139 2869 demonstrat
1171 2834 1183 2869 :
1236 2835 1254 2865 ι
1279 2816 1569 2886 Propterea
1599 2834 1703 2873 non
1738 2821 2045 2878 timebimus

458 2914 580 2953 cum
626 2901 838 2971 turbata
869 2901 1029 2959 fuerit
1057 2912 1224 2972 terra,
1267 2915 1322 2961 et
1352 2909 1595 2964 translati
1628 2920 1839 2965 montes
1870 2913 1923 2966 in
1952 2928 2046 2967 cor

458 2991 625 3045 maris
671 3010 683 3045 :
730 3004 1029 3048 sonuerunt
1076 3004 1132 3051 et
1191 2998 1419 3055 turbata:
1471 3009 1598 3055 sunt
1653 3017 1805 3071 aqua:
1854 3018 2043 3059 eorum

459 3081 634 3151 (ἔδεαι.
666 3084 809 3172 xpv).
844 3104 863 3137 ι
902 3084 1009 3141 Sed
1038 3095 1093 3141 et
1126 3088 1384 3144 Dominus
1425 3100 1608 3146 noster
1641 3093 1695 3147 in
1730 3094 1894 3149 corde
1929 3104 2042 3149 ter-

464 3187 556 3237 ne,
588 3172 691 3228 hoc
717 3182 801 3228 cst
842 3175 896 3229 in
924 3177 1123 3243 medio,
1169 3187 1225 3232 et
1264 3180 1329 3232 ad
1358 3178 1560 3236 inferos
1590 3182 1788 3237 dicitur
1814 3184 2041 3239 descen-

2154 2013 2172 2045 ι
2213 1995 2403 2050 toriola
2430 1998 2496 2051 de
2530 1998 2720 2053 insulis
2754 2000 2937 2059 Italiae.
2972 2019 2991 2053 ι
3027 2000 3234 2066 Quanta
3264 2002 3609 2071 pulchritudo
3640 2018 3733 2057 na-

2148 2086 2228 2138 vis
2258 2094 2313 2141 et
2343 2086 2688 2155 supellectilis
2719 2091 2859 2159 ejus,
2891 2098 2951 2143 ut
2975 2104 3153 2145 remos
3196 2091 3418 2145 haberet
3456 2092 3730 2157 cedrinos,

2148 2193 2251 2231 non
2283 2179 2575 2243 undelibet,
2608 2182 2701 2235 sed
2741 2182 2805 2236 de
2845 2180 3040 2246 Basan,
3068 2190 3122 2237 et
3152 2192 3387 2237 transtra
3414 2186 3652 2239 eburnea
3679 2194 3734 2240 et

2149 2265 2459 2333 praetoricia
2508 2268 2621 2322 sive
2651 2268 2866 2326 cellaria
2900 2270 2955 2323 in
2988 2271 3185 2339 quibus
3212 2287 3422 2351 merces
3456 2276 3735 2343 pretiosis-

2148 2355 2298 2408 simm
2342 2367 2692 2425 reponuntur,
2732 2359 2798 2413 de
2833 2360 3020 2415 insulis
3060 2360 3337 2428 Chettiim,
3369 2365 3511 2432 quod
3552 2380 3651 2419 nos
3680 2366 3731 2418 in

2150 2441 2357 2496 Italiam
2392 2446 2670 2512 vertimus,
2723 2462 2792 2501 ex
2834 2463 2898 2502 ea
2934 2451 3153 2521 regione
3204 2468 3324 2521 qua:
3367 2453 3592 2508 Grmcim
3608 2469 3732 2523 pro-

2147 2532 2400 2602 pinquior
2426 2542 2531 2599 est,
2563 2549 2751 2592 omnes
2780 2539 3190 2594 occidentalium
3221 2542 3521 2597 insularum
3550 2554 3733 2613 partes

2151 2623 2524 2695 intelligentes.
2576 2627 2827 2683 Dicamus
2878 2646 3006 2701 ergo
3044 2629 3201 2699 juxta
3249 2637 3515 2707 ἀναγωγὴν
3557 2649 3731 2691 remos

2153 2712 2268 2768 fieri
2306 2716 2457 2777 navis
2504 2714 2679 2788 Tyria:
2727 2719 2791 2773 de
2825 2718 3000 2774 Basan
3028 2761 3043 2787 ,
3097 2724 3165 2777 de
3214 2738 3320 2791 qua
3346 2733 3398 2777 et
3430 2724 3482 2777 in
3510 2724 3732 2794 psalmis

2147 2803 2404 2858 scribitur
2436 2823 2447 2858 :
2487 2823 2506 2855 ι
2536 2805 2681 2860 Dixit
2728 2806 3025 2876 Dominus,
3066 2811 3134 2865 de
3174 2810 3346 2866 Basau
3393 2823 3730 2879 convertam,

2149 2902 2466 2949 convertam
2512 2894 2579 2952 de
2621 2896 2887 2966 profundo
2933 2900 3100 2955 maris
3143 2899 3315 2973 (Psal.
3367 2905 3557 2973 van).
3589 2923 3608 2956 ι
3666 2904 3729 2959 Et

2151 2984 2505 3055 ignominiam
2527 2996 2878 3055 peccatorum
2908 2992 3176 3045 convertit
3203 2991 3480 3058 Dominus,
3516 3003 3572 3047 et
3602 3009 3729 3049 cou-

2148 3077 2313 3131 vertit
2340 3076 2395 3131 in
2425 3091 2606 3133 remos
2632 3117 2648 3145 ,
2697 3090 2755 3133 ut
2794 3095 2919 3134 cum
2957 3081 3214 3150 apostolis
3255 3083 3575 3155 navigantes
3606 3100 3725 3154 pos-

2149 3165 2257 3219 sint
2303 3166 2371 3219 ad
2424 3176 2625 3222 terram
2668 3177 2725 3227 ,et
2773 3170 2840 3223 ad
2876 3168 3056 3224 littora
3108 3168 3412 3241 pervenire.
3472 3173 3541 3227 Et
3596 3174 3727 3229 ﬁunt

457 3262 619 3318 disse.
686 3263 822 3319 Vera
872 3277 1049 3322 autem
1091 3278 1145 3323 et
1170 3270 1408 3339 perfecta
1443 3272 1787 3342 pulchritudo
1813 3277 1865 3329 in
1897 3277 2041 3332 nullo
2070 3259 2115 3319 (ἶ
2149 3262 2385 3308 "‘msm‘
2413 3255 2479 3310 de
2507 3256 2690 3322 θδθτθν
2720 3273 2843 3312 cum
2867 3259 3317 3315 monmcaveri'“
3354 3275 3581 3329 corpora
3608 3277 3723 3326 δυ³¹

463 3353 743 3408 hominum
772 3356 876 3410 nisi
903 3356 957 3411 in
988 3357 1188 3413 Christi
1216 3376 1461 3431 corpore,
1493 3364 1635 3432 quod
1657 3364 2044 3434 interpretatur

457 3440 725 3507 Ecclesia,
756 3452 809 3497 et
833 3445 1121 3501 multorum
1152 3458 1462 3504 sanctorum
1491 3452 1782 3507 virtutibus
1813 3469 2041 3524 congre-

456 3538 638 3603 gatur.
683 3532 836 3590 Unde
885 3544 941 3591 et
978 3536 1097 3606 ipse
1144 3537 1384 3608 loquitur
1429 3540 1497 3595 ad
1524 3556 1816 3611 sponsam:
1863 3542 2041 3599 «Tota

458 3621 683 3693 pulchra
712 3637 791 3689 es,
822 3626 1067 3695 proxima
1116 3642 1253 3694 mea,
1305 3638 1359 3684 et
1408 3631 1617 3686 macula
1664 3649 1769 3687 non
1797 3636 1958 3690 estin
1994 3645 2045 3692 te

466 3709 642 3784 (Cant.
672 3714 767 3785 tv).
804 3735 823 3767 ι

543 3822 562 3854 ι
590 3803 831 3860 Finitimi
882 3807 955 3860 tui
997 3824 1087 3879 qui
1140 3818 1189 3863 te
1237 3809 1639 3867 redilicaverunt
1684 3814 2044 3885 impleverunt

467 3912 485 3945 ι
522 3894 771 3951 decorem
797 3905 967 3952 tuum.
1000 3898 1281 3955 Abietibus
1303 3903 1369 3957 de
1391 3891 1553 3957 San'ir
1576 3913 1961 3962 exstruxerunt
1993 3918 2046 3964 te

468 4002 485 4033 ι
522 3998 646 4038 cum
674 3986 922 4042 omnibus
968 3989 1220 4045 tabulatis
1255 3992 1440 4046 maris.
1484 3986 1718 4048 Cedrum
1747 3996 1813 4051 de
1838 3996 2046 4053 Libano

465 4092 485 4125 σι
523 4073 760 4129 tulerunt
788 4084 845 4130 ut
869 4075 1110 4132 facerent
1141 4079 1236 4135 tibi
1275 4080 1493 4135 malum.
1529 4101 1547 4132 ι
1586 4082 1630 4139 Ο
1660 4083 1845 4153 igitur,
1876 4085 2038 4159 Tyre,

460 4177 581 4230 qua:
610 4164 791 4219 dixisti
836 4180 935 4235 per
980 4168 1285 4237 superbiam
1315 4210 1329 4236 ,
1387 4188 1405 4223 ι
1437 4169 1667 4227 Perfecti
1702 4174 1912 4230 decoris
1948 4191 2046 4247 ego

463 4268 604 4319 sum,
651 4257 765 4311 sive
797 4272 897 4326 ego
944 4259 1197 4315 decorem
1251 4263 1383 4316 mihi
1413 4264 1763 4333 circumdedi,
1799 4282 1923 4322 cum
1970 4269 2047 4324 sis

464 4341 568 4395 sita
598 4342 650 4395 in
697 4344 875 4399 medio
915 4346 1071 4410 mari,
1123 4348 1247 4402 audi
1288 4360 1490 4418 quanta
1540 4352 1636 4407 tibi
1677 4353 1771 4407 Dei
1797 4354 2046 4425 largitate

464 4434 658 4489 collata
686 4436 812 4490 sint.
849 4437 1085 4493 Finitimi
1112 4449 1168 4495 et
1194 4444 1517 4521 contermini
1569 4446 1674 4511 tui,
1724 4446 1814 4515 qui
1847 4463 1949 4501 non
1981 4449 2046 4503 de

463 4526 767 4597 longinquis
787 4528 880 4583 sed
912 4529 977 4582 de
1000 4531 1189 4586 vicinis
1212 4541 1338 4586 sunt
1367 4534 1693 4603 regionibus,
1715 4536 1818 4606 ipsi
1850 4538 2033 4607 imple-

463 4629 657 4698 verunt
683 4622 932 4677 decorem
965 4634 1146 4693 tuum;
1191 4637 1246 4681 et
1285 4636 1341 4683 tu
1385 4640 1545 4700 putas
1578 4640 1728 4685 tuum
1754 4647 1874 4688 esse
1899 4635 2043 4703 quod

464 4695 697 4764 alienum
728 4712 846 4765 est?
890 4712 952 4765 Et
984 4713 1221 4784 loquitur
1248 4718 1403 4785 quasi
1432 4718 1499 4772 ad
1541 4734 1731 4774 navem
1763 4730 2038 4795 τροπικῶς,

466 4799 615 4853 urbis
642 4799 952 4867 signiﬁcans
980 4802 1462 4871 pulchritudinem,
1498 4818 1552 4862 et
1589 4824 1769 4863 rerum
1803 4811 2041 4865 omnium

469 4887 853 4942 abundantiam
877 4928 893 4957 ,
942 4899 1001 4944 ut
1040 4901 1321 4961 postquam
1349 4895 1652 4951 universam
1684 4897 1825 4954 illius
1868 4900 2043 4969 supel-

468 4980 696 5035 .cctilem
724 4983 1087 5053 descripserit,
1119 4985 1334 5051 malum,
1360 4998 1643 5053 antennas,
1675 5004 1876 5054 remos,
1904 4991 2042 5059 vela,

468 5086 703 5139 proram,
728 5075 989 5137 carinam,
1015 5074 1191 5140 funes,
1214 5078 1508 5146 open-toria,
1534 5080 1721 5149 pelles,
1745 5089 1799 5136 et
1825 5092 2052 5149 caetera,-

466 5161 664 5229 quibus
714 5164 931 5217 navium
981 5166 1181 5233 optime
1230 5168 1617 5224 instructarum
1645 5188 1775 5228 usus
1821 5174 2037 5244 indiget,

473 5259 599 5303 tunc
628 5246 999 5321 tempestatem
1034 5255 1106 5307 illi
1130 5296 1142 5317 ,
1188 5266 1240 5311 et
1268 5267 1481 5329 ventum
1514 5270 1755 5316 austrum
1784 5279 1891 5333 quo
1939 5266 2040 5319 llu-

473 5347 591 5392 ctus
634 5343 850 5395 maximi
895 5347 1393 5414 connnovebuntur,
1438 5353 1618 5406 venire
1651 5354 1947 5420 denuntiet,
1988 5368 2042 5411 ct

470 5444 591 5482 eam
647 5430 925 5497 suhjacere
972 5435 1286 5507 naufragio;
1334 5455 1429 5507 per
1458 5456 1574 5509 qua:
1601 5443 1868 5511 signiticet
1896 5448 2044 5500 urbis

474 5513 646 5585 Tyriae
691 5525 1023 5577 eversionem
1047 5541 1076 5578 a
1124 5541 1247 5596 rege
1274 5526 1790 5597 Nabuchodonosor,
1821 5533 1958 5599 sive,
1990 5545 2046 5589 nt

474 5604 625 5659 multi
654 5617 863 5687 putant,
885 5610 952 5665 ab
976 5612 1276 5671 Alexandro
1300 5632 1428 5687 rege
1451 5616 1924 5691 Macedonum,qui
1953 5640 2047 5679 sex

477 5695 749 5750 mensibus
778 5698 946 5767 ipsam
972 5704 1159 5757 urbem
1190 5706 1466 5761 obsedisse
1512 5717 1565 5763 et
1609 5711 1815 5779 cepisse
1850 5728 2041 5767 narra-

475 5789 562 5835 {ur
591 5797 870 5859 postquam
917 5791 1136 5849 Darium
1173 5795 1301 5850 vicit
1344 5798 1397 5852 in
1438 5798 1617 5869 Lycia.
1663 5799 1823 5857 Juxta
1856 5806 2044 5875 mysti-

2149 3351 2232 3405 vel
2286 3366 2440 3406 usum
2495 3352 2734 3407 dentium
2784 3353 2851 3407 ad
2898 3354 3083 3409 laudes
3130 3355 3223 3410 Dei
3266 3356 3613 3411 contulerint.
3665 3358 3726 3412 Et

2145 3440 2452 3508 praetoricia
2500 3442 2613 3501 sive
2658 3441 2876 3497 cellaria
2926 3446 2992 3498 de
3042 3443 3234 3498 insulis
3281 3445 3561 3511 Chettiim,
3610 3460 3725 3517 quis

2141 3528 2297 3599 juxta
2352 3528 2603 3585 llebraici
2648 3532 2915 3585 sermonis
2964 3532 3347 3603 etymologiam
3398 3534 3630 3587 vertitur
3673 3533 3727 3589 in

2146 3634 2476 3688 percussam,
2507 3630 2567 3675 ut
2611 3622 2782 3692 plagis
2810 3622 3003 3681 diaboli
3037 3639 3141 3677 non
3190 3632 3297 3677 tam
3344 3624 3632 3679 interfecta
3658 3625 3726 3679 sit

2146 3723 2309 3777 quam
2342 3709 2592 3780 probata.
2634 3709 2930 3767 Possumus
2955 3728 3019 3765 ex
3046 3712 3213 3768 ebore
3232 3723 3287 3769 et
3321 3714 3616 3785 sylvestres
3637 3714 3725 3769 do-

2140 3805 2265 3852 mos
2314 3798 2495 3853 dicere
2537 3798 2603 3854 de
2633 3799 2822 3854 insulis
2849 3798 3134 3866 Chettiim,
3172 3817 3305 3870 quas
3336 3802 3576 3859 haeretici
3621 3817 3722 3857 non

2147 3888 2201 3942 in
2232 3888 2391 3944 domo
2418 3888 2537 3953 Dei,
2568 3890 2661 3944 sed
2692 3890 2747 3943 in
2776 3891 2899 3944 navi
2926 3891 3087 3962 Tyria
3118 3891 3387 3948 fabricare
3414 3899 3684 3948 conantur
3708 3910 3721 3945 :

2145 3985 2201 4031 et
2232 3977 2331 4047 ipsi
2373 3976 2639 4033 habentes
2668 3978 2822 4033 .ebur
2862 3995 3019 4035 suum
3074 3983 3377 4045 sermonis,
3428 3992 3498 4036 et
3533 3981 3725 4052 lingua:

2146 4066 2476 4123 :edilicantes
2524 4069 2719 4138 templa
2749 4070 2842 4124 Dei
2876 4071 3071 4140 templo
3099 4073 3395 4138 contraria,
3445 4081 3499 4127 et
3541 4073 3724 4129 domos

2146 4156 2461 4225 sylvestres,
2487 4158 2791 4213 habitacula
2821 4160 3139 4226 bestiarum,
3187 4177 3311 4216 eum
3344 4163 3627 4233 Scriptura
3651 4164 3725 4219 di-

2146 4257 2233 4301 cat
2262 4247 2315 4301 in
2352 4250 2512 4304 domo
2538 4250 2632 4305 Dei
2668 4265 2888 4304 nemora
2938 4260 2993 4307 et
3016 4253 3193 4323 sylvas
3218 4262 3271 4307 et
3298 4255 3448 4310 lucos
3475 4272 3585 4311 non
3612 4271 3726 4312 esse

2146 4338 2484 4408 plantandos.

2222 4446 2240 4477 ι
2277 4429 2476 4499 Byssus
2505 4429 2649 4482 varia
2678 4429 2743 4484 de
2770 4429 3006 4502 Egypto
3033 4441 3178 4487 texta
3214 4442 3299 4488 est
3345 4434 3442 4488 tibi
3472 4436 3527 4489 in
3555 4436 3723 4494 velum

2154 4535 2171 4567 ι
2209 4526 2265 4571 ιιι
2293 4528 2581 4586 poneretur
2610 4518 2663 4571 in
2686 4520 2850 4585 malo,
2878 4521 3200 4590 hyacinthus
3225 4531 3280 4576 et
3300 4537 3540 4593 purpura
3569 4525 3632 4580 de
3653 4524 3728 4579 in—

2072 4607 2122 4663 Ι)
2153 4627 2170 4659 ι
2206 4609 2337 4664 sulis
2366 4608 2495 4662 elisa
2548 4607 2687 4665 facta
2734 4618 2858 4663 sunt
2904 4612 3297 4681 cperimentum
3340 4622 3509 4667 tuum.
3547 4633 3566 4666 ι
3599 4613 3723 4679 Quia

2150 4696 2359 4750 dixerat
2409 4694 2585 4766 Tyrus
2618 4715 2629 4749 :
2669 4718 2685 4747 ι
2716 4696 2949 4752 Perfecti
2993 4699 3203 4754 decoris
3256 4716 3357 4771 ego
3405 4716 3525 4756 sum
3553 4741 3567 4765 ,
3605 4721 3622 4754 ι
3650 4701 3724 4756 vel

2155 4804 2174 4836 ‹
2206 4784 2536 4840 circumdedi
2579 4786 2711 4839 mihi
2747 4786 2859 4855 ipsa
2907 4788 3362 4858 pulchritudinem
3384 4832 3399 4853 ,
3438 4810 3457 4843 ι
3491 4792 3728 4863 arguitur

2148 4870 2275 4940 quid
2304 4885 2333 4924 a
2365 4870 2591 4941 singulis
2614 4874 2884 4943 acceperit
2922 4874 3249 4945 regionibus,
3281 4878 3576 4933 secundum
3604 4878 3724 4933 illud

2150 4960 2444 5031 Scriptum
2487 4976 2504 5017 :
2539 4982 2556 5014 ι
2594 4961 2730 5029 Quid
2778 4964 2966 5028 babes,
3008 4967 3149 5035 quod
3191 4982 3297 5022 non
3344 4969 3636 5038 accepisti?
3672 4969 3724 5024 Si

2151 5060 2329 5105 autem
2378 5052 2658 5122 accepisti,
2687 5054 2815 5122 quid
2863 5054 3135 5125 gloriaris,
3163 5056 3318 5125 quasi
3353 5072 3459 5109 non
3508 5072 3723 5128 accepeo

2152 5140 2262 5193 ris?
2292 5140 2341 5211 (Ι
2372 5140 2493 5195 Cor.
2520 5142 2616 5212 ιγ.)
2648 5164 2667 5195 ι
2699 5142 3033 5198 Describitur
3070 5162 3199 5216 ergo
3227 5146 3352 5215 quid
3396 5162 3722 5218 unaqumque

2148 5229 2327 5282 mittat
2355 5232 2653 5299 provincia,
2691 5233 2982 5287 secundum
3007 5235 3136 5288 illud
3167 5235 3520 5305 Virgilianum
3553 5254 3567 5290 :

2344 5380 2471 5427 lnuia
2499 5384 2643 5432 mittit
2671 5384 2813 5439 ebur,
2840 5384 3011 5432 molles
3030 5396 3115 5433 sua
3137 5386 3272 5435 thura
3290 5387 3444 5435 Salmi
3466 5401 3479 5435 :

2339 5446 2397 5507 At
2420 5444 2625 5503 Catynes
2648 5445 2759 5492 duri
2782 5446 2984 5507 ferrum,
3008 5452 3264 5507 virosaque
3286 5447 3466 5497 Pontus

2340 5504 2586 5566 Castorea,
2614 5511 2711 5554 etc.

2152 5627 2352 5697 Byssus
2399 5630 2451 5684 in
2480 5630 2713 5703 {Egypto
2756 5648 2915 5701 quam
2945 5635 3179 5689 maxime
3217 5637 3478 5699 nascitur,
3505 5650 3570 5689 ex
3623 5648 3720 5704 qua

2152 5727 2463 5772 contextum
2513 5730 2596 5774 est
2642 5721 2817 5794 Tyria:
2845 5724 2997 5777 navis
3044 5724 3245 5790 velum,
3275 5724 3415 5794 quod
3450 5723 3721 5793 suspendi-

2155 5818 2242 5862 tur
2273 5811 2433 5876 malo,
2464 5819 2518 5865 ct
2546 5812 2941 5881 operimentum
2983 5812 3144 5881 illius,
3190 5816 3332 5885 quod
3378 5814 3431 5870 in
3478 5814 3607 5870 solis
3633 5828 3715 5867 ca-
