3936 6376
202 415 304 433 ’δ’

213 436 309 473 ΙΙ.)

1158 412 1509 487 οοιιιιεῑιτ.
1548 433 1615 488 IN
1654 434 1747 490 ΕΖ]

1852 428 2105 493 ilELEM.
2141 472 2211 481 -—
2245 444 2371 501 LIB.
2416 446 2485 503 X.
3350 460 3451 515 77$

203 526 316 632 iure
354 540 514 601 atque
558 534 844 632 tranquillo
873 536 1051 589 nautis
1095 545 1256 606 atque
1300 540 1773 610 vectoribusprtc-
1801 553 1847 607 Α
1879 542 1942 598 Et
1969 554 2118 601 certe
2141 548 2296 618 juxta
2324 551 2639 622 Apostolum
2679 556 2859 627 (Rom.
2886 559 2965 632 ix)
3000 562 3130 617 nihil
3178 565 3232 620 in
3260 569 3451 622 matris

202 618 295 672 lret
322 622 695 677 umbrticulum
728 642 743 678 :
775 624 841 679 de
871 624 1164 695 hyacintho
1194 635 1248 681 et
1286 641 1521 698 purpura
1552 630 1633 695 lit,
1661 645 1779 701 quae
1880 644 2033 692 utero
2067 639 2345 695 constituti
2368 618 2492 697 boni
2519 645 2601 699 vel
2630 618 2754 701 mali
2778 618 3035 717 fecerant,
3057 668 3156 708 nec

198 721 325 765 sunt
355 713 420 767 de
450 713 659 780 insulis,
690 714 839 769 Elisa‘
870 715 1003 771 lenii
1027 720 1192 771 maris
1216 718 1296 773 sic
1324 720 1595 788 appellans
1626 722 1778 781 insu-
1879 727 2128 781 meritum
2164 746 2263 785 nec
2308 731 2587 801 offensam,
2620 746 2679 791 ut
2717 738 2854 793 alter
2876 713 3184 813 eligeretur,
3219 754 3274 799 et
3312 746 3451 802 alter

196 802 308 909 his;
336 804 675 909 porro‘juxta
695 806 838 861 LXX
857 808 925 863 de
950 809 1111 880 bysso
1130 810 1186 863 in
1210 820 1438 865 stratum
1463 821 1511 866 et
1536 814 1776 883 requiem
1879 817 2218 887 abjiccretur,
2244 822 2347 879 nisi
2369 826 2510 894 quod
2537 827 2591 879 in
2619 836 2762 898 typo,
2780 838 2852 884 -ut
2873 802 3122 898 diximus,
3148 802 3449 909 synagogas

197 891 376 963 Tyrix
408 896 559 950 navis
582 897 881 953 velamenta
916 909 1185 964 texuntur,
1218 908 1293 955 ιιι·
1320 902 1402 955 his
1430 910 1614 972 Operta
1656 905 1774 972 glo-

197 985 394 1040 riosior
422 988 511 1050 sit,
542 997 596 1053 et
621 985 947 1045 circumdata
982 974 1235 1046 amictum
1269 992 1464 1047 habeat
1501 993 1773 1063 pulchrio-

195 1093 311 1131 rem
336 1096 347 1129 :
371 1080 586 1149 byssum
620 1088 798 1135 autem
826 1078 1014 1136 referri
1043 1082 1110 1137 ad
1146 1090 1367 1146 terram,
1386 1084 1513 1154 quia
1537 1098 1600 1138 ex
1628 1092 1772 1139 terra

191 1158 387 1233 oritur,
416 1177 469 1222 et
500 1170 845 1251 hyacinthum
876 1172 942 1226 ad
968 1188 1171 1239 aerem,
1200 1190 1489 1244 purpuram
1512 1175 1581 1229 ad
1620 1188 1771 1230 mare

190 1269 259 1308 ex
290 1271 395 1324 quo
441 1258 743 1324 coniicitur,
776 1257 955 1315 addito
992 1262 1210 1317 coccino
1242 1264 1323 1317 his
1350 1262 1542 1329 tincto,
1578 1265 1771 1335 quibus

190 1346 464 1414 pontiﬁcis
523 1348 837 1403 vestimenta
888 1357 1351 1424 texuntur,‘sche
1397 1353 1769 1410 admonuimus

188 1431 336 1497 quod
391 1432 621 1500 quatuor
646 1433 921 1488 eiemcnta'
938 1435 1259 1506 significent,
1310 1446 1533 1502 terram,
1567 1438 1764 1509 ignem,

185 1521 396 1583 aerem,
444 1531 498 1575 et
548 1537 735 1592 aquas,
773 1538 837 1577 ex
876 1525 1072 1593 quibus
1119 1530 1367 1580 constant
1412 1528 1615 1592 omnia,
1650 1543 1766 1597 qua:

185 1609 292 1664 sibi
343 1611 633 1679 assonrpsit
666 1611 860 1689 Tyrus,
892 1622 951 1667 ut
1000 1613 1091 1668 Dei
1122 1615 1385 1671 creaturis
1428 1632 1534 1671 non
1582 1625 1766 1672 utatur

182 1702 311 1752 cum
351 1698 543 1768 gratia,
576 1699 669 1755 Sed
700 1701 865 1766 dicat,
898 1721 914 1752 ι
937 1701 1167 1758 Perfecti
1193 1704 1404 1761 decoris
1432 1721 1529 1777 ego
1559 1722 1699 1773 sum,
1739 1728 1758 1760 ι

181 1786 268 1841 vel
298 1778 547 1843 decorem
578 1790 712 1844 mihi
735 1790 847 1860 ipsa
886 1792 1235 1848 circumdedi.

1876 914 1931 959 et
1944 907 2213 976 Ecclesia,
2232 913 2411 967 senior
2432 916 2724 986 repellitur,
2742 925 2793 972 et
2804 922 3093 976 assumitur
3098 907 3434 993 junior.70ino

1874 1011 1990 1061 nes,
2018 1000 2208 1069 inquit,
2251 1016 2413 1060 naves
2451 1007 2616 1062 maris
2645 1017 2698 1063 et
2734 1022 2911 1065 nautae
2935 1028 3119 1068 earum
3148 1015 3368 1072 fuerunt
3388 1018 3443 1074 in

1872 1087 2065 1155 populo
2101 1092 2477 1160 negotiationis
2507 1095 2699 1166 Tyriae,
2733 1093 2847 1153 sive
2891 1099 2945 1153 in
2984 1103 3262 1159 occidente
3301 1106 3444 1161 occi-

1871 1177 2067 1242 dentis,
2090 1185 2358 1248 quomodo
2380 1185 2577 1240 dicitur
2588 1186 2866 1243 Canticum
2890 1193 3243 1265 canticorum,
3272 1208 3329 1252 et
3345 1212 3447 1253 sa-

1870 1269 1987 1323 cula
2022 1273 2361 1339 saeculorum,
2391 1285 2447 1330 et
2464 1291 2626 1347 opera
2668 1293 2911 1350 operum,
2942 1294 3000 1337 ut
3038 1287 3303 1343 canticum
3333 1304 3443 1343 ma-

1861 1358 1952 1428 jus
1988 1360 2109 1417 aliis
2136 1363 2365 1419 canticis
2408 1365 2498 1432 sit,
2529 1369 2865 1426 etrsabculum
2907 1372 3167 1439 prolixius
3196 1374 3317 1430 aliis
3345 1392 3441 1431 sas-

1866 1448 2023 1513 culis,
2055 1465 2301 1523 aptisque
2332 1455 2542 1509 creteris
2566 1458 2817 1525 operibus
2844 1446 3026 1515 utilius
3054 1480 3067 1514 :
3100 1463 3178 1517 sic
3207 1465 3442 1534 appella-

1868 1546 1956 1594 tur
1993 1542 2248 1598 occidens
2296 1545 2608 1617 occidentis,
2642 1555 2703 1601 ut
2752 1551 3171 1619 magnitudinem
3198 1548 3442 1610 occiden-

1865 1626 2049 1684 talium
2077 1632 2308 1701 partium
2335 1634 2617 1704 signiticet.
2652 1636 2717 1690 Et
2744 1637 2977 1707 pulchrze
3005 1655 3170 1695 naves
3198 1643 3365 1698 maris
3384 1653 3441 1699 et

1861 1728 2038 1775 nauus
2068 1736 2253 1776 earum
2277 1730 2332 1776 et
2358 1723 2616 1793 remiges,
2642 1728 2735 1795 qui
2766 1726 2817 1780 in
2849 1727 3024 1798 Tyriae
3061 1730 3214 1784 navis
3238 1732 3439 1789 auxilio

1777 1861 1780 1865 ,
1862 1816 2005 1872 sunt,
2038 1821 2142 1861 non
2164 1818 2392 1879 pergunt
2417 1813 2482 1865 a'd
2506 1812 2790 1878 orientem,
2820 1830 2922 1868 nec
2965 1816 3033 1871 ad
3057 1825 3238 1872 ortum
3280 1819 3441 1873 lumi-

259 1897 276 1928 ι
318 1876 665 1935 Habitatores
710 1878 929 1935 Sidonis
950 1889 1015 1935 et
1043 1882 1227 1936 Aradii
1277 1882 1510 1939 fuerunt.
1533 1887 1762 1956 remiges
1789 1882 1837 1942 B
1866 1897 1968 1961 nis,
1995 1896 2089 1951 ubi
2118 1897 2199 1952 sol
2227 1876 2452 1965 justitiaa
2474 1900 2732 1966 nascitur,
2894 1904 2968 1957 ad
2990 1905 3325 1962 occidentem
3349 1923 3441 1964 oo-

182 1980 208 2021 ι
242 1969 342 2024 tui.
378 1968 663 2041 Sapientes
700 1972 798 2037 tui,
829 1972 991 2044 Tyre,
1044 1972 1173 2027 facti
1222 1982 1347 2028 sunt
1375 1976 1763 2046 gubernatores

179 2078 203 2109 ι
243 2059 338 2113 tui.
372 2074 529 2115 senes
550 2060 710 2117 Giblii
739 2072 793 2116 et
817 2062 1243 2133 prudentescjus
1267 2062 1608 2134 praebuerunt
1629 2081 1763 2120 nau-

182 2150 345 2211 τως,
373 2148 438 2204 a'd
462 2150 821 2206 ministerium
844 2153 1010 2207 variae
1037 2154 1384 2223 supellectilis
1408 2165 1536 2210 tuae.
1561 2156 1761 2212 Omnes

180 2256 199 2288 ι
238 2254 407 2294 naves
436 2242 601 2295 maris
622 2250 677 2296 et
704 2240 879 2297 nauta:
900 2258 1091 2298 earum
1115 2244 1333 2301 fuerunt
1358 2246 1414 2299 in
1442 2246 1639 2315 populo
1664 2262 1760 2301 ne-

178 2345 200 2377 ι
236 2329 553 2399 gotiationis
576 2339 731 2384 tuae.»
755 2331 972 2387 Dixerat
995 2349 1155 2403 supra
1175 2334 1468 2389 :iFinitimi
1491 2337 1567 2389 tui
1590 2336 1681 2405 qui
1708 2345 1759 2392 te

169 2416 581 2473 adiﬁcaverunt
601 2419 959 2491 impleverunt
980 2424 1227 2481 decorem
1251 2432 1453 2489 inuam
1470 2435 1755 2495 antequam

170 2508 399 2585 veniant
425 2507 493 2561 ad
523 2524 616 2564 eos
643 2510 734 2579 qui
771 2510 927 2582 Iunge
954 2513 1217 2579 habitant,
1244 2515 1610 2583 proximarum
1634 2518 1758 2586 pro-

171 2596 480 2652 vinciarum
496 2597 761 2659 describit
782 2600 1000 2659 auxilia.
1038 2601 1404 2667 Habitatores,
1436 2602 1630 2672 inquit,
1655 2605 1755 2671 tui,

169 2687 289 2740 sive
315 2688 585 2758 principes
612 2688 830 2745 Sidonis
853 2698 908 2746 et
928 2691 1297 2761 ‘Aradiiyquae
1327 2692 1500 2746 vicina
1542 2704 1645 2757 est,
1670 2695 1755 2748 in-

169 2774 315 2841 sula,
341 2779 575 2848 remiges
596 2778 673 2832 tui
689 2796 704 2844 ;
723 2776 993 2849 sapientes
1014 2781 1159 2847 tui,o
1179 2781 1336 2851 Tyre,
1358 2782 1481 2836 facti
1512 2793 1637 2839 sunt
1659 2770 1757 2855 gu-

166 2864 493 2920 bernatores
520 2867 614 2920 tui.
644 2867 725 2921 Ad
768 2870 1038 2939 sapientes
1081 2871 1226 2926 enim
1258 2872 1475 2942 proprie
1521 2874 1753 2942 pertinet

166 2955 518 3023 gubernatio,
549 2955 828 3027 Scriptura
854 2959 1064 3018 dicente
1092 2974 1160 3013 :4
1182 2961 1386 3028 Quibus
1420 2954 1525 3015 non
1551 2970 1638 3016 est
1658 2978 1753 3033 gu-

165 3042 657 3112 bernatio,caduat
677 3048 832 3117 quasi
862 3046 1041 3104 folia.»
1063 3050 1230 3106 Senes
1262 3052 1374 3106 sive
1400 3053 1642 3108 seniores
1661 3052 1753 3108 Gi-

1860 1991 2108 2058 cidentis,
2140 1992 2237 2049 ubi
2274 1993 2452 2050 lumen
2498 1997 2785 2063 occumbit,
2814 2009 2871 2058 et
2906 2000 3046 2054 unde
3093 2001 3432 2057 tenebrarum

1861 2083 2138 2138 exerdium
2164 2092 2273 2139 est.

1933 2191 1953 2223 ι
1985 2171 2161 2227 Persa:
2185 2182 2240 2227 et
2264 2174 2441 2244 Lydii,
2471 2184 2526 2231 et
2545 2176 2739 2248 Libyes
2767 2180 3019 2234 erantin
3042 2182 3283 2237 exercitu
3317 2188 3432 2246 tuo,

1862 2272 1882 2310 ι
1915 2261 2017 2313 viri
2046 2261 2332 2318 bellatores
2384 2266 2480 2330 tui,
2508 2266 2760 2336 clypeum
2793 2276 2847 2323 et
2888 2268 3093 2339 galeam
3141 2272 3435 2341 suspende-

1857 2354 1880 2397 ι
1914 2355 2036 2401 runt
2064 2349 2119 2401 in
2163 2357 2214 2403 te
2241 2364 2336 2418 pro
2360 2360 2551 2406 ornatu
2589 2362 2697 2407 tuo.
2736 2372 2754 2405 ι
2791 2354 2983 2409 Persas
3010 2354 3177 2411 fuisse
3205 2356 3435 2412 fortissi-

1854 2451 1994 2501 mos,
2024 2451 2254 2508 quorum
2296 2453 2391 2495 rex
2408 2442 2588 2513 Cyrus
2624 2445 2776 2500 isaia:
2804 2447 3057 2502 vaticinia
3086 2448 3427 2518 praedicatus,

1856 2528 2115 2583 subverso
2141 2528 2361 2601 Astiage
2386 2548 2513 2603 rege
2550 2534 2849 2600 Medorum,
2875 2536 3198 2608 Babylonem
3241 2552 3422 2609 cmpe-

1856 2615 1945 2679 r‘it,
1974 2623 2029 2671 et
2061 2632 2218 2671 sacra
2244 2625 2297 2673 et
2325 2621 2597 2675 sareularis
2620 2630 2804 2675 narrat
2816 2622 3066 2677 historia.
3090 2624 3267 2696 Lydos
3293 2640 3426 2695 quo.

1854 2722 1967 2776 que
1982 2707 2074 2763 illo
2115 2718 2355 2780 tempore
2384 2711 2734 2782 intergentes
2782 2715 3183 2769 robustissimos
3216 2726 3429 2786 reputa-

1854 2806 1956 2863 tos,
1982 2811 2213 2868 quorum
2243 2816 2337 2857 rex
2367 2800 2586 2857 Croesus
2613 2804 2681 2858 ab
2709 2804 2895 2859 eodem
2921 2804 3062 2876 Cyro
3082 2804 3084 2806 ’
3104 2816 3291 2877 captus
3333 2810 3421 2874 sit,

1854 2887 2148 2959 Xenophon
2178 2892 2365 2947 scribit
2394 2893 2723 2963 plenissime.
2750 2906 2805 2950 et
2830 2896 3177 2968 Libyascum
3217 2900 3423 2972 Trogo-

1851 2981 2011 3051 dytis,
2053 2994 2109 3036 et
2151 2981 2500 3053 Ethiopihus
2528 2986 2757 3040 venisse
2800 2995 2988 3044 eontra
3026 2988 3322 3044 Jerusalem
3369 2991 3422 3044 in

1849 3069 2298 3141 Paralipomenon
2318 3073 2591 3129 volumine
2616 3074 2861 3144 legimus.
2880 3077 2982 3143 Qui
3012 3080 3136 3149 quia
3162 3079 3265 3134 illis
3291 3088 3424 3135 tem-

166 3134 263 3189 Μῑί
295 3146 353 3189 et
380 3137 670 3206 prudentes
693 3138 810 3208 ejus
829 3139 1174 3207 praebuerunt
1197 3147 1390 3194 nautas
1414 3141 1481 3195 ad
1510 3140 1747 3196 ministe-

1852 3134 2071 3229 poribus
2120 3160 2485 3217 ﬂorentissimi
2514 3134 2769 3219 erantvet
2803 3134 2997 3223 {ambsi
3025 3134 3091 3221 ad
3120 3168 3301 3237 praelia
3327 3184 3425 3239 pu-

167 3226 339 3323 ﬁuﬁl,
370 3226 484 3323 εἱνρ
518 3227 954 3297 conferuverunt
981 3229 1264 3323 consilium
1291 3229 1437 3301 Tyri,
1463 3238 1527 3323 et.
1543 3231 1745 3285 variam
1773 3227 1818 3289 C
1848 3226 2118 3318 gnatm-eg,
2144 3249 2319 3320 Tyria;
2343 3253 2494 3306 urbis
2523 3251 2832 3308 defensores
2864 3266 2997 3322 esse.
3030 3226 3419 3323 ωθὶηοιιθηιὶιτ,

162 3315 555 3386 supellectilem
602 3318 960 3389 praebuerunt.-
1014 3317 1320 3387 Omnesque
1369 3319 1537 3373 maris
1579 3332 1743 3373 naves

162 3417 221 3461 et
250 3412 432 3462 nauta:
458 3412 644 3463 earum
681 3407 896 3464 fuerunt
934 3408 985 3462 in
1019 3408 1214 3478 populo
1243 3407 1619 3477 negotiationis
1642 3408 1746 3479 Tyo

163 3497 284 3562 riae,
322 3496 438 3551 sive
463 3496 517 3551 in
546 3498 824 3553 occidente
848 3497 1161 3552 occidentis.
1181 3495 1296 3551 Hoc
1328 3497 1520 3551 iterum
1546 3510 1742 3551 secus-

163 3586 297 3639 dum
323 3584 601 3640 litteram.
626 3586 889 3641 (laterum
918 3586 1074 3657 juxta
1120 3587 1375 3655 mysticus
1418 3586 1741 3651 intellectus,

164 3676 301 3745 quia
332 3674 537 3729 Sidonii
567 3676 987 3745 interpretantur
1014 3686 1315 3742 venatores,
1354 3687 1411 3732 et
1446 3680 1637 3743 Aradii.
1653 3682 1745 3735 de-

164 3773 447 3835 ponentes,
473 3766 712 3821 dicemus
734 3765 933 3836 Tyrum
972 3767 1258 3835 gloriosam
1313 3779 1368 3821 et
1415 3770 1742 3836 superbissi-

164 3872 313 3910 inam
342 3857 784 3927 civitatemque:
805 3867 965 3913 vento
988 3858 1153 3912 llaote
1194 3843 1382 3928 postea
1416 3861 1741 3913 conterenda

146 3954 268 4009 est,
313 3946 700 4011 habereeives
727 3948 841 4002 sive
872 3946 1141 4018 principes
1176 3955 1477 4010 venatores,
1507 3948 1575 4005 de
1617 3948 1741 4017 qui-

164 4034 557 4105 bus-scriptum
588 4042 672 4091 est
697 4054 711 4089 :
743 4054 763 4086 ι
795 4035 987 4090 Anima
1019 4045 1201 4091 nostra
1232 4036 1385 4107 quasi
1415 4052 1602 4105 passer
1623 4053 1743 4094 ere-

161 4132 259 4195 pta
306 4132 399 4179 est.
430 4125 527 4179 de
551 4126 745 4196 laqueo
788 4124 1293 4197 venantium'(l’sal.
1334 4128 1555 4197 CXXIII).
1590 4146 1608 4179 ι
1642 4126 1741 4183 Ubi

162 4215 312 4270 enim
342 4229 440 4269 nos
484 4214 712 4283 legimus
754 4216 1085 4281 venantium,
1130 4216 1183 4269 ia
1210 4215 1437 4270 Hebraeo
1479 4218 1738 4286 scriptum

162 4314 248 4360 est
298 4304 637 4360 Sidoniorum
665 4322 679 4359 :
706 4304 799 4359 isti
828 4315 1099 4359 venantur
1123 4306 1365 4367 incautas
1417 4308 1646 4372 animas,
1684 4308 1738 4362 in

162 4397 481 4451 sublimibus
508 4398 847 4462 constitutas,
877 4397 944 4451 ad
974 4408 1188 4451 terrena
1228 4398 1518 4464 deducunt,
1546 4408 1601 4453 et
1622 4399 1737 4454 elli-

162 4488 382 4542 ciuntur
413 4487 641 4558 remiges
666 4495 724 4541 ut
753 4488 950 4542 ducant
969 4502 1063 4542 eas
1090 4488 1163 4542 ad
1187 4486 1484 4559 naufragia.
1512 4485 1735 4559 Sapien-

165 4588 243 4634 los
273 4586 454 4632 autem
484 4578 632 4648 Tyri,
672 4578 774 4648 qui
814 4579 867 4632 in
904 4578 1099 4632 malam
1138 4589 1345 4648 partem
1374 4579 1732 4649 accipiuntur,
1765 4561 1812 4619 θ

158 4686 256 4740 per
284 4684 447 4738 quam
478 4670 835 4739 sapientiores
868 4679 995 4725 sunt
1021 4669 1116 4724 filii
1148 4669 1491 4724 tenebrarum
1613 4670 1736 4725 ﬁliis

163 4763 318 4825 lucis,
350 4761 451 4830 ipsi
476 4762 777 4831 gubernant
807 4762 1007 4832 Tyrum
1052 4761 1330 4832 naufragio
1355 4770 1733 4838 praeparatam.

164 4846 419 4906 seniores
455 4849 614 4905 Giblii
646 4860 700 4906 et
731 4854 1019 4919 prudentes
1056 4851 1174 4920 ejus
1216 4852 1557 4920 prznbuerunt
1605 4867 1737 4906 nau-

164 4950 243 4997 tas
269 4943 412 5013 Tyro
448 4943 513 4997 ad
542 4942 919 5007 ministerium,
950 4942 1064 4998 sive
1090 4942 1525 4997 contui-laverunt
1553 4942 1735 4997 consi-

164 5033 292 5088 lium
319 5034 451 5102 ejus.
486 5032 648 5088 Sacra
696 5042 881 5086 narrat
926 5033 1148 5087 historia
1196 5034 1434 5088 seniores
1468 5032 1729 5103 plurimos

162 5124 331 5179 luisse
376 5140 405 5177 a
454 5126 681 5179 Domino
715 5125 1049 5194 reprobatos,
1076 5132 1133 5179 et
1169 5124 1411 5194 juniores
1436 5126 1633 5181 electos
1675 5126 1729 5181 in

164 5226 345 5283 typum
373 5214 669 5285 Synagogae
696 5223 748 5266 et
777 5213 1046 5268 Εεριυέὶίε.
1084 5213 1273 5268 Senior
1296 5213 1427 5268 Cain
1457 5215 1729 5284 abjicitur,

163 5313 214 5356 et
236 5303 371 5357 Abel
404 5303 588 5371 junior
631 5302 861 5372 eligitur.
894 5302 1083 5358 lsmacl
1120 5301 1577 5369 ﬁliusAbmham,
1603 5304 1731 5360 alie-

165 5410 260 5447 nus
285 5409 315 5445 a
343 5404 496 5463 patre
523 5404 624 5458 est,
649 5403 702 5448 et
728 5392 875 5447 Isaac
893 5393 1469 5462 juniorhmditatem
1492 5399 1727 5466 accepit;

165 5484 392 5538 ﬁliorum
437 5499 650 5554 quoque
696 5485 845 5540 Isaac
905 5486 1085 5542 senior
1124 5487 1273 5547 Eho
1288 5500 1518 5556 venator
1546 5502 1644 5553 est,
1679 5500 1734 5546 et

163 5583 387 5643 Vagatur
434 5575 501 5629 in
538 5575 761 5629 saltibus
792 5593 803 5628 :
830 5574 1011 5643 junior
1054 5576 1221 5635 Iacob
1267 5579 1585 5648 simpliciter
1630 5582 1730 5635 do-

165 5679 303 5717 mum
336 5664 560 5718 babitat.
609 5665 756 5719 Unde
804 5666 1059 5735 scriptum
1096 5677 1183 5722 est
1222 5679 1277 5723 et
1326 5671 1378 5724 in
1423 5671 1724 5727 Malaehia:

169 5773 186 5803 ι
212 5752 374 5812 Jaeob
402 5756 589 5821 dilexi,
616 5755 753 5810 Esau
782 5767 959 5810 autem
987 5758 1111 5813 odio
1143 5760 1299 5814 habui
1327 5760 1577 5832 (Malam.
1603 5764 1665 5835 ι).
1700 5784 1719 5817 ι

1843 3342 1899 3388 et
1925 3335 1992 3389 ad
2039 3335 2316 3390 terrendos
2346 3336 2529 3393 hostes
2555 3347 2705 3394 scuta
2751 3348 2806 3395 et
2835 3339 3013 3409 galeas
3040 3341 3120 3396 in.
3145 3356 3422 3401 murorum

1842 3424 2256 3495 propugnaculis
2298 3427 2666 3497 suspendisse.
2698 3426 3191 3498 Spiritalis-autem
3227 3432 3421 3489 iutdli-

1842 3514 2021 3583 gentia
2068 3512 2194 3575 illud
2242 3522 2420 3580 sonat,
2448 3515 2593 3584 quod
2637 3514 2950 3586 Persm,qui
2997 3516 3420 3589 interpretantur

1844 3610 2114 3657 tentantes
2142 3602 2257 3658 sive
2292 3604 2498 3667 tentati,
2529 3611 2585 3659 et
2619 3603 2788 3674 Lydii,
2835 3619 2970 3675 quos
3009 3616 3293 3675 generatos
3334 3596 3418 3667 ia-

1844 3691 2152 3763 teiligimus,
2180 3701 2237 3746 et
2271 3692 2485 3764 Libyes,
2514 3693 2606 3760 qui
2653 3692 2916 3751 Hebraico
2950 3709 3200 3752 sermone
3228 3698 3414 3768 appel~

1844 3784 2021 3838 lantur
2046 3785 2197 3855 phut,
2228 3793 2283 3838 et
2312 3792 2593 3842 vertuntur
2618 3783 2671 3839 in
2699 3783 2856 3840 osab
2874 3798 2976 3841 ore
3005 3800 3115 3842 non
3146 3787 3226 3843 ab
3266 3803 3411 3855 esse,

1840 3871 2039 3928 frustra
2087 3874 2291 3945 Tyrum
2320 3873 2560 3929 nitantur
2602 3871 3415 3943 daenderquum‘tenmione

1842 3974 2163 4035 superentur
2187 3971 2242 4018 et
2285 3963 2621 4035 generationi
2648 3978 2714 4018 ac
2740 3963 2949 4043 libidini
2979 3966 3241 4035 serviant,
3293 3983 3415 4028 cas-

1842 4068 2008 4123 saque
2049 4056 2257 4107 tantum
2290 4052 2453 4110 verba
2477 4051 2855 4121 multiplicent,
2870 4065 2999 4111 non'
3029 4052 3295 4115 habentes
3321 4073 3413 4130 εδ..

1842 4144 1979 4200 leam
2007 4143 2217 4210 salutis,
2248 4158 2350 4200 nec
2382 4141 2765 4210 scutum'iidei,
2791 4144 2887 4199 sed
2932 4142 3159 4215 gloriam
3203 4153 3409 4202 tantum

1841 4234 2228 4304 strepitumque
2261 4246 2569 4289 sermonum
2619 4232 2957 4302 pratendant
2979 4233 3055 4288 ad
3074 4241 3321 4291 ornatum
3346 4234 3412 4289 il-

1839 4323 1962 4380 lius.

1912 4435 1930 4468 ι
1962 4414 2083 4470 Filii
2107 4413 2291 4470 Aradii
2320 4429 2443 4470 cum
2476 4412 2716 4469 exercitu
2758 4409 2875 4469 suo.
2902 4422 3057 4469 erant
3085 4427 3246 4483 super
3284 4428 3408 4467 mu-

1842 4525 1862 4558 ι
1897 4521 1987 4561 ros
2015 4515 2135 4561 tuos
2175 4506 2229 4559 in
2267 4505 2513 4560 circuitu.
2550 4503 2655 4559 Sed
2682 4512 2736 4559 et
2759 4502 3001 4583 Pigmaai,
3032 4504 3122 4573 qui
3165 4511 3321 4563 erant
3354 4505 3407 4559 in

1844 4618 1862 4649 ι
1895 4597 2135 4653 turribus
2160 4596 2284 4660 tuis,
2309 4596 2592 4664 pharetras
2618 4609 2744 4649 suas
2783 4593 3174 4663 suspenderunt
3200 4592 3255 4647 iu
3283 4607 3406 4647 mu-

1843 4707 1861 4738 ς
1896 4687 1972 4742 ris
2014 4688 2122 4740 tuis
2164 4699 2261 4755 per
2286 4684 2633 4756 gyrum,ipsi
2662 4682 3063 4759 compleverunt
3106 4680 3407 4752 pulchritu-
3460 4750 3461 4753 η

1842 4796 1861 4829 ι
1894 4776 2071 4831 dinem
2106 4783 2290 4828 tuam.
2324 4772 2513 4844 ›.(Η.).
2550 4773 2786 4828 Verbum
2831 4771 3102 4842 .gamadim
3126 4810 3144 4836 ,
3197 4770 3406 4841 Aquila

1835 4868 2008 4937 prima
2048 4866 2215 4922 editio
2249 4864 2521 4935 Plgmwos,
2554 4862 2911 4934 Symmachus
2935 4860 3138 4926 Ηεάοε,
3180 4860 3405 4932 Septua-

1837 4956 1981 5025 ginta
2000 4956 2255 5018 custodes,
2273 4954 2568 5009 Theodotio
2592 4952 3063 5024 gomadim,ipsum
3080 4952 3402 5008 Hebraicum

1835 5044 2171 5117 interpretati
2216 5052 2361 5109 sunt,
2398 5042 2634 5099 Aradum
2672 5042 2921 5109 insulam,
2946 5058 3065 5112 qua:
3094 5051 3203 5097 tota
3233 5043 3305 5099 sit
3327 5044 3403 5099 ci-

1833 5126 2057 5193 vitas’et
2079 5146 2263 5192 contra
2307 5151 2367 5191 se
2410 5136 2640 5206 positum
2665 5136 2918 5206 oppidum
2942 5135 3267 5191 Antaradum
3306 5136 3403 5190 ba-

1836 5228 1976 5292 beat,
2010 5227 2301 5296 vicinaque
2330 5228 2399 5282 sit
2423 5226 2564 5297 Tyro
2610 5235 2665 5281 et
2693 5227 2987 5295 praetendat
3036 5226 3089 5279 in
3130 5225 3402 5282 Plimnicis

1838 5315 2015 5371 littore
2044 5316 2365 5371 continentis
2386 5325 2563 5382 terrm,
2596 5330 2764 5385 usque
2806 5316 2964 5368 hodie
3005 5315 3295 5368 cernimus.
3336 5315 3399 5369 Hi

1837 5415 1961 5460 sunt
2007 5406 2059 5459 in
2088 5408 2327 5461 exercitu
2376 5406 2526 5462 urbis
2567 5406 2741 5476 Tyria:
2787 5405 3142 5473 custodesque
3172 5406 3399 5458 turrium

1832 5492 2043 5562 ejus,.et
2065 5495 2454 5565 suspenderunt
2473 5497 2750 5564 pharetras
2770 5509 2896 5548 suas
2917 5508 3011 5563 per
3031 5508 3243 5563 gyntm,
3258 5507 3401 5547 com-

1831 5583 2083 5653 plentque
2102 5582 2547 5653 pulchritudinem
2582 5582 2715 5650 ejus,
2742 5592 2805 5637 ut
2833 5583 3137 5654 sagittarios
3165 5596 3281 5637 esse
3308 5586 3401 5635 do-

1831 5682 2009 5738 ceant,
2031 5673 2153 5728 sive
2197 5673 2421 5743 pygmzei
2463 5682 2601 5736 sunt,
2644 5674 2745 5727 hoc
2774 5684 2859 5728 est
2898 5667 3210 5742 bellatores,
3236 5682 3291 5724 et
3330 5674 3399 5728 ad

1832 5764 1967 5819 bella
2006 5757 2405 5834 promptissimi.
2435 5762 2526 5817 Sin
2556 5774 2731 5818 autem
2753 5764 2933 5818 Aradii
2963 5764 3291 5834 deponentcs
3314 5779 3399 5816 so-
