3936 6324
573 384 679 442 ’175

1209 380 1267 435 Β.
1309 378 1559 434 ΒΑΒΑΝΙ
1596 375 1813 433 MAURI
1851 372 2168 431 ARClllEP.
2212 369 2519 430 MOGUNT.
2561 369 2847 427 OPERUM
2884 368 3063 425 PARS
3100 369 3163 423 ll.

3743 370 3851 427 778

570 498 722 557 nant,
744 505 922 546 omnis
959 492 1049 560 qui
1087 489 1371 559 prsetendit
1406 488 1528 544 falsi
1574 488 1806 543 nominis
1840 486 2141 546 scientiam,
2173 494 2221 551 Α
2250 484 2673 547 contemnendis,
2705 483 2847 552 quod
2876 484 3091 554 prepric
3129 484 3295 541 Stoici
3326 486 3427 539 sibi
3458 484 3769 548 vindicant,
3797 496 3857 540 et

571 588 627 635 et
661 580 823 636 habet
856 581 909 635 in
953 581 1204 650 pharetra
1237 580 1470 650 pectoris
1507 581 1589 634 sui
1619 579 1785 648 ignita
1827 576 2026 632 diaboli
2065 577 2118 646 ja

573 669 715 735 t‘ula,
743 670 935 739 quibus
962 669 1307 739 deceptorum
1345 670 1508 725 corda
1538 669 1807 732 vulnerat,
1835 674 1998 736 atque
2026 682 2150 721 suc-

575 758 787 826 cendat,
818 760 1047 815 Aradius
1092 760 1439 830 appellandus
1472 769 1572 815 est.
1610 759 1770 829 Cupit
1814 758 1955 812 enim
1986 757 2150 827 depo-

574 866 702 905 nere
722 865 815 904 eos
833 850 924 920 qui
946 850 1194 903 nituntur
1218 850 1283 904 ad
1310 849 1419 903 alta
1443 847 1825 913 conscendere,
1846 853 1903 900 et
1920 844 2154 914 complet

573 938 1023 1010 pulchritudinem
1039 938 1187 1010 Tyri,
1204 938 1270 993 de
1290 953 1394 1006 qua
1416 946 1472 993 et
1491 938 1544 991 in
1567 935 1873 991 Proverbiis
1888 935 2151 1003 scriptum

574 1039 692 1081 est:
730 1045 747 1076 ι
789 1025 903 1080 Νοιι
932 1036 983 1081 te
1008 1027 1238 1096 decipiat
1266 1025 1677 1096 pulchritudinis
1712 1024 2054 1087 desiderium,
2085 1038 2153 1076 ne

573 1118 805 1187 capiaris
832 1117 1000 1172 oculis
1028 1118 1154 1172 tuis.
1190 1136 1209 1171 ι
1240 1117 1311 1171 Ει
1334 1118 1527 1171 iterum
1566 1132 1579 1167 :
1626 1135 1645 1167 ι
1683 1115 1833 1170 Sicut
1872 1114 2075 1169 inauris
2098 1113 2150 1167 in

576 1210 796 1264 naribus
809 1224 1005 1278 porcm,
1021 1210 1098 1265 sic
1114 1210 1325 1265 mulieri
1350 1208 1489 1264 male
1510 1216 1729 1263 moratae
1744 1205 2102 1279 pulchritudo.
2128 1224 2146 1257 ι

650 1320 667 1351 ι
701 1299 1173 1369 Carthaginienses
1220 1299 1581 1369 negotiatores
1623 1298 1699 1351 tui
1747 1313 1777 1352 a
1815 1296 2155 1352 multitudine

581 1408 600 1440 ι
636 1398 825 1444 cuneta
837 1406 953 1443 rum
969 1391 1295 1453 divitiarum,
1314 1397 1560 1459 argento,
1584 1388 1747 1448 ferro.
1765 1395 1960 1442 statim)
1981 1387 2155 1456 plum~

578 1501 596 1532 ι
634 1482 808 1552 boque
835 1480 1177 1551 repleverunt
1219 1478 1485 1534 nundinas
1520 1486 1658 1533 tuas.
1691 1496 1709 1528 ι
1748 1475 1865 1530 Non
1897 1475 2069 1529 solum
2100 1475 2152 1537 in

572 1572 822 1641 pncsenti
848 1571 985 1636 loco,
1008 1572 1103 1626 sed
1127 1580 1181 1623 et
1203 1570 1255 1624 in
1275 1569 1411 1624 lsaia
1432 1569 1691 1639 scriptum
1713 1577 1799 1623 est
1815 1586 1839 1623 -:
1871 1587 1889 1618 ι
1921 1566 2152 1631 Ululate,

573 1676 737 1716 naves
765 1659 1104 1731 Carthaginis
1137 1660 1271 1731 (lca.
1311 1661 1489 1731 χχιιι).
1538 1679 1556 1711 ι
1593 1659 1785 1714 Οωιεῐί
1832 1658 2154 1727 interpretes

573 1752 793 1807 verbum
817 1751 1128 1805 hebraicum
1157 1748 1789 1813 transtuleruntTharsis,
1816 1764 1977 1821 quam
2006 1747 2153 1803 colo-

2248 572 2499 627 videntur
2524 574 2731 628 animas
2758 572 3058 639 hominum,
3088 588 3224 643 quos
3254 572 3592 643 deceperunt
3615 572 3858 627 lucrifa-

2249 677 2393 729 cere,
2431 663 2736 732 habeutqne
2770 676 2899 718 vasa
2926 677 3075 717 aenea
3121 663 3316 732 quibus
3356 663 3703 717 mentiuntur
3730 661 3855 716 auri

2250 754 2673 818 similitudinem,
2722 768 2842 822 qua:
2889 752 3140 823 ingerunt
3170 752 3379 827 populis
3428 752 3582 824 Tyri,
3634 761 3709 807 ut
3757 765 3856 807 eos

2250 844 2396 903 falsae
2425 844 2683 899 doctrinae
2702 843 2955 911 opinione
2979 842 3362 913 supplanteut;
3401 842 3468 897 de
3509 843 3674 897 domo
3718 857 3859 910 quo-

2251 950 2354 1005 que
2408 935 2735 1007 Thogorma,
2786 937 2928 1005 quod
2981 935 3367 1003 interpretatur
3413 935 3745 1004 peregrinus
3798 944 3859 993 et

2253 1023 2476 1092 advena,
2509 1025 2780 1085 att-forum
2802 1034 2857 1084 et
2881 1024 3146 1079 nundinas
3181 1025 3296 1094 ejus
3334 1026 3457 1095 equi
3502 1025 3865 1079 adducentur

2252 1126 2311 1177 et
2328 1118 2535 1187 equites
2573 1125 2627 1171 et
2657 1115 2811 1179 muli,
2835 1116 2900 1169 de
2928 1114 3123 1184 quibus
3144 1115 3401 1184 scriptum
3437 1122 3522 1169 est
3548 1131 3562 1165 :
3598 1132 3615 1164 ι
3648 1112 3854 1166 Fallax

2253 1222 2423 1276 equus
2452 1192 2518 1261 ad
2546 1206 2771 1262 salutent
2802 1202 2972 1277 (Ptol.
3022 1204 3215 1273 nm).
3254 1223 3271 1255 ι
3302 1204 3367 1257 Ει
3414 1204 3468 1257 in
3520 1202 3627 1257 alio
3676 1201 3809 1256 loco
3838 1218 3853 1255 :

2259 1317 2276 1348 ι
2323 1298 2759 1355 Dormitaveruot
2811 1312 3044 1363 omnes,
3106 1298 3197 1366 qui
3248 1292 3610 1351 ascenderunt
3668 1304 3855 1360 equos

2256 1388 2427 1460 (Psal.
2460 1388 2644 1456 Lxxv).
2681 1408 2699 1439 ι
2736 1388 2803 1442 Et
2829 1388 2883 1442 in
2903 1387 3016 1445 alio
3050 1386 3295 1455 psalmo:
3336 1407 3354 1437 «
3391 1387 3563 1442 Nolite
3586 1374 3709 1442 aeri
3737 1388 3857 1441 sic-

2256 1489 2315 1533 ut
2348 1493 2522 1548 equus
2551 1484 2607 1532 et
2648 1476 2844 1541 mulus,
2867 1477 3063 1546 quibus
3086 1491 3193 1530 non
3222 1485 3307 1531 est
3329 1476 3631 1531 intellectus
3657 1474 3849 1547 (Ρωι.

2255 1574 2427 1639 χχιιι).
2465 1587 2482 1619 ι
2518 1567 2877 1635 Quamobrem
2922 1576 2977 1621 et
3004 1566 3187 1629 Doech
3234 1577 3536 1635 accusator,
3566 1575 3620 1621 et
3664 1568 3848 1621 inter-

2256 1656 2803 1715 fector—sacerdotum
2847 1655 3136 1724 praefectus
3158 1658 3444 1711 multorum
3494 1657 3610 1721 fuit,
3641 1665 3701 1711 et
3744 1657 3850 1713 hos

2258 1765 2375 1805 esse
2400 1752 2466 1805 de
2493 1750 2652 1804 domo
2688 1750 2909 1809 advena:
2958 1756 3117 1818 atque
3146 1748 3431 1817 peregrini,
3462 1749 3553 1818 qui
3600 1763 3713 1803 non
3752 1763 3849 1801 eo-

572 1841 717 1895 niam
739 1839 1155 1910 esse'l‘yriorum
1177 1840 1308 1893 nulli
1328 1840 1545 1894 dubium
1563 1846 1665 1895 est.
1689 1838 1792 1909 Ipsi
1817 1839 1883 1894 de
1896 1837 2156 1893 Occiden-
2184 1833 2230 1894 Β
2260 1839 2479 1898 laedunt
2501 1852 2697 1896 carnes
2725 1838 2875 1909 agni,
2899 1838 2963 1894 de
3006 1838 3200 1907 quibus
3236 1838 3491 1907 scriptum
3518 1846 3603 1892 est
3635 1855 3646 1889 :
3681 1854 3701 1887 ι
3739 1836 3850 1890 Ad-

575 1931 645 1985 tis
658 1931 903 1999 partibus
918 1940 1163 2000 argento,
1180 1930 1344 1995 ferro,
1361 1938 1551 2001 stagno
1564 1938 1620 1983 et
1641 1927 1945 2005 plurnboTy
1953 1927 1996 1981 ri
2016 1942 2154 1981 nun-

571 2020 726 2073 dinas
750 2018 1148 2087 compleverunt
1180 2037 1191 2071 :
1219 2019 1441 2072 Tharsis
1478 2018 1530 2071 in
1570 2017 1750 2087 lingua
1782 2025 1964 2075 nostra
1999 2025 2155 2077 sonat

570 2107 857 2174 exploratio
891 2107 1089 2178 gaudii.
1113 2106 1491 2177 Exploratores
1524 2116 1702 2159 autem
1737 2105 1827 2160 hic
1848 2120 1953 2160 non
1985 2105 2037 2158 in
2061 2104 2156 2160 bo-

573 2212 694 2251 nam
709 2206 917 2267 partem
940 2198 1195 2252 debemus
1217 2196 1530 2268 intelligere,
1555 2196 1741 2266 quales
1763 2195 1972 2267 Moyses
1996 2195 2155 2250 mise-

572 2296 655 2342 rat
698 2288 764 2342 ad
807 2287 1188 2355 explorandam
1235 2298 1431 2343 terram
1482 2290 1932 2358 repromissionis,
1965 2288 2061 2345 sed
2090 2288 2154 2345 .iu

571 2378 921 2445 contrariam,
944 2378 1128 2447 quales
1149 2388 1203 2433 et
1222 2379 1508 2448 Apostolus
1529 2382 1700 2435 vitare
1726 2396 1784 2438 se
1805 2382 1953 2447 dicit,
1984 2401 2001 2432 ι
2030 2396 2155 2451 pro-

570 2481 691 2539 pter
738 2468 1176 2525 subiutroduetos
1226 2468 1391 2526 falsos
1434 2470 1651 2535 fratres,
1693 2472 1784 2541 qui
1820 2472 2154 2527 intraverunt

568 2559 851 2628 explorare
902 2558 1211 2615 libertatem
1267 2570 1529 2625 nostram,
1569 2577 1731 2631 quam
1782 2563 2047 2617 habemus
2094 2562 2151 2618 in

568 2651 785 2706 Christo
828 2648 969 2721 (Gal.
1008 2651 1095 2721 ιι).
1127 2671 1144 2703 ι
1180 2652 1245 2706 Et
1289 2655 1353 2708 de
1398 2654 1596 2722 quibus
1642 2653 1840 2725 Joseph
1870 2656 2105 2725 loquitur
2139 2674 2152 2710 :

576 2760 597 2796 ι
628 2741 1011 2813 Exploratores
1058 2742 1189 2799 estis
1213 2784 1227 2810 ,
1276 2745 1618 2801 considerem
1660 2746 1885 2818 vestigia
1923 2747 2157 2819 regionis

574 2834 799 2889 venistis
829 2833 979 2905 (Gen.
1023 2834 1176 2906 nn).
1214 2854 1231 2887 ι
1276 2835 1597 2905 Fratresque
1637 2839 1754 2907 ejus
1796 2838 2155 2910 intelligentcs

573 2925 776 2981 crimen
801 2939 919 2979 esse
945 2941 1050 2979 non
1081 2926 1369 2991 modicum,
1402 2927 1573 2981 aliena
1604 2942 1698 2996 per
1726 2928 1948 2983 insidias
1975 2928 2151 2999 explo«

578 3031 721 3081 rare,
768 3016 1162 3083 responderunt
1196 3002 1229 3070 ;Δ
1254 3035 1271 3069 ι
1310 3016 1422 3070 Non
1459 3027 1584 3072 sunt
1612 3018 1981 3087 exploratores
2009 3019 2151 3073 servi

2257 1946 2392 1986 vena
2410 1940 2465 1986 et
2489 1931 2856 1986 mercenarius
2874 1946 2983 1985 non
3007 1930 3289 2003 comedent
3310 1945 3375 1984 ex
3396 1944 3494 1995 eo;
3524 1949 3541 1981 ι
3568 1938 3629 1985 ιιι
3645 1943 3847 1985 omnes

2256 2020 2508 2076 nundina:
2521 2058 2524 2065 .
2537 2021 2665 2090 Tyri
2691 2022 2777 2077 bis
2802 2020 3139 2091 compleantu
3151 2037 3191 2073 r.

2332 2132 2349 2164 ι
2383 2112 2507 2166 Filii
2535 2112 2717 2168 Dedan
2750 2112 3112 2182 negotiatores
3146 2112 3241 2166 tui.
3281 2130 3299 2162 ι
3354 2110 3460 2167 Pro
3504 2126 3613 2182 quo
3652 2112 3844 2167 nescio

2254 2205 2385 2275 quid
2405 2204 2650 2260 volentes
2674 2204 3021 2275 Septuaginta
3042 2224 3059 2257 ι
3092 2203 3228 2258 ﬁlios
3250 2202 3579 2257 Rhodiorum
3610 2223 3631 2255 ι
3668 2204 3845 2258 inter-

2254 2294 2451 2365 pretati
2494 2302 2638 2359 sunt,
2670 2294 2777 2350 nisi
2809 2294 2945 2350 forte
2972 2293 3161 2364 prima:
3204 2293 3398 2354 littera:
3432 2291 3549 2346 falsi
3590 2291 3845 2346 similitu-

2255 2385 2381 2438 dine
2405 2393 2465 2437 nt
2494 2398 2592 2453 pro
2638 2383 2823 2439 Dedan
2849 2382 3087 2451 legerent
3112 2382 3321 2447 Radan,
3361 2398 3480 2451 qua:
3508 2392 3564 2438 et
3592 2383 3714 2453 ipsa
3736 2382 3841 2452 Cy.

2253 2470 2531 2527 eladarum
2577 2470 2811 2527 maxima
2855 2480 2955 2535 est,
2986 2478 3045 2526 et
3092 2470 3146 2524 in
3187 2470 3335 2527 lenio
3376 2472 3529 2534 mari,
3560 2472 3837 2541 quondam

2255 2562 2386 2616 urbs
2409 2561 2804 2631 potentissima,
2840 2560 3124 2630 navalique
3156 2562 3453 2615 certamine
3498 2560 3759 2633 gloriosa,
3784 2569 3839 2616 et

2255 2661 2473 2724 propter
2524 2653 2850 2707 tutissimum
2906 2661 3121 2722 portum
3174 2662 3538 2710 mercatorum
3590 2654 3835 2708 omnium

2256 2743 2680 2814 receptaculum.
2715 2743 2782 2795 Et
2822 2743 2948 2810 quia
2993 2741 3185 2796 Rhodii
3232 2742 3286 2796 in
3333 2742 3567 2811 linguam
3595 2750 3835 2795 nostram

2252 2840 2537 2890 vertuntur
2565 2832 2807 2887 videntes
2826 2830 3110 2899 judicium,
3139 2831 3204 2886 de
3237 2832 3319 2885 his
3364 2846 3506 2885 nunc
3551 2830 3837 2902 tropologi-

2254 2943 2315 2981 ce
2343 2926 2558 2991 dicitur,
2597 2926 2687 2994 qui
2730 2934 2956 2980 cernunt
2971 2922 3159 2991 judicii
3189 2923 3485 2985 veritatem,
3515 2930 3569 2977 et
3600 2924 3701 2992 ipsi
3727 2940 3830 2977 non

2252 3016 2479 3080 faciunt,
2512 3017 2725 3071 dicente
2745 3015 3001 3083 Apostolo
3027 3014 3197 3084 (Rom.
3230 3018 3288 3085 ιι)
3324 3034 3336 3065 :
3372 3035 3389 3068 ι
3426 3015 3655 3084 Propter
3689 3015 3829 3087 quod

574 3107 671 3163 tui.
705 3128 723 3160 ι
758 3106 852 3162 Isti
897 3122 1024 3177 ergo
1052 3108 1320 3163 nundinas
1357 3109 1483 3179 Tyri
1531 3124 1638 3163 non
1669 3126 1820 3175 auro,
1854 3125 1951 3165 nec
1980 3110 2155 3180 lapide
2189 3172 2223 3180 _
2256 3108 2639 3163 inexcusabilis
2657 3121 2738 3172 es,
2766 3122 2799 3161 ο
2847 3107 3008 3162 homo
3036 3105 3241 3172 omnis,
3263 3105 3354 3174 qui
3377 3104 3611 3173 judieas.
3641 3104 3699 3158 ιιι
3727 3120 3831 3174 quo

572 3198 828 3270 pretioso,
891 3197 985 3251 sed
1038 3207 1279 3266 argento,
1338 3197 1504 3261 ferro,
1562 3207 1771 3266 stagno.
1824 3199 2151 3270 plumboque
2181 3172 2224 3235 ί)
2256 3202 2398 3254 enim
2416 3196 2894 3269 judicasalium,te
2912 3200 3085 3269 ipsum
3108 3198 3670 3253 condetnnasmadem
3689 3198 3828 3253 enim

572 3286 945 3357 multiplicant,
985 3288 1246 3342 habentes
1286 3288 1484 3357 eloquii
1524 3298 1859 3343 venustatem
1904 3300 1957 3344 et
1998 3306 2147 3344 arma

572 3378 639 3431 ad
662 3376 1097 3446 expugnandum,
1123 3385 1177 3431 et
1207 3377 1260 3431 in
1283 3386 1473 3445 stagno
1502 3378 1697 3446 eloquii
1722 3378 2144 3445 similitudinem,

569 3465 712 3538 quod
754 3467 1011 3521 mentitur
1042 3475 1340 3537 argentum,
1375 3476 1429 3521 et
1473 3467 1524 3520 in
1557 3466 1774 3537 plumbo
1820 3468 2147 3535 impietatem

569 3556 965 3627 gravissimam,
989 3556 1143 3624 juxta
1169 3556 1486 3610 Zachariam
1514 3555 1698 3626 (Zacli.
1731 3560 1784 3627 v)
1816 3560 1868 3611 in
1897 3573 2002 3627 quo
2025 3574 2147 3613 mu-

570 3644 668 3700 lier
713 3646 852 3700 sedit
903 3661 1063 3716 super
1094 3647 1347 3701 talentum
1400 3648 1622 3717 plumbi,
1666 3657 1721 3702 et
1764 3648 2002 3719 .Egyptii
2048 3650 2146 3705 de-

573 3736 733 3791 mersi
756 3745 879 3790 sunt
900 3737 955 3790 in
976 3733 1295 3806 profundum
1336 3739 1477 3792 sicut
1500 3738 1795 3806 plumbum.
1830 3738 2009 3810 Longe
2033 3740 2145 3794 sin-

569 3828 813 3899 gulorum
844 3826 1134 3898 disputatio
1154 3828 1519 3895 metallorum,
1542 3830 1635 3885 sed
1655 3831 1902 3886 brevitati
1926 3832 2144 3887 studen-

572 3918 697 3971 dum
726 3925 825 3971 est.

646 4028 665 4060 ι
703 4008 933 4072 ϐαθεῖα,
975 4007 1181 4063 Thubal
1226 4016 1282 4064 et
1325 4008 1540 4065 Mosoch
1594 4010 1693 4080 ipsi
1735 4012 2011 4068 institores
2043 4014 2142 4078 tui,

577 4120 597 4153 ι
630 4102 895 4171 mancipia
924 4112 980 4155 et
1008 4116 1130 4155 vasa
1161 4116 1307 4156 aenea
1341 4102 1678 4157 adduxerunt
1721 4103 1917 4172 populo
1943 4114 2050 4167 tuo,
2077 4106 2144 4160 de

577 4208 596 4241 ι
628 4191 787 4245 domo
805 4190 1107 4261 Thogorma
1130 4204 1297 4259 equos
1323 4199 1377 4244 et
1395 4193 1603 4260 equites
1625 4202 1679 4246 et
1709 4192 1879 4246 mulos
1907 4195 2144 4249 adduxe-

576 4298 595 4331 ι
631 4290 755 4333 runt
801 4280 865 4333 ad
925 4279 1099 4332 forum
1152 4290 1319 4333 ιιιιιηι.
1370 4300 1385 4331 ι
1438 4281 1619 4344 Jones,
1669 4282 1862 4349 inquit,
1895 4284 1985 4351 qui
2033 4283 2140 4337 lle-

570 4372 753 4426 braice
781 4370 1117 4440 appellantur
1164 4370 1329 4424 Javan
1374 4382 1429 4424 et
1479 4372 1717 4437 Thubal,
1762 4373 1812 4426 id
1849 4381 1954 4437 est,
2001 4373 2140 4427 lberi

570 4461 880 4524 orientales,
913 4460 995 4514 vel
1040 4461 1105 4514 de
1153 4460 1454 4515 Occidentis
1484 4463 1725 4529 partibus
1766 4463 2003 4531 Hispani,
2050 4463 2141 4532 qui

572 4552 639 4605 ab
665 4549 817 4604 Ibero
847 4548 1062 4603 flumine
1091 4550 1192 4603 hoc
1221 4549 1478 4604 vocabulo
1515 4560 1909 4620 nuncupantur.
1940 4553 2004 4606 Et
2030 4552 2142 4607 Mo-

571 4642 697 4697 soch
742 4656 876 4711 quos
919 4640 1260 4709 Cappadocas
1289 4640 1648 4710 intelligimus,
1680 4657 1906 4709 quorum
1944 4653 2144 4697 metre-

572 4730 728 4798 polis,
759 4744 877 4797 qua:
923 4738 1103 4797 postea
1137 4729 1204 4782 ab
1233 4729 1469 4796 Augusto
1498 4729 1730 4792 CiDSttf‘C,
1769 4728 2014 4783 Caesarea
2045 4746 2140 4797 ap-

569 4818 761 4888 pellata
798 4826 904 4880 est,
928 4832 1095 4885 usque
1126 4818 1283 4871 hodie
1324 4819 1501 4887 lingua
1536 4818 1769 4886 ipsorum
1800 4819 2014 4874 lt‘lazaca
2063 4820 2142 4873 di-

570 4911 709 4962 citur
740 4926 753 4960 :
790 4907 874 4961 isti
910 4910 1203 4975 pretiosum
1246 4906 1375 4976 Tyri
1424 4904 1601 4961 fecere
1646 4909 2048 4971 commercium,
2083 4916 2141 4961 ut

574 4997 859 5066 mancipia,
906 5006 961 5051 et
1008 5012 1156 5049 :enea
1204 5012 1329 5050 vasa
1375 5012 1441 5049 cx
1498 4996 1756 5052 Corintho
1810 4998 2141 5053 adducerent

568 5091 791 5159 Tyrum,
837 5097 892 5143 et
926 5088 991 5142 de
1032 5089 1189 5142 domo
1225 5088 1547 5157 Thogorma,
1582 5089 1633 5141 id
1671 5098 1771 5152 est,
1800 5089 1866 5144 de
1907 5089 2138 5159 Phrygia

566 5194 735 5249 equos
785 5186 839 5233 et
867 5181 1076 5248 equites
1110 5187 1165 5232 ct
1210 5178 1403 5242 mulos,
1452 5194 1678 5248 quorum
1727 5180 1998 5248 quondam
2049 5182 2138 5235 illa

566 5267 842 5338 provincia
878 5267 1167 5321 maximam
1216 5267 1403 5321 habuit
1454 5269 1681 5336 copiam.
1729 5269 1894 5321 Aiunt
1932 5268 2140 5323 Hebraei

566 5357 849 5421 Grmciam,
874 5356 927 5409 id
960 5364 1061 5420 est,
1084 5356 1251 5411 Javan
1279 5357 1644 5427 interpretari,
1687 5359 1781 5413 Est
1804 5368 1859 5413 et
1897 5375 2003 5414 non
2033 5369 2134 5422 est,

568 5446 707 5516 quod
736 5448 949 5516 proprie
978 5446 1209 5499 refertur
1242 5447 1309 5500 ad
1352 5448 1668 5516 sapientiam
1718 5449 2049 5513 saecularem,
2082 5451 2136 5502 in

568 5552 668 5606 qua
696 5538 738 5591 si
769 5545 913 5591 recte
952 5537 1153 5607 aliquid
1184 5540 1474 5607 reperiunt,
1508 5550 1588 5593 est
1629 5541 1961 5609 appellatur:
1988 5541 2031 5595 si
2082 5542 2134 5595 in

567 5632 894 5687 contrariam
917 5642 1141 5702 partem,
1167 5648 1269 5685 non
1289 5642 1390 5687 est.
1413 5633 1571 5686 Multa
1593 5636 1734 5688 enim
1762 5645 1967 5689 naturae
1996 5636 2134 5689 bona

568 5732 623 5776 ιι
648 5724 743 5793 ipsi
766 5723 1036 5778 disserunt
1064 5724 1128 5778 de
1152 5724 1357 5789 ciliciis,
1383 5723 1448 5776 de
1477 5727 1831 5793 continentia,
1850 5728 1916 5781 dc
1943 5728 2133 5796 opibus

2174 4515 2225 4573 D

2257 3289 2391 3344 facis
2417 3304 2535 3359 qua:
2572 3289 2801 3358 judicas.
2838 3308 2857 3341 ι
2892 3288 2997 3342 Sed
3030 3288 3221 3343 melius
3249 3296 3332 3341 est
3377 3289 3559 3342 Dedan
3611 3287 3830 3345 alterius

2254 3380 2354 3434 loci
2386 3394 2578 3433 nonien
2606 3379 2955 3448 accipere,vut
2984 3386 3037 3433 et
3065 3378 3117 3432 in
3147 3377 3410 3433 Hebraico
3436 3372 3578 3447 apud
3607 3386 3829 3435 ceteros

2254 3470 2574 3538 interpretes
2601 3470 2851 3522 habetur.

2329 3582 2347 3613 ‹
2385 3562 2573 3616 Insulae
2628 3561 2809 3615 multa:
2867 3560 3161 3631 negotiatio
3210 3574 3402 3613 mnus
3456 3570 3580 3613 tute.
3634 3558 3826 3616 Dentes

2259 3673 2276 3706 ι
2314 3656 2581 3710 eburneos
2616 3661 2670 3707 et
2705 3652 3001 3707 hebeninos
3046 3658 3516 3706 commutaverunt
3554 3651 3608 3705 in
3656 3652 3821 3721 pretio

2258 3764 2277 3797 ι
2313 3755 2423 3800 ιιιο.
2482 3747 2651 3813 Syrus
2692 3744 3143 3812 negotiatortuus
3183 3748 3400 3812 propter
3431 3740 3820 3797 multitudinem

2258 3853 2277 3886 ι
2312 3847 2535 3904 operum
2563 3843 2775 3887 tuorum
2803 3840 3029 3903 guttam,
3068 3847 3381 3902 purpuram,
3402 3840 3457 3885 et
3480 3832 3748 3887 scutulata
3772 3840 3826 3891 et

2257 3947 2273 3977 ι
2312 3929 2533 3998 byssum
2585 3934 2639 3980 et
2670 3925 2901 3980 sericum
2934 3933 2989 3977 et
3028 3922 3314 3978 Chodchod
3349 3934 3743 3993 proposuerunt
3770 3924 3821 3979 in

2257 4034 2275 4067 ι
2315 4025 2555 4070 mercatu
2604 4024 2711 4069 tuo.
2751 4034 2769 4066 ι
2805 4012 2987 4083 Usque
3027 4014 3187 4069 hodie
3231 4022 3407 4068 autem
3442 4025 3729 4083 permanet
3770 4017 3818 4071 in

2252 4104 2405 4174 Syris
2434 4104 2703 4175 ingenitus
2730 4102 3112 4172 negotiationis
3150 4102 3332 4175 ardor,
3376 4101 3470 4170 Qui
3510 4117 3612 4173 per
3655 4112 3818 4159 totum

2250 4196 2507 4250 mundum
2534 4195 2669 4248 lucri
2702 4194 2993 4264 cupiditate
3018 4194 3347 4256 discurrunt,
3377 4204 3433 4249 et
3459 4205 3664 4251 tantam
3686 4212 3821 4251 mer-

2249 4289 2405 4342 candi
2448 4288 2648 4341 habent
2675 4287 2967 4352 vesaniam,
2993 4297 3052 4341 ut
3090 4298 3351 4357 occupato
3387 4290 3690 4345 nunc-orbe
3718 4291 3818 4345 Ro-

2251 4395 2410 4433 mano
2437 4380 2574 4432 inter
2620 4379 2825 4449 gladios
2853 4389 2906 4434 et
2935 4379 3227 4435 inferorum
3270 4396 3428 4435 neces
3472 4391 3717 4452 qua-rant
3744 4383 3814 4436 di-

2251 4472 2409 4525 vitias
2446 4481 2507 4526 et
2549 4480 2915 4541 paupertatem
2957 4473 3211 4541 periculis
3246 4473 3471 4543 fugiant.
3520 4476 3813 4530 istiusmodi

2251 4561 2497 4615 homines
2534 4562 2892 4631 negotiatores
2924 4562 3049 4632 Tyri
3089 4572 3232 4627 sunt,
3262 4565 3353 4632 qui
3379 4564 3658 4634 polymita,
3697 4582 3815 4636 pur-

2250 4667 2438 4721 puram
2487 4662 2542 4705 et
2588 4651 2849 4705 scutulata
2904 4660 3229 4705 mercantur.
3263 4653 3485 4722 Byssum
3515 4670 3725 4724 quoque
3760 4666 3811 4710 et

2249 4743 2480 4796 sericum
2528 4750 2580 4795 et
2611 4741 2903 4797 Chodchod
2952 4752 3255 4811 proponunt
3288 4744 3341 4797 in
3392 4756 3635 4800 mercatu
3681 4748 3807 4816 ejus,

2249 4846 2345 4900 pro
2370 4845 2627 4899 purpura,
2654 4845 2819 4898 quam
2844 4847 3031 4887 omnes
3062 4834 3392 4901 interpretati
3436 4846 3564 4888 sunt
3592 4844 3806 4902 stacten.

2250 4920 2426 4983 idest,
2458 4928 2684 4987 guttam,
2726 4918 2863 4975 LXX
2900 4922 3283 4976 transtulerunt
3330 4941 3342 4977 :
3396 4923 3685 4982 Chodchod
3721 4943 3797 4981 au-

2244 5022 2349 5063 tem
2375 5010 2502 5079 quid
2534 5009 2814 5078 significet,
2868 5027 3034 5080 usque
3079 5013 3543 5081 inpimscntiarum
3577 5017 3803 5074 invenire

2242 5115 2347 5153 non
2374 5100 2541 5167 potui.
2568 5099 2734 5153 Aiunt
2762 5099 2971 5155 llcbrzni
3012 5117 3199 5156 omnes
3234 5105 3656 5170 prctiosissimas
3676 5124 3801 5163 mero

2240 5203 2331 5242 ces
2364 5190 2463 5243 hoc
2508 5191 2724 5244 nomine
2775 5191 3089 5260 significari,
3116 5192 3199 5247 vel
3247 5195 3481 5263 speciem
3516 5200 3800 5266 quamdam

2239 5291 2357 5333 esse
2399 5279 2753 5348 pretiosarum
2800 5282 3077 5345 mercium,
3112 5300 3270 5352 quam
3318 5284 3594 5343 Romanus
3636 5306 3802 5345 sermo

2246 5382 2349 5421 non
2380 5378 2596 5422 resonet
2626 5384 2639 5422 :
2672 5372 3076 5426 vetcommunis
3089 5372 3330 5427 vocabuli
3374 5385 3557 5429 scruta
3587 5379 3801 5434 vendet).

2244 5456 2394 5508 tium.
2424 5456 2499 5510 De
2526 5456 2705 5512 multis
2726 5466 2903 5511 autem
2924 5458 3115 5515 insulis
3139 5470 3198 5515 ut
3227 5472 3570 5521 transeamus
3589 5469 3800 5527 adlua-

2241 5553 2427 5619 γωγήν,
2458 5562 2577 5615 quae
2604 5546 2755 5601 salsus
2799 5557 2852 5602 et
2887 5550 3086 5603 amaris
3111 5551 3267 5619 hujus
3295 5554 3476 5607 sazculi
3516 5558 3799 5617 tunduntur

2242 5636 2489 5690 fluctibus
2535 5637 2791 5690 deserunt
2831 5640 3190 5705 negotiatores
3226 5641 3402 5695 Dedan
3435 5644 3629 5700 dentes
3657 5648 3798 5703 ebur-

2243 5742 2391 5793 neos,
2442 5729 2727 5784 candorem
2756 5728 3076 5798 eloquentia:
3122 5730 3451 5800 pollicentes,
3504 5736 3575 5791 de
3624 5739 3795 5807 quibus
