3936 6382
148 437 259 491 777

1118 443 1468 503 COMMENT.
1509 442 1572 496 lN
1615 437 2070 496 EZECHIELEM.
2111 467 2175 475 —
2210 435 2334 488 LIB.
2377 432 2442 487 Χ.

3310 422 3412 478 778

149 569 419 638 scriptum
443 575 524 622 cst
558 583 569 618 :
603 583 618 614 α
656 563 698 616 Α
731 560 980 616 domibus
1006 558 1282 622 eburneis,
1325 570 1392 610 ex
1429 553 1624 624 quibus
1652 551 1744 620 de-
1775 558 1818 614 Α
1849 561 1972 603 nam
2002 548 2068 602 de
2095 546 2300 638 Galaad
2326 554 2380 601 et
2423 553 2653 638 stacten.
2692 544 2758 599 Et
2797 552 2856 598 ut
2904 541 3237 638 manifestius
3280 544 3421 638 scire

151 637 493 714 leciaverunt
541 664 590 709 te
639 652 763 706 filize
813 664 999 721 regum
1055 649 1110 703 in
1163 647 1370 701 honore
1416 653 1511 698 tuo
1552 637 1741 712 (Psal.

153 746 330 816 κων).
355 765 372 797 ι
397 744 504 799 Sed
525 748 782 797 nonsunt
805 737 1042 802 candidi,
1067 750 1167 791 nec
1193 735 1470 790 imitantur
1490 743 1745 801 sponsam

153 839 224 892 de
256 851 363 906 qua
393 835 593 888 dicitur
629 851 642 885 :
674 851 691 882 ι
727 830 860 897 Qua:
895 837 980 884 est
1026 829 1128 883 ista
1173 841 1294 897 quae
1328 823 1571 880 ascendit
1602 821 1720 876 deal

154 929 306 990 Data,
342 923 578 978 innitens
616 935 780 990 super
805 916 1120 972 fratruelem
1145 930 1303 971 suum
1334 912 1508 983 (Cant.
1535 910 1690 983 vin)?
1724 927 1742 961 ι

157 1018 361 1073 Verum
430 1015 642 1072 ebenini
673 1012 811 1082 nigri
842 1010 1060 1087 coloris,
1085 1010 1175 1079 qui
1202 1022 1308 1063 non
1347 1013 1571 1076 possunt
1595 1018 1746 1059 suam

157 1116 376 1161 mutare
417 1101 820 1173 nigritudinem,
850 1099 1083 1153 Jeremia
1116 1099 1327 1152 dicente
1372 1113 1384 1148 :
1419 1113 1436 1146 ι
1479 1093 1534 1149 Si
1571 1102 1750 1147 muta-

159 1196 241 1248 bit
263 1192 519 1261 Ethiops
545 1189 738 1260 pellem
767 1203 920 1243 suam
944 1197 998 1242 et
1021 1187 1222 1257 pardus
1252 1184 1566 1240 varietatem
1596 1197 1750 1236 suam

159 1283 300 1355 (Jer.
332 1298 475 1351 xm).
512 1301 530 1332 ι
566 1279 737 1348 Syrus
766 1293 1001 1348 quoque,
1034 1277 1086 1330 id
1115 1284 1219 1340 est,
1261 1289 1431 1339 aram,
1461 1272 1550 1342 qui
1591 1271 1742 1325 inter-

159 1380 414 1441 pretatur
442 1367 689 1424 excelsus
712 1375 766 1421 et
795 1375 965 1422 tumet
990 1366 1266 1436 superbia,
1286 1363 1594 1434 negotiator
1623 1361 1753 1431 Tyri

161 1471 269 1524 est,
299 1468 356 1513 et
381 1459 433 1511 in
461 1455 806 1510 multitudine
842 1470 1066 1525 operum
1096 1453 1386 1524 Tyriorum
1430 1448 1605 1504 defert
1632 1447 1754 1502 falsi

164 1548 407 1603 nominis
433 1545 736 1607 scientiam,
768 1543 966 1598 multas
991 1543 1283 1596 varietates
1320 1547 1375 1593 et
1405 1545 1612 1593 stacten
1631 1537 1758 1592 odo—

163 1638 244 1692 ris
267 1636 457 1706 optimi
479 1634 892 1704 repromittens,
925 1641 980 1687 et
1004 1643 1298 1702 purpuram
1342 1627 1504 1699 regite
1529 1627 1756 1698 dignita-

165 1729 341 1792 tis,et
388 1726 653 1781 scutulata
702 1739 766 1778 ex
811 1731 929 1779 arte
954 1722 1258 1788 dialectica,
1302 1728 1356 1774 et
1399 1721 1619 1790 byssom
1659 1732 1758 1789 pro

163 1833 275 1886 quo
304 1817 656 1886 Septuaginta
689 1814 891 1869 tbarsis
912 1812 1251 1882 interpretati
1282 1821 1426 1876 sunt,
1453 1819 1610 1864 terrae
1636 1823 1760 1878 0pc-

1848 639 2133 708 possimus,
2177 636 2307 707 quid
2345 635 2417 690 sit
2458 633 2807 700 frumentum,
2854 633 3172 699 balsamum,
3207 633 3332 703 mel,
3369 643 3425 688 et

1847 729 2046 795 oleum,
2077 730 2421 797 resinamque
2458 727 2526 782 ad
2550 734 2844 782 mercatum
2885 724 3015 781 ferri
3054 724 3203 796 Tyri,
3237 725 3425 779 audia-

1848 835 1968 884 mus
2014 818 2224 872 Domini
2255 819 2418 873 verba
2441 817 2670 872 dicentis
2701 835 2714 871 :
2748 835 2767 869 ι
2801 814 2977 871 Nolite
3019 815 3150 870 dare
3179 824 3427 869 sanctum

1849 911 2074 966 canibus
2105 950 2119 970 .
2159 925 2335 979 neque
2383 909 2708 978 margaritas
2748 916 2958 965 vestras
3002 908 3250 987 mittatis
3298 915 3428 961 ante

1849 1015 2041 1070 porcos
2066 999 2278 1070 (Matth.
2305 1000 2422 1069 vn).
2464 1020 2481 1052 ι
2513 999 2718 1055 Mulieri
2747 1015 2959 1072 quoque
2980 1001 3288 1055 chananaea:
3310 1014 3431 1068 qua:

1849 1107 1946 1161 pro
1970 1090 2077 1145 ﬁlia
2103 1090 2427 1161 precabatur
2455 1093 2639 1147 dicens
2669 1109 2682 1145 :
2719 1109 2738 1146 ι
2769 1091 2904 1146 Filia
2943 1106 3065 1148 mea
3091 1091 3231 1146 male
3269 1105 3431 1143 vexa-

1853 1190 1942 1235 tur
1970 1197 2000 1234 a
2026 1179 2289 1235 daamonio
2334 1178 2549 1249 (Matth.
2597 1180 2709 1252 xv).
2743 1200 2762 1233 ι
2789 1180 3088 1252 Respondit
3131 1179 3424 1236 Dominus:

1858 1290 1877 1323 ‹
1903 1269 2019 1326 Non
2043 1279 2254 1339 oportet
2281 1269 2467 1326 tollere
2489 1285 2682 1340 panem
2709 1270 2940 1341 tiliorumg
2965 1281 3019 1327 et
3042 1272 3172 1326 dare
3198 1285 3320 1325 eum
3346 1285 3435 1323 ca-

1855 1361 2033 1415 nibus.
2077 1360 2184 1416 Sed
2223 1360 2348 1430 quia
2385 1360 2592 1416 exierat
2617 1363 2684 1417 de
2718 1361 2914 1417 finibus
2943 1362 3068 1433 Tyri
3096 1360 3151 1416 et
3192 1361 3431 1422 Sidonis,

1856 1459 1910 1506 et
1934 1450 2328 1521 propinquabat
2353 1459 2511 1506 terra:
2555 1451 2720 1507 Israel
2749 1452 2954 1508 idcirco
2982 1451 3123 1522 quod
3152 1459 3440 1522 rogaverat

1856 1549 2144 1596 consecuta
2169 1551 2269 1596 εει.

1936 1650 1954 1682 ‹
1989 1631 2352 1687 Damascenus
2379 1631 2687 1702 negotiatur
2711 1640 2832 1687 tuus
2857 1632 2908 1684 in
2941 1631 3285 1686 multitudine
3312 1645 3442 1701 Ope-

1867 1741 1886 1774 ¢
1920 1737 2040 1776 rum
2093 1729 2309 1777 tuorum
2355 1722 2408 1775 in
2436 1723 2590 1791 copia
2638 1723 2970 1778 diversarum
3002 1738 3185 1792 opum,
3235 1722 3287 1776 in
3315 1723 3440 1775 vino

1867 1831 1888 1863 ς
1923 1812 2127 1883 pingui,
2155 1812 2209 1866 in
2257 1811 2397 1866 lanis
2421 1812 2619 1867 coloris
2650 1812 2856 1882 optimi.
2897 1832 2915 1866 ι
2951 1811 3233 1882 Significat
3261 1822 3440 1866 autem

165 1910 322 1963 ribus
353 1910 566 1962 deditus
597 1925 609 1960 :
640 1915 693 1962 et
717 1906 970 1968 sericum,
1000 1919 1100 1974 pro
1124 1919 1229 1972 quo
1256 1903 1308 1956 in
1349 1901 1578 1956 HCbl‘CCO
1625 1899 1758 1954 scri-
1789 1916 1835 1976 Β
1863 1902 2006 1970 quod
2041 1902 2181 1958 inter
2212 1909 2438 1957 catteras
2475 1901 2865 1972 negotiationes
2898 1901 3024 1973 Tyri
3065 1901 3133 1955 ad
3174 1901 3442 1955 nundinas

166 2010 320 2069 ptum
355 2006 438 2052 est
471 1997 702 2062 ramoth,
733 1993 877 2065 quod
922 1993 1312 2062 interpretatur
1358 1991 1493 2046 visio
1522 1988 1710 2044 mortis
1742 2003 1754 2039 :

166 2086 356 2140 omnia
386 2085 530 2140 enim
559 2099 723 2153 opera
756 2092 974 2138 terrena
1013 2081 1080 2136 ad
1131 2081 1408 2135 interitum
1448 2087 1757 2149 properant.

168 2177 239 2232 Et
273 2175 565 2232 Chodchod
615 2174 874 2244 quidquid
905 2172 1034 2226 illud
1077 2180 1191 2237 est,
1236 2171 1380 2241 quod
1423 2169 1758 2239 intelligitur,

168 2253 481 2341 proponens
530 2267 582 2320 in
633 2265 890 2320 nundinis
922 2264 1074 2335 Tyri,
1107 2263 1292 2317 Dadan
1344 2270 1523 2316 autem
1567 2276 1634 2315 ex
1680 2259 1763 2314 his

171 2360 471 2424 mercibus,
502 2373 624 2428 qua:
649 2355 1083 2426 negotiatoribus
1112 2352 1228 2422 ejus
1252 2352 1552 2421 insulisque
1579 2351 1764 2404 dicun-

172 2461 266 2505 tur
295 2449 519 2512 adferri,
544 2446 626 2501 vel
656 2446 820 2500 ludite
864 2444 1013 2516 regio
1041 2441 1385 2512 intelligenda
1417 2449 1520 2506 est,
1545 2439 1625 2494 vel
1653 2439 1765 2492 ldu-

174 2553 438 2594 macorum
463 2552 527 2591 ac
555 2545 720 2591 vastae
751 2533 1081 2597 solitudinis,
1104 2540 1164 2585 ut
1191 2529 1431 2584 nonnulli
1473 2527 1764 2590 aestimant,

173 2636 442 2697 sonatque
479 2625 888 2695 cognationem,
923 2630 983 2676 ut
1017 2620 1428 2676 similitudinem
1462 2618 1765 2672 divinorum

176 2719 491 2789 doginatum
523 2717 576 2771 in
598 2714 868 2770 hmreticis
892 2725 1302 2781 cognoscamus.

260 2825 278 2857 ι
323 2805 458 2860 Juda
489 2813 545 2860 et
575 2812 720 2859 terra
764 2800 929 2856 lsrael
979 2800 1080 2869 ipsi
1123 2799 1403 2853 institores
1442 2796 1517 2851 tui
1555 2795 1610 2851 in
1650 2794 1766 2850 fru-

186 2922 204 2954 ι
241 2910 424 2957 mento
454 2899 651 2969 primo,
691 2895 996 2951 balsamum
1026 2901 1080 2948 et
1107 2891 1213 2947 mel
1240 2900 1294 2946 et
1334 2890 1512 2944 oleum
1539 2896 1595 2944 et
1637 2887 1770 2943 resi-

187 3014 205 3047 ι
243 3008 368 3048 nam
390 2997 788 3063 proposuerunt
812 2986 864 3041 in
889 2984 1146 3040 nundinis
1171 2982 1294 3037 tuis.
1319 3002 1338 3034 ι
1366 2980 1572 3035 Dicitur
1589 2989 1768 3034 autem

182 3085 380 3155 quibus
410 3090 555 3136 terra
580 3079 785 3144 Judaza,
811 3091 933 3147 quae
970 3089 1115 3129 nune
1141 3071 1440 3142 appellatur
1478 3069 1768 3132 Palestina,

183 3175 427 3231 abundet
453 3172 624 3242 copiis
675 3169 946 3224 frumento
993 3166 1240 3221 balsamo
1285 3161 1441 3219 melle
1467 3171 1520 3217 et
1557 3161 1678 3216 oleo
1719 3172 1774 3216 et

1864 1988 1982 2058 ejus
2006 1991 2071 2044 de
2097 1991 2359 2045 Damaseo
2379 1989 2722 2045 deferebatur
2740 2005 2920 2045 vanum
2943 1990 3372 2061 pinguissimum,
3391 1999 3447 2045 et

1864 2080 1987 2135 lana
2002 2081 2267 2152 prmeipue
2291 2080 2432 2150 quod
2447 2095 2612 2150 usque
2636 2080 2796 2136 hodie
2814 2081 3104 2137 cernimus.
3136 2079 3231 2136 Sin
3263 2091 3444 2135 autem

1866 2170 2160 2226 Damascus
2203 2170 2594 2241 interpretatur
2641 2172 2953 2244 sanguinem
2989 2173 3197 2239 bibens,
3235 2182 3292 2228 et
3335 2171 3444 2226 He-

1866 2263 2135 2318 brzeorum
2167 2278 2294 2318 vera
2337 2264 2557 2318 traditio
2584 2273 2689 2330 est,
2729 2280 2976 2335 campum
3005 2265 3058 2320 in
3082 2281 3189 2335 quo
3225 2264 3449 2321 interfe-

1867 2363 1987 2409 ctus
2012 2340 2098 2409 εει
2143 2353 2298 2420 Abel,
2342 2368 2373 2408 a
2412 2353 2678 2425 parricida
2717 2353 2849 2410 Cain
2879 2353 3044 2410 fuisse
3084 2355 3136 2409 in
3167 2354 3445 2416 Damaseo,

1869 2443 2014 2499 unde
2041 2453 2096 2498 et
2138 2443 2287 2499 locus
2327 2445 2432 2498 hoc
2469 2442 2755 2515 insignitus
2781 2445 3040 2507 vocabulo
3079 2445 3170 2500 sit.
3204 2443 3358 2500 Iuste
3396 2453 3452 2500 et

1871 2533 2069 2588 Paulus
2093 2533 2230 2606 (Act.
2260 2533 2336 2604 ix)
2362 2542 2483 2604 post
2531 2535 2960 2590 interfectionem
2991 2534 3247 2605 Stephani
3288 2533 3451 2603 primi

1873 2626 1927 2681 in
1969 2626 2187 2684 Christo
2216 2627 2493 2698 martyris,
2524 2627 2767 2696 perrexit
2794 2625 2848 2681 in
2889 2624 3226 2690 Damascum,
3252 2636 3312 2680 ut
3336 2641 3455 2679 ere-

1873 2716 2060 2772 dentes
2083 2716 2135 2770 in
2158 2715 2376 2772 Christo
2402 2716 2610 2772 vinctos
2635 2716 2857 2772 duceret
2880 2715 2931 2771 in
2954 2715 3310 2780 Hierusalem,
3338 2715 3456 2770 Dei-

1872 2823 1979 2880 que
2007 2808 2376 2865 misericordia
2411 2809 2501 2880 qui
2535 2808 2659 2863 fecit
2682 2808 2948 2864 videntem
2977 2817 3032 2864 et
3070 2805 3292 2871 caecum,
3323 2824 3455 2863 ocu-

1876 2899 1956 2955 los
1985 2899 2166 2955 carnis
2192 2898 2394 2964 amisit,
2419 2907 2477 2953 ut
2504 2898 2698 2954 mentis
2724 2898 3011 2968 acciperet,
3039 2899 3456 2968 cecideruntque

1875 3005 2113 3059 squamce
2155 2989 2408 3045 draconis
2425 3004 2502 3062 ex
2543 2988 2713 3044 oculis
2746 2989 2862 3057 ejus
2905 2990 3100 3057 quibus
3129 2988 3306 3044 lumen
3338 3005 3457 3060 per-

1877 3080 2090 3135 diderat
2128 3078 2394 3144 veritatis,
2441 3086 2501 3131 ut
2551 3078 2653 3132 iret
2684 3077 2749 3132 ad
2783 3077 2960 3133 vicum
3018 3078 3108 3148 qui
3161 3078 3458 3148 appellatur

1880 3172 2102 3236 Rectus,
2127 3177 2179 3223 et
2209 3170 2476 3224 inveniret
2508 3168 2792 3234 Ananiam,
2837 3169 2926 3239 qui
2959 3170 3011 3224 in
3057 3169 3234 3240 lingua
3274 3181 3458 3224 nostra

190 3267 396 3330 resina.
427 3279 547 3332 quae
575 3259 761 3316 aJuda
782 3270 837 3314 ϐι
863 3257 1025 3313 Israel
1051 3256 1119 3311 ad
1158 3254 1288 3326 Tyri
1329 3253 1599 3309 nundinas
1627 3249 1775 3306 defe-
1803 3267 1847 3329 C
1881 3261 2270 3332 interpretatur
2317 3261 2589 3315 obediens.
2642 3261 2717 3314 De
2764 3260 2865 3315 hac
2910 3261 3073 3330 igitur
3117 3261 3202 3316 cui
3255 3263 3458 3319 dictum

190 3367 407 3412 runtur.
450 3354 692 3422 Cumque
725 3350 1014 3408 manifesta
1048 3349 1122 3404 sit
1161 3347 1361 3410 littera,
1382 3343 1535 3413 juxta
1570 3344 1779 3413 spirita-

192 3451 298 3504 lem
341 3461 556 3503 sensum
597 3445 839 3499 dicemus
868 3456 975 3498 non
1013 3440 1440 3494 debereterram
1487 3434 1778 3489 confessio-

192 3541 278 3596 nis
307 3550 362 3595 et
386 3553 606 3604 sensum
631 3534 906 3591 cernentis
931 3531 1123 3598 Deum,
1147 3530 1238 3600 qui
1262 3528 1498 3582 refertur
1519 3526 1586 3580 ad
1615 3525 1781 3580 eccle-

193 3632 329 3686 siam
379 3629 589 3684 deferre
637 3626 780 3697 Tyro
814 3625 1049 3696 primum
1090 3623 1356 3684 triticum,
1391 3619 1534 3690 quod
1580 3619 1781 3672 cadens

195 3724 250 3777 in
286 3729 487 3777 terram
529 3717 938 3788 multiplicatur,
959 3725 1016 3770 et
1042 3714 1308 3785 accipitur
1336 3727 1434 3782 pro
1461 3712 1626 3765 verbo
1661 3709 1778 3764 Dei.

201 3833 217 3865 ι
258 3811 373 3866 Non
405 3811 548 3867 enim
582 3810 635 3864 in
667 3823 807 3878 pane
853 3807 968 3862 solo
1007 3805 1140 3860 vivit
1179 3806 1362 3868 homo,
1407 3801 1501 3856 sed
1539 3801 1592 3855 in
1633 3798 1780 3854 omni

195 3915 447 3955 sermone
477 3898 571 3952 Dei
600 3896 816 3968 (Matth.
857 3902 950 3965 tv).
992 3913 1010 3946 ι
1040 3893 1172 3947 Dein
1196 3891 1494 3946 balsamum
1523 3889 1664 3959 quod
1686 3903 1781 3942 na-

196 3993 370 4047 scitur
417 3990 470 4043 iu
507 3988 678 4042 vineis
723 3986 985 4056 Engaddi,
1038 3985 1151 4039 sive
1202 3989 1537 4052 unguentum
1580 3981 1647 4035 de
1675 3995 1783 4050 quo

195 4081 458 4150 scriptum
503 4088 672 4134 estzi
719 4077 872 4131 Sicut
915 4080 1254 4144 unguentum
1301 4073 1354 4127 in
1404 4071 1602 4141 capite,
1639 4071 1782 4140 quod

195 4171 477 4228 descendit
510 4172 564 4224 in
606 4168 826 4223 barbam
857 4166 1037 4222 Aaron
1069 4164 1238 4235 (Psal.
1267 4163 1494 4234 cxxxn).
1529 4181 1547 4215 ι
1580 4162 1650 4217 Et
1679 4162 1786 4217 mel

198 4278 365 4334 super
407 4277 512 4331 quo
568 4260 803 4328 loquitur
854 4268 909 4312 et
961 4257 1216 4314 Salomon
1255 4273 1268 4310 :
1313 4274 1332 4306 ε
1369 4255 1473 4310 Mel
1508 4255 1783 4318 invenisti,

197 4355 423 4411 comede
450 4360 710 4423 quantum
751 4350 886 4405 satis
911 4357 1014 4404 est.
1050 4348 1107 4402 Si
1147 4347 1289 4403 enim
1315 4347 1435 4416 plus
1463 4346 1782 4409 comederis,

196 4460 419 4502 evomes
448 4443 599 4507 illud,
632 4463 650 4494 ι
686 4442 810 4497 dum
836 4440 1123 4496 saturitate
1149 4438 1315 4494 nimia
1344 4436 1450 4491 mel
1477 4436 1702 4491 vertitur
1727 4435 1783 4489 in

198 4536 567 4607 absynthium.
599 4533 786 4589 Oleum
832 4546 1066 4602 quoque,
1101 4529 1167 4584 de
1210 4543 1317 4597 quo
1347 4528 1400 4583 in
1440 4525 1784 4581 tabernaculo

1879 3360 1962 3406 est
1991 3367 2006 3406 :
2041 3371 2059 3403 ι
2088 3351 2365 3407 Maledicta
2394 3362 2561 3416 terra,
2588 3368 2706 3422 qua:
2734 3352 2944 3422 aperuit
2964 3368 3026 3407 os
3049 3368 3228 3417 suum,
3255 3361 3310 3407 et
3328 3353 3459 3407 hau—

1880 3443 1951 3496 sit
1975 3444 2290 3513 sanguinem
2347 3442 2528 3497 fratris
2569 3444 2644 3497 tui
2674 3443 2826 3514 (Gen.
2864 3446 2963 3515 tv),
2996 3465 3013 3496 ι
3049 3445 3175 3516 Tyri
3209 3445 3461 3500 nundinae

1881 3543 2298 3606 congregantur,
2324 3545 2379 3588 et
2404 3535 2586 3588 vinum
2618 3535 2832 3605 pingue,
2856 3544 2910 3590 et
2938 3536 3070 3590 lant:
3099 3536 3460 3605 splendentes,

1883 3624 1997 3679 sive
2026 3643 2043 3674 ι
2074 3625 2254 3678 vinum
2277 3624 2342 3679 de
2362 3622 2601 3679 Cbelllon
2627 3644 2644 3676 ι
2680 3625 2822 3694 quod
2842 3624 3459 3695 interpretaturlacteus.

1883 3715 2025 3770 LXX
2051 3732 2146 3786 pro
2177 3738 2193 3766 ι
2225 3717 2362 3771 lanis
2393 3718 2584 3771 coloris
2617 3717 2828 3786 optimi,
2849 3737 2867 3768 ι
2900 3736 2918 3767 ε
2951 3719 3088 3773 lana:
3115 3719 3179 3773 de
3208 3718 3402 3782 Mileto,
3436 3739 3456 3771 ι

1883 3811 1995 3862 sive
2025 3806 2164 3862 Soor
2194 3817 2494 3862 senserunt.
2537 3807 2773 3864 Miletum
2799 3812 2853 3864 in
2876 3809 3142 3866 llebraico
3170 3825 3277 3866 non
3299 3811 3464 3866 hahe-

1885 3907 1991 3961 tur,
2010 3899 2101 3952 sed
2123 3899 2248 3967 quia
2274 3898 2394 3953 inde
2413 3900 2548 3953 laure
2561 3901 2842 3970 praecipua}
2859 3899 3188 3965 deferuntur,
3206 3917 3303 3970 pro
3327 3901 3465 3958 Soor

1886 3989 2124 4045 Miletum
2176 3990 2510 4060 interpretati
2576 4000 2719 4048 sunt.
2798 3992 2876 4048 Ex
2947 4009 3054 4062 quo
3121 3995 3464 4064 perspicuum

1886 4079 2028 4149 quod
2054 4077 2230 4149 Tyrus
2272 4078 2412 4134 lacte
2455 4089 2704 4135 vescatur
2743 4081 3001 4145 infantize,
3043 4092 3098 4138 et
3139 4078 3464 4139 vestimenta

1887 4186 1993 4225 non
2018 4170 2213 4226 habeat
2238 4171 2473 4241 propria,
2497 4172 2588 4227 sed
2610 4173 2825 4227 aliunde
2848 4182 2904 4228 et
2929 4189 2996 4228 ex
3016 4174 3181 4229 variis
3210 4185 3466 4244 congesta

1887 4262 2201 4332 provinciis.
2229 4261 2358 4316 illud
2396 4271 2577 4317 autem
2621 4264 2763 4333 quod
2798 4263 3093 4320 Damascus
3140 4266 3463 4336 interpreta-

1888 4362 1975 4408 tur
2005 4353 2224 4422 sanguis
2251 4353 2434 4418 cilicii,
2479 4363 2533 4408 et
2582 4355 2800 4422 sanguis
2828 4356 3021 4419 osculi,
3066 4356 3313 4422 presenti
3358 4373 3467 4412 non

1889 4444 2141 4497 convenit
2175 4443 2310 4507 loco,
2360 4443 2669 4514 frequenter
2691 4445 2834 4501 enim
2866 4444 3088 4501 Hebrma
3123 4447 3340 4501 nomina
3370 4463 3469 4517 pro

1889 4536 2202 4591 diversitate
2232 4544 2544 4590 accentuum
2575 4545 2630 4591 et
2677 4537 2971 4592 mutatione
3016 4537 3334 4600 litterarum,
3377 4554 3470 4592 vo-

197 4628 293 4681 Dei
335 4626 550 4679 lucerna
595 4622 930 4686 accenditur,
963 4635 1030 4675 ne
1057 4629 1274 4690 aptetur
1313 4618 1440 4673 illud
1476 4617 1631 4672 nobis
1658 4632 1783 4687 pro-
1814 4611 1864 4668 Ῐ)
1890 4626 2194 4695 caliumque
2217 4625 2296 4679 vel
2344 4627 2578 4681 maxime
2619 4642 2740 4697 qum
2780 4628 2918 4698 apud
2962 4628 3081 4683 illos
3119 4628 3317 4684 habeat
3345 4645 3472 4699 pro-

198 4717 518 4788 pheticum:
559 4733 575 4764 ι
611 4711 797 4769 Oleum
843 4712 898 4766 in
942 4709 1177 4782 ASgypto
1219 4709 1566 4763 venundabas
1610 4705 1762 4778 (Osc

199 4807 322 4876 an).
356 4825 373 4856 ι
407 4804 559 4882 Quod
585 4803 631 4858 si
667 4804 719 4856 in
748 4800 980 4872 Egypto
1003 4808 1058 4854 et
1086 4801 1138 4854 iu
1171 4798 1314 4869 Tyro
1337 4796 1516 4862 fuerit,
1547 4806 1788 4852 vertetur

200 4899 256 4952 in
305 4897 656 4959 contrarium,
708 4903 765 4949 et
809 4893 1018 4948 dicetur
1055 4892 1122 4947 de
1172 4905 1237 4946 eo
1270 4907 1282 4942 :
1319 4908 1336 4941 ι
1373 4889 1558 4944 Oleum
1605 4897 1784 4942 autem

203 4989 502 5054 peccatoris
530 5001 634 5040 non
665 4984 958 5054 impinguet
988 4991 1149 5051 caput
1176 4995 1377 5035 meum.
1420 4999 1437 5031 ι
1472 4977 1576 5033 Sed
1608 4989 1661 5031 et
1705 4994 1787 5031 rc-

205 5080 322 5132 sina
347 5077 478 5130 levis
498 5084 598 5140 est,
629 5085 750 5143 apta
783 5073 1118 5141 corporibus,
1146 5077 1199 5124 et
1223 5085 1320 5138 pro
1350 5069 1614 5123 medicina
1639 5067 1786 5121 acci-

205 5171 369 5237 pitur.
403 5167 553 5223 Unie
589 5175 641 5221 et
671 5168 720 5220 in
757 5164 986 5219 Jereniia
1019 5164 1279 5232 scriptum
1307 5171 1392 5215 est
1429 5179 1440 5212 :
1484 5181 1501 5212 ι
1539 5160 1786 5230 Nunquid

207 5261 384 5313 resina
415 5275 517 5312 non
561 5258 724 5313 estin
767 5257 967 5311 Galaad
1008 5265 1100 5310 aut
1132 5255 1371 5310 medicus
1396 5269 1500 5307 non
1544 5263 1626 5307 est
1667 5253 1738 5306 ibi
1773 5272 1785 5304 :

207 5370 376 5421 quare
422 5368 526 5406 non
571 5352 814 5406 ascendit
855 5350 1062 5403 curatio
1111 5348 1234 5400 tiliae
1290 5345 1465 5416 populi
1522 5345 1625 5398 mei
1654 5344 1786 5415 (Jer.

214 5446 348 5515 vin).
389 5466 407 5496 ι
438 5444 584 5499 Hane
619 5444 850 5498 resinam
896 5443 1129 5497 habebat
1172 5450 1226 5497 et
1251 5440 1417 5497 Jacob
1445 5439 1597 5510 (Gen.
1636 5441 1789 5508 xuii)

212 5553 372 5606 quam
408 5537 655 5591 mittebat
692 5536 798 5589 filio
828 5534 1021 5603 .ioscpb
1050 5549 1170 5588 cum
1200 5533 1353 5587 melle
1382 5541 1436 5587 et
1467 5531 1789 5592 terebintho,

214 5626 462 5691 nucibus,
499 5627 849 5697 tbymiamate
895 5635 949 5680 et
996 5631 1182 5679 stacte.
1216 5622 1538 5678 Ismahelitte
1581 5636 1796 5692 quoque

215 5717 590 5785 qui.emerunt
638 5715 832 5785 Josrph
865 5718 932 5770 de
979 5725 1119 5769 terra
1157 5715 1318 5768 lsrael
1360 5713 1510 5779 (Gen.
1562 5717 1790 5783 xxxvii),

219 5809 330 5863 lure
367 5809 417 5860 in
453 5807 741 5875 Algyptum
780 5807 1156 5873 deportabant,
1197 5805 1545 5875 thymiamata
1573 5813 1626 5857 et
1660 5806 1793 5857 resi-

540 5905 806 5961 Parnm.
855 5903 984 5961 CX.

1894 4717 2150 4786 prietates
2189 4733 2313 4772 snas
2349 4719 2497 4774 varie
2542 4718 2987 4788 interpretantur.

1970 4827 1988 4857 ι
2020 4808 2152 4873 Dan,
2182 4817 2236 4862 et
2267 4807 2492 4872 Gnecia,
2540 4815 2594 4862 et
2642 4807 2828 4872 Mozel,
2859 4807 3110 4866 nundinis
3147 4809 3250 4864 tuis
3277 4825 3471 4878 posue-

1894 4906 2018 4950 runt
2045 4896 2245 4951 ferrum
2275 4895 2625 4950 fabrefactum
2663 4915 2675 4949 :
2712 4906 2884 4952 stacte
2913 4907 2968 4952 et
3008 4898 3250 4953 calamus
3277 4899 3331 4953 in
3375 4916 3469 4956 ne-

1893 4988 2184 5057 gotiatione
2220 4997 2328 5040 tua.
2367 5007 2384 5039 ›
2417 4985 2578 5051 LXX,
2613 5007 2631 5038 ι
2664 4989 2798 5051 Dan,
2827 4997 2880 5042 et
2901 4987 3088 5053 Javan,
3119 4998 3173 5044 et
3195 4989 3386 5054 Mozel,
3415 4991 3467 5045 in

1895 5081 2151 5135 nundinis
2201 5080 2322 5140 tuis,
2365 5100 2382 5130 ι
2410 5095 2527 5148 qua:
2559 5080 2610 5134 in
2637 5080 2872 5135 editione
2898 5096 3083 5138 eorum
3127 5081 3192 5136 de
3228 5081 3470 5137 Theodoo

1897 5172 2042 5225 tione
2071 5170 2249 5224 addita
2284 5179 2426 5224 sunt.
2467 5187 2484 5220 ι
2519 5169 2742 5224 Ferrum
2770 5169 2968 5226 factum
2998 5186 3160 5240 opere
3195 5181 3249 5226 et
3275 5181 3390 5227 rota
3417 5173 3468 5226 in

1896 5262 2256 5316 conmixtione
2280 5269 2367 5312 tua
2395 5270 2494 5313 est.
2528 5278 2546 5310 ›
2577 5259 2653 5314 Ex
2682 5260 2896 5314 nomine
2925 5260 3245 5328 patriarcha:
3273 5259 3383 5314 Dan
3416 5270 3473 5314 et

1899 5353 2068 5406 tribus
2102 5362 2154 5405 et
2181 5351 2328 5403 locus
2361 5351 2541 5418 inquo
2577 5349 2837 5404 habitavit
2874 5351 3064 5413 tribus,
3091 5364 3285 5404 nomen
3317 5364 3471 5404 acce-

1896 5442 1992 5510 pit,
2026 5442 2113 5496 ubi
2151 5441 2306 5495 hodie
2353 5441 2582 5503 Paucas,
2609 5457 2728 5510 quae
2757 5442 3027 5510 quondam
3065 5441 3308 5496 Casarea
3346 5439 3471 5494 Phi-

1900 5534 2023 5604 lippi
2053 5534 2363 5588 vocabatur.
2396 5534 2544 5598 Unjle
2572 5542 2623 5586 et
2650 5531 2898 5589 Iordanis
2922 5533 3112 5590 ﬂuvius
3134 5532 3356 5587 sortitus
3386 5543 3471 5587 est

1899 5625 2212 5678 vocabulum
2244 5624 2362 5689 Jor,
2393 5625 2538 5678 rivus
2585 5624 2829 5680 videlicet
2863 5626 2978 5679 Dan
3022 5625 3111 5694 qui
3145 5624 3259 5678 lluit
3286 5624 3352 5678 dc
3382 5623 3443 5679 Li

1901 5719 2056 5772 hanc.
2088 5715 2255 5770 .lavan
2289 5726 2463 5770 autem
2498 5716 2758 5770 Grzeeiam
2789 5725 2963 5779 sonat,
2993 5730 3113 5784 qua:
3144 5715 3475 5784 interpreta-r

1904 5816 2010 5868 tur,
2053 5816 2103 5859 ut
2150 5806 2401 5870 diximus,
2437 5806 2526 5859 Est
2560 5816 2613 5859 et
2654 5822 2756 5860 non
2802 5815 2884 5860 est
2910 5822 2922 5866 ;
2947 5822 3043 5875 pro
3082 5803 3244 5858 aloch
3293 5811 3469 5858 autem

2918 5897 2995 5955 23
