3936 6354
586 393 689 447 779

576 592 785 649 Grrecia
834 590 1138 648 detulerunt
1166 590 1220 645 in
1256 591 1508 646 nundinis
1535 592 1639 650 tuis
1677 591 1877 646 ferrum
1919 592 2153 647 fabrefa-

580 692 746 748 ctum,
776 692 880 739 ete.
910 680 1103 752 Aquila
1124 695 1251 737 vero
1272 696 1369 752 pro
1404 681 1569 736 Mozel
1603 682 1781 751 posuit
1808 683 1873 737 de
1910 682 2063 747 Uzal,
2090 684 2155 739 de

575 771 773 840 quibus
798 770 1122 825 credendum
1146 778 1230 826 est
1252 771 1578 840 regionibus,
1611 770 1831 837 ferrum,
1865 783 1920 828 et
1948 782 2153 828 stacten

578 869 634 915 et
657 860 945 926 calamum,
973 860 1041 916 ad
1067 860 1194 934 Tyri
1233 862 1498 918 nundinas
1537 863 1835 930 deportata.
1878 864 2155 920 Dicamus-

576 969 681 1025 que
708 955 849 1024 quod
874 953 1082 1012 Graecia
1101 995 1119 1021 ,
1153 955 1207 1010 id
1232 964 1335 1021 est,
1366 956 1538 1012 Javan
1569 997 1585 1021 ,
1620 954 1819 1011 ferrum
1850 957 2045 1012 habeat
2071 958 2152 1013 fa-

578 1044 895 1109 brefactum,
924 1053 979 1101 et
1005 1046 1071 1101 ad
1097 1045 1235 1101 bella
1263 1046 1740 1117 promptissimum,
1767 1046 2150 1117 dialecticaque

574 1144 691 1191 arte
714 1143 1080 1191 constructum
1105 1135 1319 1206 jactans
1340 1150 1399 1191 se
1422 1140 1616 1190 cuncta
1635 1134 1835 1203 judicio
1860 1144 1915 1191 et
1945 1136 2153 1191 ratione

576 1226 836 1296 proferre,
864 1226 1215 1296 vocalemque
1236 1239 1427 1281 sonum
1450 1226 1539 1294 qui
1571 1226 1958 1295 interpretatur
1977 1226 2029 1280 in
2058 1242 2151 1281 ea-

578 1317 717 1371 lamo
743 1322 799 1370 ct
822 1323 1029 1371 stacten
1062 1316 1245 1371 odoris
1269 1314 1455 1385 optimi
1488 1314 1847 1385 repromittat.
1892 1315 2018 1386 Sive
2045 1313 2152 1370 fer-

577 1422 693 1461 rum
722 1404 1075 1462 fabrefactum
1103 1416 1156 1461 et
1186 1414 1377 1469 rotam,
1421 1420 1539 1475 quin
1577 1406 1863 1461 verborum
1887 1405 2151 1476 composi-

574 1499 718 1553 tione
749 1498 1012 1561 volvatur,
1043 1508 1097 1553 et
1126 1511 1344 1552 cursum
1370 1497 1569 1551 habeat
1590 1496 1873 1551 orationis.

648 1605 666 1637 ι
713 1587 890 1643 Dedan
934 1588 1207 1643 institores
1266 1587 1340 1642 tui
1404 1586 1456 1641 in
1528 1586 1791 1655 tapetibus
1850 1586 1916 1640 ad
1957 1584 2151 1640 seden-

578 1696 596 1727 ι
643 1678 789 1732 dum.
841 1698 859 1731 ι
910 1677 1307 1749 Septuaginta:
1352 1696 1369 1729 ι
1406 1678 1550 1732 Dean
1625 1676 1987 1748 negotiatores
2050 1675 2145 1741 tui,

571 1783 692 1822 cum
730 1766 989 1836 iumentis
1016 1768 1202 1824 electis
1243 1769 1310 1823 ad
1354 1783 1563 1825 currus.
1598 1789 1615 1821 ι
1662 1769 1881 1824 Multum
1928 1765 2143 1827 Hebrai-

1235 394 1288 446 ιι.
1337 391 1586 447 llABANl
1624 392 1842 448 MAURI
1882 392 2137 450 ARClllE

2246 394 2555 452 MOGUNT.
2595 395 2881 455 OPEllUM
2920 399 3097 458 PARS
3136 403 3198 458 ll.

579 503 937 572 Symmachus
969 501 1240 556 transtulit
1261 500 1519 571 deferens,
1551 510 1607 555 ut
1633 502 1701 556 sit
1726 516 1945 559 sensus:
1977 503 2087 558 Dan
2110 490 2163 557 et
2191 516 2235 569 Α

3738 405 3854 460 τεο

2338 520 2363 555 γι
2406 501 2722 560 Venditorcs
2765 504 2903 561 Salia
2950 515 3004 563 et
3041 508 3207 565 Rema
3252 511 3350 582 ipsi
3384 514 3689 569 venditores
3739 518 3849 572 tui.

2265 610 2286 644 ι
2330 607 2454 647 cum
2482 593 2746 648 universis
2777 596 2965 663 primis
3003 600 3361 666 aromatibus,
3396 610 3453 657 et
3496 600 3672 673 lapide
3717 619 3852 672 pre-

2264 699 2284 734 ι
2331 684 2622 739 tiosissimo
2648 693 2703 740 et
2726 700 2882 751 auro,
2909 690 3052 757 quod
3095 704 3485 760 proposuerunt
3512 694 3567 748 in
3593 703 3851 749 mercatu

2263 790 2282 824 ι
2325 783 2435 829 ιιιο.
2470 793 2489 826 ι
2531 773 2589 827 ιιι
2620 775 2850 831 Psalmis
2874 777 2964 831 ubi
2996 778 3256 849 scriptum
3280 789 3367 836 est
3400 799 3413 836 :
3452 782 3676 853 «Reges
3705 782 3853 836 Ara-

2256 861 2385 916 bum
2412 872 2467 917 et
2496 861 2636 918 Saba
2667 876 2892 920 munera
2930 866 3157 922 oll'erent
3187 870 3281 924 tibi
3322 870 3493 942 (Psal.
3533 870 3706 944 uxr),
3730 890 3752 923 ι
3792 873 3851 926 in

2258 950 2481 1007 llebrzeo
2510 955 2673 1010 habet
2704 970 2717 1008 :
2762 975 2781 1008 ι
2819 956 2989 1028 Reges
3018 957 3159 1014 Saba
3186 970 3239 1015 et
3270 960 3412 1016 Saba
3439 978 3667 1018 munera
3699 962 3845 1018 oﬂ'e-

2256 1051 2376 1096 rent
2426 1044 2541 1098 tibi.
2581 1064 2601 1098 ι
2657 1045 2897 1113 Quorum
2936 1063 3104 1103 unum
3152 1048 3294 1105 Saba
3330 1065 3430 1120 per
3480 1053 3563 1106 sin
3600 1051 3846 1107 litteram

2254 1133 2530 1209 scribitur,
2580 1135 2809 1192 alterum
2850 1152 2950 1208 per
2991 1140 3222 1205 samecli,
3252 1138 3601 1210 quaz‘nostrae
3642 1141 3848 1197 littera:

2254 1222 2447 1278 similis
2466 1234 2571 1280 est.
2603 1225 2737 1293 Quia
2762 1227 2928 1299 igitur
2950 1227 3091 1283 Saba
3122 1228 3508 1298 interpretatur
3528 1230 3844 1293 conversio,

2254 1310 2355 1366 hoc
2381 1314 2662 1370 dicendum
2684 1323 2790 1383 est,
2818 1320 2962 1388 quod
2981 1319 3033 1372 in
3059 1320 3311 1389 praesenti
3340 1319 3458 1374 loco
3482 1336 3589 1377 non
3613 1335 3847 1375 conver-

2255 1403 2460 1460 sionem
2508 1406 2816 1478 signiﬁcet,
2878 1408 2972 1465 sed
3019 1409 3494 1476 aversionem,de
3550 1425 3655 1480 qua
3694 1411 3845 1481 Tyro

2253 1511 2479 1551 munera
2526 1496 2855 1561 deferuntur,
2903 1514 3026 1554 cum
3082 1499 3350 1555 universis
3396 1499 3744 1554 aromatibus
3787 1510 3843 1554 et

2251 1584 2509 1640 odoribus
2556 1586 2776 1656 optimis
2823 1597 2879 1642 et
2924 1587 3098 1659 lapide
3133 1589 3370 1660 pretioso
3414 1599 3469 1645 et
3513 1604 3670 1653 auro,
3717 1605 3841 1659 qua:

2250 1678 2430 1733 omnia
2464 1678 2518 1733 in
2559 1678 2687 1749 Tyri
2726 1678 2979 1735 nundinis
3016 1688 3408 1750 proponuntur.
3452 1680 3519 1735 Et
3548 1680 3651 1750 ipsi
3688 1680 3839 1734 enim

2252 1766 2583 1821 mentiuntur
2605 1768 2822 1823 odorem
2844 1768 3106 1838 optimum
3138 1769 3474 1840 lapidemque
3508 1770 3837 1839 pretiosum,

572 1875 694 1913 cum
740 1867 796 1913 et
843 1856 985 1912 LXX
1024 1858 1079 1913 in
1126 1860 1376 1928 praesenti
1417 1859 1534 1938 loco
1575 1858 1915 1927 discrepant,
1947 1864 2144 1928 printer
2173 1860 2219 1919 Β
2246 1875 2352 1930 quo
2373 1866 2653 1915 exstruere
2674 1861 3044 1930 perversitatis
3065 1876 3175 1932 sua:
3204 1862 3448 1916 nituntur
3474 1862 3759 1931 ecclesias,
3783 1870 3838 1917 et

573 1966 765 2006 nomen
814 1949 1045 2021 regionis
1087 1949 1229 2021 quod
1277 1950 1514 2005 vicinum
1544 1958 1625 2004 est
1654 1949 1833 2003 Dedan
1868 1958 1923 2004 et
1953 1948 2137 2003 Dadan

572 2040 776 2094 inﬁnita
805 2040 1000 2109 quippe
1027 2039 1277 2094 distantia
1326 2040 1379 2092 in
1418 2039 1686 2109 tapetibus
1723 2040 1789 2093 ad
1827 2038 2140 2101 sedendum,

570 2142 624 2187 et
640 2129 897 2199 jumentis
923 2129 1108 2186 electis
1131 2130 1197 2184 ad
1229 2146 1442 2185 currus.
1470 2130 1579 2185 Nec
1612 2113 1833 2185 dubium
1857 2131 1987 2199 quin
2014 2144 2146 2198 qua-

568 2221 956 2293 ilrigai‘currus
994 2228 1050 2276 et
1072 2222 1196 2291 equi
1232 2222 1285 2276 in
1313 2222 1508 2275 malam
1541 2231 1750 2291 partem
1792 2221 2142 2290 accipiantur,

568 2311 616 2366 si
646 2312 845 2367 terreni
873 2312 999 2377 sint,
1026 2311 1263 2381 alioquin
1289 2313 1355 2366 de
1379 2311 1708 2376 cmlcstibns,
1736 2319 1791 2365 et
1820 2311 1963 2365 Elias
1983 2326 2142 2365 curru

571 2402 776 2473 rapitur
812 2401 1215 2472 appellaturque
1254 2404 1321 2455 ab
1347 2400 1522 2456 Eliseo
1542 2420 1560 2451 ι
1582 2410 1736 2470 pater
1759 2402 1851 2465 mi,
1876 2409 2029 2470 pater
2049 2401 2142 2464 mi,

568 2491 752 2561 auriga
778 2499 834 2544 et
875 2505 1067 2545 currus
1094 2489 1258 2545 lsrael
1284 2488 1389 2561 (IV
1423 2490 1546 2560 Reg.
1594 2506 1661 2557 It;
1690 2490 1771 2544 IV
1800 2489 1927 2561 Reg.
1966 2490 2065 2561 vt),
2092 2499 2147 2545 et

567 2582 717 2637 Giezi
752 2582 1068 2652 aperiuntur
1094 2581 1252 2646 oculi,
1297 2591 1355 2637 ut
1384 2596 1576 2638 currus
1605 2583 1658 2635 in
1685 2589 1864 2636 monte
1896 2590 1951 2636 et
1978 2596 2145 2652 equos

567 2674 745 2729 videat
769 2675 888 2729 sine
907 2674 1301 2738 ascensoribus,
1325 2673 1550 2729 sessioni
1570 2673 1778 2728 Domini
1794 2682 2141 2743 praeparatos.

567 2768 620 2821 in
643 2766 911 2836 tapetibus
931 2774 1108 2820 autem
1127 2780 1432 2821 sermonum
1450 2764 1791 2835 pulchritudo
1811 2771 2147 2818 monstratur

568 2859 621 2909 iu
662 2855 857 2925 quibus
884 2855 1150 2910 vehuntur
1177 2864 1236 2909 et
1284 2847 1627 2924 requiescunt
1656 2854 1933 2909 institores
1958 2852 2142 2909 Dedan

566 2947 801 3001 sessione
827 2946 1120 3015 composita
1144 2945 1423 2999 venientes
1451 2944 1517 2997 ad
1547 2943 1815 2999 nundinas
1844 2943 1992 3015 Tyri.

644 3054 660 3084 ι
703 3036 904 3091 Arabia
933 3044 987 3090 et
1013 3036 1247 3090 universi
1276 3035 1544 3104 principes
1569 3033 1744 3090 Cealar
1774 3034 1871 3104 ipsi
1898 3035 2139 3105 negotia-

570 3149 585 3174 ι
634 3138 779 3182 tores
808 3142 1001 3182 manus
1030 3133 1157 3191 tusc,
1180 3141 1300 3181 cum
1326 3126 1479 3195 agnis
1503 3133 1557 3179 el.
1595 3126 1853 3180 arietibus
1876 3134 2142 3182 venerunt

2246 1965 2437 2005 aurum
2469 1952 2608 2020 quod
2638 1950 2918 2020 pollicetur
2941 1951 2995 2005 in
3041 1965 3224 2016 sensu,
3260 1952 3549 2021 omniaque
3576 1966 3837 2022 perversa

2246 2054 2393 2097 sunt:
2411 2042 2545 2097 nihil
2560 2042 2702 2097 enim
2717 2042 2952 2114 gratuito
2965 2042 3255 2112 accipiunt,
3272 2056 3369 2097 nec
3380 2043 3551 2113 gratis
3565 2041 3833 2107 tribuunt,

2246 2133 2342 2188 sed
2370 2134 2620 2189 universa
2648 2143 2972 2198 mercantur,
3003 2148 3125 2188 cum
3152 2148 3305 2204 reges
3331 2132 3572 2187 Arabum
3601 2141 3659 2187 et
3688 2131 3833 2187 Saba

2245 2223 2412 2293 gratis
2431 2222 2646 2278 Christo
2668 2238 2889 2279 munera
2905 2222 3162 2289 oderant:
3185 2224 3236 2278 bi
3254 2230 3379 2278 sunt
3401 2222 3493 2292 qui
3518 2222 3703 2277 omnia
3728 2232 3836 2275 tur-

2247 2315 2328 2384 pis
2348 2315 2481 2370 lucri
2508 2330 2669 2370 causa
2695 2314 2915 2379 faciunt,
2934 2323 2982 2369 et
3003 2314 3070 2368 ab
3094 2327 3159 2369 eo
3182 2314 3294 2368 lucc
3323 2327 3548 2367 munera
3572 2326 3831 2380 suscepe-

2247 2415 2392 2471 runt,
2417 2406 2507 2476 qui
2537 2407 2667 2461 dicit
2686 2408 2737 2460 in
2764 2404 3279 2476 EvangeliaUIatt/z.
3306 2404 3380 2476 iv)
3406 2422 3419 2457 :
3451 2424 3469 2456 ι
3498 2402 3628 2458 Ηίεο
3648 2404 3830 2458 omnia

2246 2493 2439 2548 tradita
2463 2503 2587 2549 sunt
2616 2494 2768 2559 mihi,
2793 2509 2912 2565 qua
2938 2493 2982 2549 si
3006 2494 3267 2550 cecideris
3288 2494 3424 2548 dabo
3451 2492 3566 2547 tibi.
3599 2510 3619 2542 ι
3642 2491 3830 2557 Remo,

2245 2584 2358 2639 sive
2386 2582 2540 2652 juxta
2583 2583 2722 2638 LXX
2748 2584 3013 2656 Rhegma,
3036 2585 3089 2639 in
3117 2584 3261 2639 nullo
3290 2583 3393 2639 alio
3423 2581 3827 2652 scripturarum

2246 2673 2363 2729 loco
2396 2674 2637 2729 invenire
2668 2673 2835 2744 potui,
2864 2689 2963 2741 nec
2992 2688 3111 2743 qua“:
3139 2673 3287 2744 regio
3311 2673 3399 2735 sit,
3430 2673 3630 2741 quidve
3655 2672 3824 2741 signi-

2248 2762 2389 2827 ticet,
2420 2763 2523 2817 nisi
2556 2764 2696 2833 quod
2724 2761 3067 2818 manifestum
3093 2774 3197 2828 est,
3230 2773 3287 2818 et
3313 2778 3379 2817 ex
3409 2776 3474 2816 eo
3528 2762 3673 2831 quod
3701 2760 3827 2827 jun-

2243 2853 2409 2923 gitur,
2441 2850 2582 2906 Saba
2609 2852 2838 2907 vicinam
2867 2852 2994 2907 huic
3022 2853 3311 2923 provincia:
3339 2866 3456 2906 esse
3490 2851 3790 2922 regionem.

2320 2958 2338 2991 ι
2379 2939 2549 3005 Aran,
2595 2948 2651 2995 et
2693 2939 2935 3006 Channe,
2994 2948 3050 2994 et
3104 2940 3275 3004 Eden,
3329 2939 3697 3009 negotiatores
3728 2938 3822 2991 tui.

2251 3051 2269 3083 ι
2316 3030 2477 3095 Saba,
2507 3029 2677 3085 Assur
2699 3038 2755 3085 ct
2779 3028 3036 3085 Chelmad
3068 3030 3372 3091 venditores
3396 3030 3494 3095 tui,
3524 3029 3627 3099 ipsi
3656 3042 3821 3099 nego-

2254 3141 2272 3173 ι
2314 3120 2536 3175 tiatores
2572 3120 2649 3175 tui
2698 3118 3048 3174 multifariam
3093 3117 3385 3175 involucris
3429 3117 3732 3189 hyacinthi,
3770 3127 3824 3172 et

571 3240 586 3269 ι
635 3222 699 3273 ad
732 3228 801 3273 te.
839 3239 859 3271 ι
895 3218 999 3274 Pro
1044 3237 1063 3269 ι
1095 3218 1269 3287 agnis,
1299 3218 1560 3271 arietibus
1585 3226 1641 3271 et
1667 3216 1832 3272 haedis
1864 3237 1883 3270 ι
1916 3216 2140 3285 Septua-
2170 3195 2214 3255 (ἶ
2252 3234 2269 3261 ι
2313 3209 3118 3283 polymitorum,'gazarumque
3148 3207 3540 3279 pretiosarum,
3567 3224 3688 3279 qua:
3716 3209 3817 3263 ob-

566 3311 709 3371 ginta
745 3326 762 3358 ι
804 3308 1060 3372 camelos,
1093 3316 1147 3361 ct
1176 3306 1393 3371 arietes,
1435 3316 1489 3361 et
1534 3320 1700 3375 agnos
1732 3324 1751 3358 ι
1802 3307 2137 3377 interpretati

561 3409 702 3456 sunt.
744 3399 941 3455 Arabia
973 3410 1151 3454 autem
1182 3407 1238 3454 ct
1282 3398 1553 3468 principes
1600 3398 1777 3453 Cedar
1826 3414 1944 3467 qua:
1982 3398 2139 3454 liodic

562 3494 955 3557 Saracenorum
998 3490 1144 3560 regio
1184 3499 1291 3555 est,
1322 3489 1460 3544 sicut
1502 3489 1555 3542 in
1596 3487 1842 3545 Jeremia:
1868 3503 2135 3553 sermone,

561 3586 647 3652 qui
688 3583 973 3638 adversum
1010 3582 1185 3636 Cedar
1228 3582 1511 3645 scribitur,
1566 3568 1876 3650 plenissime
1918 3581 2137 3636 demon-

566 3684 786 3727 stratum
833 3681 946 3736 est,
986 3671 1259 3725 abundant
1294 3670 1379 3724 liis
1412 3669 1776 3724 animantibus
1810 3670 1962 3741 agnis
1992 3670 2137 3725 vide-

567 3765 707 3823 licet,
738 3772 792 3816 et
817 3762 1077 3817 arietibus
1102 3770 1156 3815 et
1184 3760 1349 3815 litedis
1372 3768 1424 3815 et
1452 3758 1578 3831 Tyri
1602 3760 1866 3815 nundinas
1896 3761 1995 3815 hac
2024 3760 2137 3814 illa-

564 3856 706 3908 tionc
722 3854 1093 3924 multiplicant.
1114 3852 1220 3908 Sed
1237 3860 1287 3907 ct
1304 3852 1630 3908 camelorum
1644 3850 1972 3907 fertilissima
1991 3852 2137 3921 regio

561 3956 645 4000 est
668 3947 737 3999 ob
765 3959 1086 4016 pascuorum
1108 3944 1273 4000 eremi
1305 3944 1641 3999 latitudinem
1663 3944 1907 4015 aerisque
1931 3936 2131 4013 tempe-

563 4042 726 4101 rieui,
759 4037 953 4105 quibus
1002 4038 1101 4092 hoc
1132 4028 1328 4091 animal
1368 4037 1681 4093 delectatur.
1724 4035 1919 4090 Arabia
1954 4044 2133 4091 autem

562 4132 944 4197 interpretatur
968 4144 1174 4197 respem
1188 4139 1253 4181 εει
1284 4127 1458 4181 ϐειὶιιι·
1485 4126 1729 4179 tenebrw.
1763 4125 1839 4180 De
1871 4140 1976 4195 qua
1998 4134 2055 4180 et
2081 4125 2133 4179 in

562 4201 785 4273 δ”δειιιιιίδ
811 4217 1046 4272 dicitur:
1085 4234 1102 4266 ι
1137 4216 1386 4269 llabitavi
1418 4230 1542 4271 cum
1575 4214 1942 4269 habitantibus
1963 4213 2135 4269 Cedar

562 4307 733 4372 (l'sul.
766 4307 937 4378 cm);
973 4325 993 4357 ι
1032 4322 1149 4374 qua:
1184 4308 1429 4375 regiones
1458 4302 1705 4358 deft-runt
1732 4302 1875 4374 Tyro
1900 4302 2134 4358 camelos

561 4396 890 4466 grimssimis
934 4404 1277 4463 peccatorum
1308 4394 1563 4449 oneribus
1597 4402 1983 4464 praegravatus,
2022 4392 2134 4447 sive

560 4504 725 4555 agnos
750 4499 803 4539 et
825 4486 1041 4547 arietes,
1061 4494 1115 4537 ct
1139 4484 1318 4537 haedos
1336 4499 1472 4552 quos
1495 4481 1770 4536 immolant
1792 4481 1845 4535 in
1871 4480 2131 4535 altaribus

558 4579 692 4640 suis,
716 4592 835 4645 qua:
860 4576 925 4629 de
962 4574 1144 4642 iniquo
1175 4572 1354 4627 rebelli
1386 4572 1547 4626 corde
1572 4569 1910 4625 simularunt.
1950 4566 2055 4623 Sed
2077 4580 2132 4623 et

558 4670 610 4722 in
655 4667 752 4720 hoc
782 4666 967 4720 eodem
1000 4666 1257 4734 propheta
1294 4663 1346 4715 iu
1388 4663 1593 4716 visione
1629 4671 1905 4729 pastorum
1935 4660 2130 4714 arietes

556 4772 723 4827 aquas
749 4756 1061 4826 purissimas
1080 4754 1462 4808 conturbantes
1482 4762 1533 4805 et
1568 4751 1920 4821 iiupingentes
1950 4748 2132 4802 lateri-

560 4853 658 4904 bus
725 4862 853 4902 oves
891 4858 947 4901 ct
988 4844 1242 4900 cornibus
1290 4842 1625 4904 dimicantes,
1682 4840 1903 4910 legimus
1950 4840 2129 4893 luetlos

558 4956 770 5012 quoque
798 4941 889 5009 qui
917 4938 983 4991 ad
1012 4937 1284 4990 sinistram
1305 4942 1451 4987 stare
1470 4940 1837 4993 consimrunl,
1863 4940 1917 4983 ct
1941 4943 2125 4996 agnos,

558 5037 646 5104 qui
685 5033 1013 5085 mentiuntur
1039 5041 1255 5094 agnum,
1282 5026 1346 5080 de
1373 5041 1477 5093 quo
1499 5025 1760 5092 Scriptum
1784 5037 1865 5076 est
1898 5042 1911 5075 :
1944 5042 1959 5071 ι
1994 5022 2127 5076 Ecce

565 5148 580 5175 ι
612 5130 796 5191 Agnus
816 5121 930 5182 Dei,
951 5132 1079 5173 cccc
1099 5118 1186 5186 qui
1212 5118 1349 5170 tollit
1372 5125 1588 5185 peccata
1607 5114 1786 5168 mundi
1806 5113 1985 5182 (locu.
2014 5114 2071 5169 il.
2105 5136 2122 5165 ι

561 5216 614 5267 li.
647 5216 838 5265 bonam
870 5218 1077 5278 partem
1107 5205 1342 5261 camelos
1369 5205 1551 5260 scribit
1579 5204 1761 5269 Isaias,
1797 5203 1861 5257 de
1899 5202 2125 5260 Madiaa.

562 5305 711 5373 quod,
733 5302 1112 5367 interpretatur
1142 5296 1345 5351 Domini
1364 5295 1643 5361 judicium,
1663 5294 1844 5347 venire
1874 5292 2123 5346 llierusa-

560 5394 687 5454 lem,
709 5402 757 5445 et
776 5389 946 5458 Epltzi.
966 5397 1021 5440 ct
1044 5387 1241 5440 arietes
1262 5384 1327 5460 tle
1342 5382 1604 5450 Nabujotlt
1633 5392 1685 5435 cl
1710 5379 1850 5436 Saba
1881 5380 2127 5435 deleret:-

564 5495 643 5537 ics
666 5496 858 5535 aurum
887 5488 937 5533 ct
967 5478 1109 5540 thus,
1130 5491 1355 5545 quorum
1384 5476 1490 5529 duo
1513 5472 1693 5527 ultima
1722 5472 1881 5526 etiam
1909 5486 1939 5524 a
1965 5470 2127 5541 Magis

562 5573 854 5629 niterentur
904 5568 1146 5622 Domino.
1188 5566 1378 5632 lstique
1432 5562 1625 5617 cameli
1683 5561 1925 5631 deposito
1964 5576 2127 5615 onere

562 5682 641 5733 pc.
662 5675 903 5715 natorum
928 5668 1146 5727 passum
1172 5656 1366 5709 iuuare
1391 5664 1592 5708 arctam
1620 5662 1670 5706 et
1690 5659 1971 5720 angustant
1988 5650 2125 5706 viam

567 5771 679 5823 quae
703 5757 846 5808 ducit
870 5754 932 5803 ad
967 5764 1139 5803 utaut.

2248 3322 2267 3353 ι
2288 3320 2291 3323 ν
2314 3304 2506 3359 volutae
2531 3312 2585 3359 et
2609 3303 2843 3357 astrictm
2873 3312 3029 3357 erant
3060 3302 3290 3357 funibus.
3328 3322 3347 3355 ι
3386 3302 3554 3366 Aran,
3586 3304 3724 3368 sive,
3760 3313 3820 3357 ut

2241 3390 2384 3446 LXX
2413 3391 2615 3455 dixere,
2650 3389 2912 3455 Clmrran,
2941 3390 2995 3444 in
3025 3389 3202 3461 lingua
3245 3399 3427 3445 nostra
3475 3399 3632 3444 sonat
3676 3390 3819 3459 {ora-

2242 3482 2402 3543 mina,
2435 3481 2656 3537 Chaone
2699 3481 3156 3550 prirparatiouem,
3186 3480 3331 3534 Eden
3357 3479 3593 3534 delicias.
3636 3479 3694 3533 lu
3721 3494 3817 3534 ne~

2239 3573 2530 3643 gotiatione
2571 3587 2699 3643 ergo
2730 3572 2856 3640 Tyri
2896 3586 2993 3641 per
3027 3585 3253 3626 canicos
3291 3584 3502 3635 sensus,
3548 3572 3640 3638 qui
3679 3570 3816 3624 indi-

2238 3672 2431 3717 cantur
2457 3662 2509 3715 in
2539 3660 2919 3724 foraminibus,
2952 3668 3061 3714 tota
3089 3658 3267 3715 saeculi
3302 3659 3576 3713 hominum
3606 3672 3811 3728 praepa-

2239 3751 2375 3806 ratio
2404 3760 2507 3814 est,
2530 3750 2623 3819 qui
2654 3749 2799 3803 solas
2828 3748 3047 3803 delicias
3066 3759 3276 3817 putant,
3310 3749 3354 3801 si
3384 3755 3617 3816 augeant
3638 3745 3811 3817 Tyria:

2239 3841 2387 3895 urbis
2409 3841 2751 3895 commercia.
2790 3840 2865 3894 De
2888 3837 3028 3893 Saba
3056 3853 3211 3907 supra
3236 3838 3488 3892 diximus.
3532 3839 3699 3891 Assur
3728 3839 3807 3891 in-

2238 3937 2563 4000 terpretatur
2593 3929 2845 3998 dirigens.
2893 3928 3143 3981 Chelmad
3162 3967 3176 3993 ,
3210 3929 3325 3983 sive
3351 3936 3410 3980 nt
3440 3928 3503 3981 in
3541 3928 3807 3996 aliquibus

2236 4018 2631 4089 exemplaribus
2654 4017 2984 4082 continetur,
3014 4015 3267 4103 (Πιεηιιιιἰ
3290 4015 3616 4072 transfertur
3638 4018 3694 4071 in
3735 4019 3804 4071 ei-

2237 4127 2395 4175 neas;
2418 4110 2558 4165 haud
2588 4110 2808 4165 dubium
2829 4109 2956 4178 quin
2992 4108 3347 4165 Sodomorum
3374 4112 3465 4180 qui
3506 4112 3721 4164 veniunt
3754 4111 3804 4164 in

2238 4210 2475 4255 mercatu
2506 4199 2632 4268 Tyri
2658 4237 2673 4262 ,
2711 4206 2766 4252 ut
2796 4212 2959 4267 prava
2991 4198 3254 4269 dirigant,
3284 4198 3393 4252 imo
3429 4209 3656 4269 arguant
3692 4215 3799 4267 pm~

2237 4292 2340 4357 nis,
2370 4302 2424 4345 et
2459 4291 2734 4361 eoi-rigant
2763 4305 2881 4361 qua:
2912 4288 3123 4346 fuerant
3150 4289 3468 4362 depravata,
3496 4290 3649 4361 juxta
3681 4290 3800 4346 illud

2234 4384 2376 4454 quod
2419 4386 2470 4438 in
2513 4384 2740 4439 Psalmis
2778 4382 2978 4439 dicitur
3014 4401 3027 4439 :
3070 4384 3142 4440 Ut
3169 4386 3416 4440 destruas
3451 4386 3720 4441 inimicum
3753 4396 3799 4439 ct

2236 4476 2483 4530 ultorem.
2512 4474 2827 4543 liabentqne
2849 4474 3195 4529 multifariam
3225 4476 3631 4545 supellcctilem,
3648 4487 3702 4529 et
3729 4478 3796 4530 in-

2233 4566 2473 4621 credibili
2518 4566 2783 4620 varictate
2822 4566 3158 4626 distinctam,
3202 4581 3322 4635 qua:
3350 4566 3639 4620 involucris
3671 4566 3795 4635 Hya-

2231 4657 2396 4710 cinthi
2451 4657 2670 4709 astricta
2724 4664 2851 4720 est,
2904 4655 3016 4708 sive
3072 4654 3311 4709 thesauri
3360 4654 3797 4729 comminuit-us

2230 4750 2691 4819 constringuntur,
2714 4802 2722 4810 ,
2745 4762 2880 4816 quos
2907 4748 3407 4800 tliesaurizaverunt
3433 4747 3533 4800 sibi
3561 4747 3612 4798 in
3640 4755 3789 4807 terra,

2224 4836 2378 4906 juxta
2405 4837 2530 4891 illud
2545 4837 2686 4906 quod
2708 4836 2966 4904 scriptum
2987 4844 3095 4889 est:
3128 4854 3144 4885 ι
3171 4833 3409 4887 Funibus
3429 4845 3791 4903 pecccatonuu

2235 4941 2455 4981 suorum
2486 4910 2849 4995 umisqoisque
2880 4927 3267 4994 C'itisit'ittgilut‘
3297 4924 3483 4995 (Prov.
3524 4926 3579 4997 ν)
3599 4967 3617 4990 ,
3653 4947 3669 4977 ι
3703 4942 3789 4978 nec

2232 5020 2437 5072 balsuer
2459 5029 2531 5071 .nt
2554 5019 2972 5087 negotiationem
3003 5016 3245 5077 liberam,
3279 5020 3371 5071 sed
3396 5029 3589 5072 cuncta
3610 5032 3784 5087 pecca-

2233 5120 2407 5162 torum
2436 5108 2659 5163 vinculis
2685 5116 3003 5163 uexuerunt.
3029 5107 3304 5161 Involucra
3322 5108 3661 5176 hyacinthina
3684 5124 3783 5175 pro-

2232 5213 2347 5268 pter
2361 5198 2555 5253 cnloris
2569 5197 2969 5252 similitmiincm
2988 5198 3281 5249 reteramus
3294 5197 3359 5248 ad
3376 5211 3562 5249 aereas
3575 5208 3732 5265 potes:
3743 5209 3783 5245 ει

2234 5300 2341 5352 tes,
2376 5304 2493 5357 qtae
2519 5288 2797 5341 thesauros
2825 5302 2951 5339 suos
2980 5286 3160 5338 sateuli
3201 5286 3453 5339 nundinis
3482 5284 3780 5356 largiuntur.

2306 5398 2323 5429 ι
2369 5379 2568 5433 (Icili-os
2591 5392 2800 5447 quoque
2826 5376 3093 5430 habebant
3123 5377 3174 5428 in
3199 5376 3645 5443 negotiationibus
3671 5377 3779 5429 tuis.

2237 5489 2253 5519 ι
2296 5467 2469 5523 Naves
2506 5468 2695 5529 maris,
2734 5466 3001 5534 principes
3038 5466 3113 5517 tui
3142 5466 3193 5518 in
3235 5453 3596 5533 negotiatione
3630 5474 3731 5519 tua.
3762 5484 3776 5511 ι

2232 5558 2335 5613 Pro
2366 5560 2540 5613 cedris
2582 5557 2932 5626 Septuaginta
2968 5559 3259 5625 cyparissos
3291 5558 3690 5611 transtulerunt.
3728 5558 3780 5609 [ι
3854 5604 3859 5633 1

2231 5653 2355 5719 quia
2405 5664 2561 5718 supra
2597 5651 2663 5703 de
2690 5657 2915 5717 utroque
2950 5649 3201 5713 diximus,
3249 5651 3577 5718 superﬂuum
3606 5659 3683 5705 est
3719 5658 3775 5702 le-
3848 5652 3857 5737 1

2232 5742 2365 5795 ctuti
2397 5756 2588 5810 augere
2621 5738 2913 5793 lastidium.
