3936 6370
226 437 320 494 781

1194 428 1545 486 COMMENT.
1582 412 2138 483 musculi-mnu.
2178 457 2245 467 -
2272 426 2411 485 ιλιι.
2455 424 2523 479 x.

3363 421 3468 481 782

298 550 395 605 «Et
418 547 614 620 repleta
631 556 757 604 eset
777 545 1075 620 gloriﬁcata
1088 546 1222 617 (sive
1242 541 1547 617 aggravata)
1566 542 1790 597 nimisin
1822 545 1867 601 A
1897 541 2057 596 linem
2074 520 2325 595 habuerit
2346 541 2645 605 ruinarum,
2668 539 3061 595 multltudinem
3084 546 3288 611 autem,
3304 552 3463 607 quam

231 660 251 694 ι
286 639 447 696 corde
473 636 656 692 maris.
683 655 702 689 ι
736 634 909 701 Nihil,
937 634 1145 704 inquit,
1176 633 1273 688 tibi
1313 632 1514 697 defuit,
1553 630 1694 700 quod
1735 629 1803 685 ad

226 730 440 786 divitias
485 726 720 798 pertinet
760 724 1077 789 insularum,
1103 737 1221 793 qua
1256 730 1435 777 tamen
1462 719 1799 792 gloriﬁcatio,

229 822 327 877 fuit
352 819 659 892 aggravatio
681 816 1023 888 possidentis,
1053 816 1179 870 dum
1200 828 1307 868 non
1332 820 1509 884 potest
1529 812 1803 867 moderate

229 911 368 967 ferre
393 910 608 965 divitias
640 926 654 962 :
683 919 988 978 quanquam
1019 914 1075 960 et
1098 911 1387 975 paupertas
1412 916 1553 971 smpe
1576 900 1800 956 tentatio

227 1002 317 1057 sit.
345 998 499 1055 Unde
524 1006 578 1052 et
603 996 854 1052 Salomon
882 991 1065 1068 (Prov.
1097 992 1227 1063 xxx)
1256 991 1560 1047 necessaria
1589 999 1799 1046 tantum

225 1088 495 1161 postulat,
534 1094 588 1141 et
608 1086 824 1141 divitias
847 1099 911 1140 ac
934 1090 1309 1155 paupertatem
1335 1082 1539 1153 pariter
1562 1080 1799 1137 detesta-

227 1189 315 1234 tur
357 1196 371 1232 :
415 1194 483 1233 ne
530 1177 581 1231 in
619 1175 788 1230 altero
833 1174 1103 1245 superbia,
1138 1182 1195 1229 ct
1235 1173 1290 1227 in
1336 1172 1508 1229 altero
1547 1170 1801 1243 subrepat

226 1255 557 1340 impatientia
583 1260 744 1339 atque
777 1265 1138 1322 mendacium.

300 1376 319 1408 ι
366 1358 420 1412 ln
456 1358 609 1426 aquis
653 1356 838 1411 multis
889 1354 1226 1410 adduxerunt
1263 1361 1317 1409 te
1364 1352 1594 1423 remiges
1637 1352 1734 1406 tui.
1771 1370 1792 1404 ι

226 1449 399 1520 Supra
432 1448 662 1517 remiges
707 1445 882 1517 Tyrite
919 1446 1159 1501 civitatis
1197 1444 1450 1500 Sidonios
1484 1444 1710 1514 legimus
1743 1451 1798 1498 et

222 1537 471 1601 Aradios,
523 1551 751 1606 quorum
788 1536 939 1590 alteri
986 1543 1293 1599 venatores,
1340 1534 1493 1588 alteri
1529 1534 1795 1602 interpre-

226 1639 411 1687 tantur
459 1632 785 1702 deponentes
824 1649 837 1685 :
872 1638 1140 1684 venantur
1175 1629 1318 1684 enim
1346 1642 1532 1683 eorum
1560 1626 1791 1691 animas,

222 1737 361 1792 quos
389 1722 530 1775 inter
554 1720 731 1776 saeculi
760 1718 921 1791 huius
962 1717 1155 1774 fluctus
1178 1732 1277 1772 suo
1306 1716 1509 1772 ducunt
1545 1714 1790 1780 arbitrio,

223 1817 280 1864 et
310 1824 416 1864 non
443 1809 509 1863 ad
538 1807 748 1863 excelsa
778 1809 1082 1872 sublevant,
1100 1805 1191 1862 sed
1214 1807 1266 1861 in
1292 1804 1555 1876 profunda
1575 1803 1788 1859 demer-

1901 631 2336 687 commixtioncm
2384 630 2730 701 Septuaglnta
2778 630 3184 699 transtulerunt,
3228 631 3464 702 exceptis

1898 721 2246 792 principibus,
2269 721 2460 793 vulgus
2480 721 2769 792 signiﬁcat,
2799 722 2888 792 qui
2912 722 3112 793 absque
3139 720 3356 780 nomine
3379 723 3465 780 di-

1898 810 2161 881 gnitatum
2203 809 2365 867 simili
2390 810 2593 882 judicio
2628 820 2995 867 conterentur.
3036 811 3307 884 Mixtaque
3333 827 3463 886 pro-

1897 898 2078 969 phetia
2102 888 2204 965 est,
2233 900 2375 956 inter
2402 901 2591 956 urbem
2628 907 2684 954 et
2717 915 2933 968 navem,
2959 909 3014 957 et
3039 916 3106 956 ex
3134 902 3307 959 altero
3331 901 3466 958 alte.

1897 1002 2015 1042 rum
2042 988 2331 1059 intelligas,
2360 997 2414 1046 et
2441 996 2621 1044 tamen
2650 997 2936 1060 utrumque
2962 989 3027 1045 ad
3053 990 3465 1048 consummatio-

1897 1098 2018 1138 nem
2050 1082 2231 1138 saeculi
2258 1083 2523 1154 pertineat
2550 1076 2713 1155 atque
2739 1084 2793 1140 in
2825 1082 3183 1157 naufragium.

1969 1191 1989 1224 ι
2032 1172 2078 1226 Α
2099 1160 2277 1228 sonitu
2301 1171 2554 1229 clamoris
2572 1176 2994 1244 gubernatorum
3017 1182 3227 1233 tuorum
3250 1188 3465 1235 contur-

1899 1278 1920 1312 ο
1962 1259 2236 1316 habentur
2281 1261 2485 1318 classes
2530 1271 2586 1317 et
2629 1264 2954 1320 descendent
2992 1264 3060 1321 de
3088 1263 3314 1327 navibus
3351 1269 3464 1325 suis

1902 1368 1921 1401 ι
1967 1365 2175 1413 omnes,
2210 1351 2302 1422 qui
2343 1351 2603 1406 tenebant
2643 1367 2872 1408 remum.
2908 1354 3095 1410 Nautcc
3131 1364 3188 1411 et
3229 1356 3463 1413 universi

1898 1456 1919 1490 ς
1961 1440 2349 1508 gubernatores
2367 1439 2533 1495 maris
2551 1449 2899 1511 vectoresque
2918 1450 2972 1498 et
2993 1452 3224 1513 proretze
3245 1445 3298 1499 in
3324 1433 3465 1500 terra

1899 1546 1917 1580 ι
1961 1528 2179 1595 stabunt
2199 1526 2473 1597 ejulabunt
2494 1544 2653 1600 super
2674 1540 2725 1585 te
2745 1546 2875 1586 voce
2889 1547 3077 1605 magna
3096 1541 3148 1589 et
3161 1533 3470 1591 clamabunt

1897 1637 1917 1671 ‹
1958 1634 2159 1676 amare.
2175 1619 3170 1696 Etsuperjacientpulverem‘tapitibus
3182 1608 3466 1693 suis,etci-

1897 1728 1917 1763 ‹
1960 1724 2090 1766 nere
2112 1720 2553 1782 conspergentur,
2569 1720 2625 1767 et
2641 1713 2828 1769 radent
2844 1730 3007 1785 super
3024 1725 3077 1772 te
3096 1716 3391 1783 calvitium,
3409 1728 3463 1772 et

1897 1817 1918 1852 ι
1959 1802 2307 1869 accingentur
2330 1802 2540 1867 ciliciis,
2562 1811 2618 1858 et
2641 1803 2924 1872 plorabant
2947 1814 2999 1863 te
3026 1808 3078 1863 in
3103 1810 3462 1865 amaritudine

222 1907 359 1969 gunt
396 1916 411 1953 :
461 1914 561 1953 nec
595 1897 877 1952 imitantur
906 1912 1001 1952 eos
1040 1895 1129 1965 qui
1159 1909 1327 1965 usque
1368 1894 1434 1949 ad
1479 1893 1795 1949 matutinam

1906 1905 1922 1940 t
1967 1888 2160 1943 animae
2192 1888 2400 1959 ploratu
2432 1892 2798 1959 amarissimo,
2833 1903 2887 1949 et
2914 1907 3190 1955 assumcnt
3218 1914 3382 1969 super
3413 1910 3464 1956 te

220 1988 461 2061 vigiliam
486 1987 823 2057 navigantes,
848 1984 1121 2055 fregerunt
1146 1984 1364 2038 insanos
1390 1982 1556 2037 maris
1581 1980 1796 2044 ﬂuctus,

223 2088 278 2135 et
315 2080 599 2135 Domlnum
631 2076 966 2133 Salvatorem
996 2075 1266 2145 suscipere
1292 2081 1641 2139 meruerunt,
1684 2080 1795 2127 sta-

223 2172 432 2241 timque
463 2170 553 2224 tali
587 2178 801 2226 vectore
837 2178 891 2224 et
919 2169 1117 2224 comite
1154 2174 1519 2237 pervenerunt
1562 2166 1630 2220 ad
1676 2179 1799 2235 por-

225 2271 341 2317 tum
370 2262 585 2331 quietis,
617 2262 682 2315 de
705 2276 813 2330 quo
836 2260 889 2314 in
920 2256 1207 2329 Evangelio
1239 2258 1449 2328 plenius
1478 2256 1747 2312 scribitur.

1905 1997 1924 2031 ι
1965 1993 2181 2035 carmen
2223 1979 2481 2066 lugubre,
2508 1989 2563 2037 et
2596 1982 2847 2053 plangent
2879 1992 2949 2041 te.
2989 2006 3008 2039 ι
3042 1987 3266 2053 Quando
3295 1990 3468 2061 Tyrus

1898 2068 2177 2133 ceciderit,
2220 2070 2604 2141 gubernatores
2648 2072 2793 2129 illius
2838 2075 3217 2143 turbabuntur,
3249 2080 3465 2135 descen-

1898 2157 2129 2228 dentque
2160 2160 2226 2215 de
2252 2159 2515 2216 classibus
2543 2170 2597 2217 et
2628 2163 2856 2235 remiges
2876 2174 3225 2236 vectoresque
3247 2184 3311 2224 ac
3335 2184 3462 2240 pro-

1899 2257 2028 2303 rctae
2077 2249 2191 2303 sive
2236 2257 2430 2315 nautm,
2472 2258 2527 2305 et
2577 2252 2812 2308 universi
2851 2254 3235 2329 gubernatores
3280 2260 3462 2319 maris.

302 2368 323 2402 ι
372 2350 576 2405 Ventus
621 2356 804 2404 auster
841 2348 1097 2404 contrivit
1143 2356 1199 2404 te
1239 2348 1292 2401 in
1335 2346 1503 2402 corde
1544 2345 1726 2399 maris.
1774 2363 1793 2396 ι
1894 2344 2083 2414 jactati
2112 2342 2358 2399 ﬂuctibus
2401 2344 2581 2401 stabili
2628 2345 2913 2416 aliquando
2955 2349 3250 2405 consistent
3275 2352 3466 2423 gradu,

224 2443 431 2501 Omnes
459 2443 657 2499 divitia:
683 2443 810 2515 Tyri
845 2451 1030 2497 austro
1052 2440 1214 2496 ﬂante
1240 2440 1577 2511 dispereunt,
1611 2437 1705 2509 qui
1729 2438 1802 2491 si-

224 2535 573 2608 gniﬁcantius
608 2532 869 2588 Hebraice
903 2530 1109 2597 Cadim,
1147 2544 1305 2600 quem
1346 2542 1443 2582 nos
1484 2526 1537 2580 in
1582 2534 1801 2580 ventum

226 2635 479 2682 urentem
530 2623 823 2680 transferre
867 2637 1170 2694 possumus.
1216 2621 1292 2676 De
1339 2635 1447 2689 quo
1490 2618 1699 2674 dicebat
1749 2628 1806 2673 et

226 2726 451 2771 sanctus
482 2735 495 2770 :
532 2734 551 2767 ‹
588 2716 686 2770 Per
707 2716 847 2771 diem
875 2714 953 2770 sol
981 2728 1086 2769 non
1111 2721 1230 2767 uret
1259 2721 1329 2778 te,
1356 2725 1529 2781 neque
1560 2711 1682 2764 luna
1708 2726 1805 2781 per

225 2817 444 2863 noctem
472 2805 641 2876 (Psal.
672 2806 819 2874 cxx).
855 2823 874 2857 ι
909 2804 1021 2859 lloc
1046 2813 1208 2858 vento
1232 2802 1397 2858 Jacoh
1424 2810 1644 2857 exustus
1665 2810 1800 2867 erat,

1900 2430 2175 2499 ejulabunt
2198 2445 2358 2501 super
2383 2446 2447 2486 ea
2476 2447 2605 2489 voce
2632 2448 2850 2505 magna,
2883 2450 3046 2506 quam
3076 2438 3225 2509 prius
3251 2441 3364 2496 suis
3392 2441 3468 2495 lu-

1901 2520 2244 2591 cupletabant
2270 2523 2558 2587 mercibus,
2592 2530 2646 2578 et
2680 2525 2875 2582 mentis
2903 2529 3316 2585 amaritudinem
3355 2532 3467 2587 cla-

1902 2624 2052 2664 more
2094 2609 2401 2680 signabunt,
2444 2610 2715 2681 pulverem
2762 2628 2974 2684 quoque
3011 2615 3124 2672 sive
3152 2617 3467 2687 terramja-

1901 2700 2047 2755 cient
2086 2714 2247 2771 super
2289 2701 2464 2771 capita
2508 2716 2604 2757 sua
2636 2717 2734 2773 pro
2763 2705 2994 2762 terrenis
3031 2708 3283 2777 operibus
3309 2724 3463 2782 agen-

1904 2798 1985 2846 tes
2010 2790 2402 2861 ptenitentiam,
2444 2800 2498 2845 et
2520 2792 2701 2848 cinere
2729 2804 3155 2867 conspargentur
3174 2798 3257 2854 vel
3285 2800 3465 2857 vitula:

225 2905 283 2951 et
315 2905 496 2950 tamen
535 2911 638 2950 non
674 2895 959 2959 contritus,
1010 2893 1134 2948 dum
1165 2892 1439 2961 loquitur:
1486 2910 1505 2944 α
1575 2891 1671 2946 Fui
1710 2907 1801 2961 per

1906 2881 2050 2953 quta
2095 2881 2283 2952 legem,
2315 2888 2374 2936 ut
2400 2881 2769 2951 purilicentur,
2812 2884 2896 2939 vel
2939 2894 3087 2941 certe
3130 2889 3471 2947 substernent

233 3005 252 3035 ι
300 2985 443 3039 diem
473 2992 693 3038 exustus
739 2992 871 3037 aestu
897 2989 952 3037 et
986 2982 1106 3053 gelu
1149 2982 1324 3036 noctis
1353 2977 1505 3051 (Gen.
1556 2980 1729 3053 xxxi).
1778 3000 1797 3032 ι

225 3073 308 3127 Illi
339 3087 552 3142 quoque
579 3073 669 3141 qui
711 3072 778 3127 ab
811 3073 944 3126 liora
988 3072 1157 3139 prima
1196 3070 1444 3125 conducti
1487 3078 1612 3125 sunt
1644 3071 1803 3125 totius

226 3164 340 3217 diei
376 3163 608 3217 calorem
630 3171 685 3215 et
706 3171 868 3217 aestus
895 3160 1127 3216 tulerunt
1153 3160 1368 3232 (Matth.
1402 3160 1516 3231 xx),
1543 3170 1599 3215 et
1622 3169 1799 3215 tamen

227 3254 505 3324 accipiunt
547 3252 861 3319 denarium,
879 3251 1005 3322 quia
1035 3252 1211 3306 exusti
1252 3260 1379 3306 sunt
1422 3261 1476 3306 et
1518 3266 1625 3306 non
1667 3267 1800 3317 cop-

229 3345 365 3398 triti.
399 3342 551 3399 Unde
578 3352 633 3398 et
661 3357 856 3413 sponsa
886 3342 1017 3397 dicit
1042 3342 1094 3396 in
1123 3340 1350 3397 Cantico
1376 3360 1390 3395 :
1433 3359 1451 3392 ι
1489 3341 1649 3419 Nigra
1680 3356 1801 3396 sum

227 3445 286 3490 et
306 3435 559 3495 formosa,
589 3434 714 3505 quia
756 3434 987 3505 dispexit
1006 3447 1092 3488 me
1121 3433 1223 3499 sol,
1256 3451 1275 3485 ι
1304 3434 1437 3498 sive,
1458 3440 1518 3488 ut
1538 3432 1800 3514 meliusi_n

230 3522 501 3579 llebraico
528 3524 854 3589 continetur,
883 3542 902 3574 ι
923 3523 1253 3578 decoloravit
1277 3537 1362 3578 me
1387 3522 1467 3578 sol
1496 3520 1673 3594 (Cant.
1703 3512 1798 3593 1).}

310 3633 329 3664 ι
375 3614 579 3668 Divitiae
604 3622 726 3679 tum,
752 3602 806 3668 et
837 3613 1069 3668 thesauri
1101 3613 1198 3677 tui,
1225 3610 1583 3682 etmultiplcx
1606 3611 1806 3666 instru-

1901 2974 2137 3029 cinerem
2158 2972 2278 3037 sibi,
2302 2971 2457 3043 juxta
2486 2974 2614 3030 illud
2631 2975 2773 3044 quod
2797 2976 2995 3032 dicitur
3018 2977 3083 3032 ad
3114 2978 3469 3047 Hierusalem,

1906 3081 1926 3115 ι
1949 3050 2152 3135 Sparge
2181 3072 2382 3119 terram
2405 3080 2566 3135 super
2597 3073 2761 3135 caput
2797 3074 2967 3133 tuum,
3006 3077 3060 3122 et
3084 3069 3319 3125 cinerem
3350 3074 3474 3127 sub-

1902 3161 2084 3210 sterne
2108 3156 2200 3210 tibi
2223 3164 2277 3212 et
2302 3155 2385 3212 l'ac
2408 3156 2697 3239 planctum.
2711 3176 2729 3209 ι
2748 3156 2814 3212 Et
2837 3158 2887 3211 in
2909 3158 3195 3228 Evangelio
3213 3162 3471 3232 scriptum

1902 3250 1987 3298 est
2013 3261 2027 3298 :
2069 3262 2088 3296 ι
2119 3244 2174 3300 Si
2206 3245 2260 3299 in
2292 3244 2433 3316 Tyro
2467 3253 2521 3298 et
2548 3243 2746 3300 Sidone
2771 3243 2913 3301 facta
2937 3256 3119 3302 essent
3159 3248 3272 3305 haec
3298 3250 3470 3321 signa,

1901 3333 2030 3389 olim
2058 3334 2113 3388 in
2143 3349 2300 3389 sacco
2322 3342 2374 3388 et
2399 3334 2580 3389 cinere
2605 3335 2841 3405 egissent
2861 3336 3232 3405 paenitentiam
3255 3336 3469 3411 (Matth.

1904 3420 2005 3491 xi).
2036 3422 2105 3476 Et
2148 3422 2433 3477 Psalmista
2481 3422 2611 3477 dicit
2658 3441 2673 3476 :
2730 3441 2750 3474 ι
2803 3423 3050 3479 Cinerem
3089 3428 3243 3496 quasi
3280 3442 3471 3498 panem

1904 3512 2292 3567 manducabam
2346 3511 2516 3583 (Psal.
2558 3513 2666 3579 CI).
2702 3532 2722 3565 ι
2777 3514 3091 3585 Radentque
3132 3533 3294 3586 super
3332 3517 3475 3589 Tyro

1906 3613 2068 3671 caput
2105 3604 2246 3673 quod
2287 3603 2339 3657 in
2389 3602 2534 3657 luctu
2584 3602 2697 3657 fieri
2753 3603 2927 3667 solet,
2983 3618 3049 3658 co
3098 3614 3375 3674 tempore,
3420 3616 3477 3663 et

237 3722 259 3755 ι
291 3714 533 3758 mentum
557 3711 727 3758 tuum.
751 3722 771 3756 ι
798 3702 947 3757 Multi
970 3703 1041 3755 ita
1066 3702 1249 3774 legunt
1278 3719 1292 3755 :
1328 3719 1347 3751 α
1378 3700 1435 3755 ln
1456 3699 1618 3756 corde
1642 3700 1807 3755 maris
1907 3694 2105 3750 facient
2155 3693 2425 3748 calvitium
2445 3734 2460 3759 ν
2508 3709 2613 3763 quo
2664 3695 2975 3767 magnitudo
3017 3697 3216 3753 doloris
3259 3712 3469 3753 omnem

234 3792 440 3849 divitiae
473 3801 597 3855 tuae;
629 3801 683 3846 ct
709 3792 945 3847 thesauri
976 3791 1067 3853 tui,
1096 3798 1149 3845 et
1178 3790 1453 3861 multiplex
1480 3790 1806 3844 instrumen-
1907 3785 2195 3841 excluserit
2232 3786 2492 3840 lzetitiam.
2513 3786 2887 3855 Apostolorum
2920 3802 3049 3843 vero
3073 3789 3250 3859 capilli
3285 3806 3475 3846 nume-

236 3891 355 3935 tum
386 3889 586 3943 tuum,»
614 3889 673 3934 ut
706 3895 894 3935 omnes
924 3879 1051 3951 Tyri
1078 3879 1277 3933 divitia:
1304 3878 1660 3946 universaque
1684 3878 1807 3932 sub-
1906 3877 2011 3930 rati
2055 3878 2240 3942 era‘nt,
2273 3877 2399 3946 quia
2436 3877 2638 3931 crinem
2672 3891 2825 3931 suum
2864 3878 3033 3932 instar
3061 3877 3471 3935 Nazara'norum

234 3970 440 4025 stantia
470 3970 521 4023 in
557 3967 716 4025 corde
741 3968 903 4023 maris
929 3968 998 4023 sit
1019 3968 1224 4037 posita,
1259 3976 1314 4022 et
1354 3966 1532 4023 saeculi
1559 3966 1806 4021 ﬂuctibus
1906 3966 2133 4020 Domino
2180 3974 2581 4020 consecrarant.
2635 3964 2700 4019 Et
2743 3966 2969 4021 Samson
2997 3968 3249 4036 quamdiu
3300 3969 3475 4023 crines

232 4061 521 4123 obruatur,
568 4058 805 4127 nihilque
845 4057 1079 4113 habeant
1113 4056 1305 4113 stabile
1338 4052 1667 4129 habitatores
1692 4056 1809 4126 ejus

233 4160 405 4219 atque
436 4158 765 4219 perpetuum,
790 4147 1006 4217 impleto
1046 4146 1136 4202 illo
1165 4147 1475 4218 evangelico
1507 4163 1520 4199 :
1563 4165 1581 4198 ς
1610 4144 1804 4209 Stulte,

232 4241 343 4294 hac
379 4246 531 4293 nocte
560 4236 804 4292 auferent
834 4236 1076 4309 animam
1107 4244 1251 4289 tuam
1290 4250 1322 4289 a
1369 4243 1449 4289 te:
1482 4248 1601 4302 qua:
1627 4241 1806 4287 autem

231 4326 575 4397 pra-parasti,
596 4325 746 4394 cujus
773 4324 963 4380 erunt?
997 4323 1147 4395 (Luc.
1180 4322 1331 4393 xu),i
1369 4332 1425 4377 et
1462 4323 1552 4378 illo
1573 4322 1805 4391 Aposto-

232 4419 345 4473 lico
380 4434 392 4468 :
438 4435 457 4468 ι
488 4415 587 4483 Qui
614 4414 793 4470 volunt
817 4415 1008 4470 divites
1034 4412 1172 4477 ﬂeri,
1212 4413 1453 4468 incidunt
1479 4412 1531 4467 in
1557 4412 1805 4466 tentatio—

232 4522 363 4562 nem
402 4515 456 4562 et
494 4505 817 4575 muscipulas
858 4504 1087 4569 multas,
1120 4512 1175 4558 et
1208 4503 1566 4558 detrahuntur
1595 4503 1648 4556 in
1684 4516 1808 4572 pro-

231 4594 463 4649 fundum
503 4591 553 4664 (1
606 4592 740 4647 Tim.
780 4592 877 4663 vi).
932 4611 951 4645 ›
1007 4589 1285 4646 Manifesta
1332 4599 1416 4646 est
1470 4585 1715 4656 hiStorta,
1756 4599 1813 4645 et

231 4698 523 4759 propterea
547 4685 772 4757 singulis
794 4698 930 4755 pene
954 4682 1443 4753 versiculisbreves
1465 4681 1813 4737 sentcntiolas

233 4792 572 4850 coaptantus.
603 4780 720 4833 Jum
758 4780 900 4833 enim
938 4777 1003 4832 ad
1032 4776 1191 4831 linem
1223 4776 1344 4830 libri
1377 4764 1594 4831 festinat
1612 4775 1809 4829 oratio.

318 4892 339 4923 ς
384 4872 569 4926 Νίιηιω
618 4872 690 4924 tui
733 4880 787 4925 et
832 4869 1216 4939 gubernatores
1258 4868 1357 4933 tui,
1411 4868 1499 4937 qui
1559 4867 1811 4921 tenebant

242 4986 261 5015 ι
310 4961 728 5032 suppellectilem
770 4970 914 5013 tuam
944 4968 997 5013 ct
1032 4959 1353 5028 populo,tuo
1383 4968 1651 5028 prteerant
1676 4959 1807 5012 viri-

242 5072 265 5105 ε
314 5067 420 5121 que
468 5052 751 5106 bellatores
794 5050 866 5103 tui
889 5049 989 5119 'qui
1028 5057 1180 5102 erant
1221 5049 1272 5102 in
1310 5058 1359 5103 te
1396 5064 1519 5103 cum
1563 5051 1809 5104 universa

244 5162 265 5191 ι
317 5141 655 5196 multitudine
683 5150 801 5204 tua,
835 5156 953 5209 qua:
978 5148 1059 5195 est
1090 5140 1140 5192 iu
1174 5141 1351 5193 medio
1389 5141 1494 5204 tui,
1533 5141 1727 5195 cadent
1754 5142 1809 5195 in

242 5254 265 5284 ι
310 5232 471 5287 corde
506 5232 669 5287 maris
719 5232 771 5285 in
818 5232 904 5285 die
954 5232 1121 5285 ruinae
1174 5239 1293 5284 ture.
1333 5251 1349 5283 ι
1400 5231 1651 5303 Remich
1700 5235 1811 5288 sive

237 5331 439 5375 nautas
466 5320 612 5374 urbis
638 5320 813 5390 Tyria:
846 5319 1096 5374 Sidonios
1122 5319 1347 5387 legimus
1378 5331 1431 5374 et
1455 5322 1682 5375 Aradios
1700 5363 1713 5386 ,
1736 5323 1811 5377 ,de

236 5411 438 5480 quibus
460 5408 570 5477 iam
605 5410 802 5465 dictum
830 5418 912 5463 est
949 5425 961 5461 :
1001 5417 1056 5462 et
1076 5405 1228 5474 juxta
1260 5408 1548 5462 editionem
1578 5409 1807 5478 Septua-

238 5501 391 5568 ginta
449 5500 782 5555 consiliarios
827 5499 1010 5569 Bybli,
1059 5512 1176 5566 qua:
1225 5497 1477 5553 hebraice
1514 5500 1812 5569 appellatur

239 5590 411 5645 Uchal
440 5608 451 5641 :
479 5590 622 5644 viros
649 5605 861 5659 quoque
888 5590 1176 5645 bellatores
1191 5587 1304 5656 ejus
1324 5589 1536 5656 Persas,
1562 5591 1738 5661 Lydos
1758 5604 1812 5647 ct

243 5679 461 5749 Libyas,
499 5683 586 5749 qui
617 5695 802 5735 omnes
844 5682 1055 5744 cadent,
1099 5690 1152 5734 et
1193 5694 1311 5733 esse
1354 5681 1502 5734 nihili
1547 5694 1813 5736 monstra-

238 5769 447 5823 bantur
492 5787 609 5824 cum
637 5770 885 5825 ceciderit
914 5770 1104 5841 Tyrus,
1136 5780 1187 5825 et
1216 5770 1459 5825 universa
1490 5772 1657 5841 gloria
1697 5773 1811 5841 ejus

1906 4055 2116 4136 habuit,
2143 4056 2382 4125 possedit
2408 4053 2785 4111 fortitudinem
2820 4070 2835 4109 :
2867 4056 3043 4111 ablata
3075 4058 3318 4125 cmsarie,
3350 4074 3476 4127 cap-

1910 4156 1996 4203 tus
2018 4155 2100 4202 est
2120 4147 2187 4201 ab
2201 4145 2495 4217 Allophylis
2523 4145 2672 4217 (Jud.
2711 4147 2844 4217 XVI).
2875 4146 3099 4215 Quando
3138 4158 3315 4204 autem
3347 4150 3477 4205 dici-

1910 4243 2054 4301 tur,-¢
2077 4245 2129 4289 et
2154 4236 2498 4305 accingentur
2518 4234 2731 4302 ciliciis,
2754 4254 2774 4291 ›
2796 4244 2948 4291 vetus
2976 4236 3279 4294 lumborum
3311 4238 3476 4295 libido

1908 4328 2212 4390 damnatur,
2246 4335 2304 4381 ut
2346 4326 2436 4396 qui
2473 4327 2718 4382 vixerant
2763 4328 2817 4383 in
2856 4328 3060 4385 deliciis
3090 4341 3273 4400 postea
3309 4333 3480 4402 patui-

1910 4425 2115 4483 teutes,
2148 4417 2329 4472 vivant
2358 4417 2410 4472 in
2440 4419 2760 4474 austeritate
2788 4427 2951 4488 atque
2979 4418 3197 4475 duritia.
3225 4420 3476 4477 Ninivita:

1914 4508 2151 4562 habuere
2177 4522 2363 4563 saccos
2404 4505 2726 4579 (Joan.,m).
2761 4508 2829 4563 Et
2869 4525 3082 4565 rursum
3110 4511 3176 4567 ad
3223 4510 3474 4567 Hierusa-

1913 4595 2017 4650 lem
2045 4596 2242 4665 dicitur
2268 4617 2281 4651 ;
2316 4615 2335 4649 ι
2379 4594 2575 4667 Plange
2600 4597 2667 4652 ad
2696 4612 2782 4653 me
2809 4599 2962 4667 quasi
2992 4614 3207 4669 sponsa,
3236 4601 3474 4657 accincta

1914 4690 2090 4746 cilicio
2129 4706 2291 4761 super
2315 4691 2491 4744 virum
2520 4706 2676 4745 suum
2704 4690 3011 4762 virginalem
3037 4691 3192 4764 (Ιορι.
3221 4695 3315 4763 1).)
3363 4713 3382 4746 ι
3412 4696 3479 4749 Et

1913 4782 2201 4852 plorabunt
2230 4790 2303 4848 te,
2325 4781 2519 4851 inquit,
2543 4782 2597 4836 in
2634 4782 2993 4837 amaritudine
3035 4785 3228 4838 animae
3266 4784 3474 4854 ploratu

1917 4872 2273 4927 amarissimo.
2313 4891 2331 4923 ι
2376 4889 2396 4922 ε
2439 4871 2625 4926 Melius
2651 4881 2733 4927 est
2766 4872 2907 4925 enim
2947 4872 3148 4941 ingredi
3181 4873 3233 4927 in
3260 4874 3475 4929 domum

1913 4961 2107 5023 luctus,
2138 4975 2299 5029 quam
2325 4960 2377 5015 in
2408 4960 2564 5014 domo
2583 4960 2812 5015 convivii
2834 4958 3021 5031 (Eccli.
3046 4962 3163 5032 vn).
3195 4981 3214 5013 ι
3248 4961 3316 5019 Ut
3334 4962 3479 5032 plan-

1912 5059 2039 5119 gant
2059 5050 2282 5121 Tyrum,
2297 5059 2351 5104 et
2363 5064 2576 5104 carmen
2594 5049 2815 5120 lugubre
2829 5051 3221 5120 congeminent,
3237 5055 3377 5122 quod
3396 5071 3479 5108 se-

1913 5155 2081 5210 quens
2107 5140 2381 5210 Scriptura
2410 5139 2698 5209 subjungit.
2724 5137 2798 5194 Ut
2834 5149 3010 5196 autem
3036 5142 3271 5197 sciamus
3304 5146 3481 5213 profe—

1913 5244 2056 5287 ctum
2084 5247 2204 5287 esse
2232 5238 2419 5287 eorum
2455 5232 2544 5301 qui
2575 5233 2830 5303 plangunt
2853 5243 3114 5300 ruentem,
3136 5244 3191 5289 et
3216 5236 3305 5304 qui
3335 5236 3481 5304 prius

1914 5322 1966 5376 in
1984 5324 2149 5377 maris
2163 5322 2323 5377 corde
2336 5331 2390 5375 et
2410 5322 2459 5375 iu
2477 5323 2650 5377 medio
2662 5322 2804 5378 illius
2822 5324 3193 5388 versabantur,
3208 5327 3482 5394 propheta:

1915 5428 2014 5467 nos
2039 5413 2227 5467 doceat
2264 5412 2584 5481 exemplum,
2617 5413 2705 5482 qui
2740 5423 2796 5468 et
2838 5414 2949 5483 ipse
2981 5415 3234 5485 plangere
3262 5414 3473 5484 jtlbt‘lut

1917 5502 2137 5573 Tyrum,
2178 5510 2236 5555 ut
2284 5501 2495 5570 expleto
2534 5490 2772 5571 tempore
2799 5504 3126 5572 poenitentia:
3165 5504 3481 5558 restituatur

1917 5593 1969 5646 in
2016 5593 2294 5662 antiquum
2339 5602 2569 5657 statum,
2604 5603 2659 5648 et
2690 5604 2959 5665 assumpta
3002 5596 3224 5666 cytliara
3255 5595 3478 5649 Domino

1916 5691 2185 5752 petsonet.
2220 5682 2359 5753 Lege
2404 5683 2615 5737 Isaiam.
2648 5683 2871 5751 Quidam
2902 5685 3123 5741 ridicule
3158 5686 3272 5755 (sed
3300 5695 3478 5739 tamen

1918 5783 1998 5828 est
2029 5773 2308 5829 dicendum
2338 5772 2479 5843 quod
2501 5774 2745 5837 legimus)
2776 5777 3163 5839 gulzeriiatores
3203 5776 3480 5847 episcopos
