3936 6356
490 404 588 457 78’)

1133 394 1194 456 Β.
1234 396 1487 455 RA‘BANI
1524 398 1742 454 MAUill
1777 394 2097 453 ARClllEI’.
2138 388 2448 501 MOCO‘L‘iT.
2490 396 2771 452 OPERUM
2832 398 3010 452 PARS
3049 399 3108 452 ll.

3648 400 3755 455 785

490 516 887 586 lucretieorum,
912 513 1283 568 consiliatores
1312 515 1677 584 presbyteros,
1702 518 1948 581 proretas
1985 525 2073 564 ar-
2101 514 2149 569 A
2178 525 2285 562 mai
2346 544 2357 555 ς
2392 521 2447 565 et
2498 519 2791 580 tempestas
2821 512 3073 566 demersit
3116 528 3200 565 me
3244 513 3413 583 (I’sai.
3466 520 3671 585 LXVIII).
3734 539 3751 568 ι

487 606 849 666 cliidiaconos,
876 601 1107 670 remiges
1130 609 1290 671 atque
1319 610 1508 655 nautas
1531 602 1782 655 diaconos
1805 600 2064 668 interpre-

492 706 676 749 tantur
714 713 726 747 :
782 702 1026 759 vectores
1058 707 1185 747 vero
1228 692 1295 746 ad
1337 701 1588 747 cunctum
1625 690 1878 760 pepulatn
1924 690 2065 744 refe-

488 795 629 840 runt.
683 783 739 839 Si
777 784 1103 841 addidissent
1150 782 1460 837 nauelerum
1500 775 1791 845 diabolum,
1828 780 2060 849 \imples-

485 886 602 932 sent
628 875 963 947 lragmdiam.
996 874 1098 940 Qui
1127 888 1317 929 omnes
1345 872 1622 942 ejulabant
1645 871 1869 941 pariter,
1895 881 1949 923 et
1972 870 2063 923 lle-

485 968 616 1022 buut
658 967 1016 1030 amarissime,
1058 974 1115 1020 et
1152 973 1317 1037 agent
1351 963 1742 1033 pcnnitentiam,
1773 974 2059 1032 postquam

487 1059 821 1129 mntl‘ragimn
849 1058 1115 1114 senserint
1154 1057 1308 1111 navis
1348 1070 1457 1109 sua:
1481 1095 1495 1119 ,
1535 1062 1590 1108 et
1624 1054 1677 1107 in
1714 1061 1859 1107 terra
1896 1061 2059 1107 stete-

486 1151 614 1206 rint.
641 1162 961 1216 omnemque
987 1146 1236 1202 decorem
1263 1144 1379 1199 falsi
1412 1144 1646 1198 nominis
1665 1143 1904 1197 scientiae
1926 1141 2059 1195 ami-

484 1240 674 1304 serint,
696 1248 748 1293 et
778 1253 872 1307 pro
896 1237 1087 1307 gaudio
1113 1244 1273 1303 atque
1292 1234 1496 1296 laetitia,
1528 1234 1580 1286 in
1603 1232 1781 1287 cordis
1802 1232 2061 1289 amaritu-

483 1331 605 1385 dine
629 1330 997 1399 ptenitcntiam
1030 1313 1261 1381 mmrore
1286 1326 1638 1397 signaverint.

556 1438 574 1470 ‹
619 1420 747 1486 Qua:
768 1426 847 1473 est
871 1427 929 1471 ut
947 1402 1280 1488 Tyrus,’qnte
1299 1416 1565 1470 obmutuit
1584 1414 1637 1469 in
1660 1414 1838 1470 medio
1861 1415 2060 1470 maris?

487 1530 504 1559 ‹
550 1526 667 1578 qua:
707 1510 759 1563 in
802 1509 947 1563 exitu
989 1506 1406 1576 negotiationem
1435 1514 1647 1557 tuarum
1687 1504 1752 1558 de
1789 1504 1924 1558 mari
1959 1504 2059 1556 im-

487 1618 505 1647 ‹
550 1599 706 1669 plesti
753 1599 975 1668 populos
1018 1597 1234 1657 multos,
1264 1596 1316 1648 in
1366 1593 1709 1648 multitudine
1745 1594 2055 1665 divitiarum

486 1710 504 1740 ι
549 1702 784 1754 tuarum,
820 1700 874 1743 et
898 1689 1213 1759 populorum
1246 1695 1478 1750 tuorum,
1524 1686 1707 1740 ditasti
1736 1700 1889 1755 reges
1918 1685 2055 1739 mul-

486 1804 502 1834 ‹
549 1792 649 1836 tos.
679 1782 825 1835 Nunc
856 1781 1084 1855 contrita
1100 1795 1161 1833 es
1184 1796 1214 1833 a
1239 1779 1395 1842 mari,
1423 1778 1474 1831 in
1496 1775 1773 1846 profundis
1798 1792 2055 1846 aquarum

2169 601 2372 656 Omnes
2402 602 2587 656 insula:
2618 602 2696 656 vel
2726 603 3055 657 habitatores
3080 603 3399 668 insularum,
3426 621 3547 673 quae
3567 609 3753 660 szeculi

2167 692 2325 761 hujus
2352 690 2602 748 ﬂuctibus
2642 695 3021 758 verberantur,
3067 696 3357 763 stupebunt
3399 712 3559 767 super
3592 708 3662 755 te.
3698 710 3753 752 et

2166 798 2319 851 reges
2352 797 2535 836 earum
2578 792 2894 852 tempestate
2923 784 3174 851 perculsi,
3209 785 3750 841 sentientinteritum

2162 888 2315 927 suum
2344 891 2357 927 :
2401 875 2779 942 itnitantesque
2810 890 2995 928 vocem
3023 874 3228 929 colubri
3262 876 3551 931 sibilahunt
3578 888 3633 932 et
3662 881 3750 933 di-

2162 972 2286 1016 cent
2321 980 2333 1015 :
2374 981 2392 1013 (
2427 964 2507 1016 Ad
2538 963 2760 1017 nihilum
2798 965 3021 1018 deducta
3054 980 3131 1029 es,
3168 985 3186 1016 ι
3230 966 3344 1019 sive
3388 984 3407 1016 ι
3456 966 3595 1021 facta
3628 984 3751 1038 per-

2162 1051 2294 1105 ditio
2323 1066 2404 1116 cs,
2444 1070 2460 1103 ι
2498 1063 2553 1105 ιιι
2596 1068 2700 1105 non
2747 1062 2936 1105 natura
2984 1053 3303 1120 perditionis
3338 1055 3616 1121 habueris,
3648 1058 3749 1110 sed

2160 1143 2513 1209 voluntatem,
2540 1154 2595 1199 et
2629 1160 2733 1199 nou
2757 1144 2885 1198 eris.
2914 1145 3138 1219 Quod’si
3175 1146 3278 1199 huc
3302 1160 3470 1215 usque
3498 1148 3744 1214 dixisset,

2159 1250 2353 1303 magna
2419 1235 2643 1304 qumstio
2697 1245 3013 1289 nasceretur
3041 1276 3055 1299 ,
3111 1237 3379 1305 quomodo
3423 1253 3530 1292 non
3577 1250 3744 1300 esset,

2159 1339 2319 1393 quam
2367 1340 2510 1378 nunc
2543 1325 2783 1379 videmus
2827 1334 3199 1379 exstructam:
3233 1328 3330 1380 sed
3368 1343 3432 1381 ex
3475 1344 3560 1392 eo,
3600 1330 3748 1398 quod

2161 1416 2449 1485 sequitur:
2490 1432 2651 1486 usque
2692 1418 2748 1469 in
2782 1416 3053 1480 stt-culum,
3102 1417 3261 1471 unius
3302 1419 3479 1472 smculi
3530 1428 3751 1489 tempus

2159 1511 2412 1575 ostendit,
2458 1508 2597 1576 quod
2623 1507 2778 1574 juxta
2808 1515 3019 1561 aetatem
3052 1507 3286 1561 heminis
3321 1523 3584 1562 annorum
3623 1526 3747 1577 sep-

2161 1602 2400 1670 tuaginta
2430 1600 2631 1654 circulo
2664 1606 3003 1668 supputatar,
3039 1598 3152 1652 sive
3191 1613 3295 1653 non
3341 1599 3450 1653 eris
3491 1600 3620 1664 Deo,
3657 1600 3744 1653 di-

2159 1701 2313 1743 cente
2361 1688 2635 1758 Apostolo,
2684 1707 2702 1738 ι
2752 1688 2855 1754 Qui
2896 1688 3107 1740 vocavit
3150 1702 3235 1750 ea,
3279 1702 3396 1755 qua:
3440 1704 3548 1741 non
3587 1699 3746 1743 erant

2161 1779 2332 1849 (Rom.
2363 1779 2458 1845 tv).
2498 1797 2515 1830 ι
2550 1779 2617 1835 Ει
2658 1778 2791 1833 Isaia
2824 1779 3081 1846 propheta
3120 1796 3132 1830 :
3178 1796 3197 1827 ι
3233 1778 3370 1832 Ecce
3408 1778 3744 1833 confunden-

485 1894 500 1924 ι
544 1888 673 1942 epes
726 1880 861 1935 tuae,
893 1878 947 1923 et
989 1869 1164 1924 omnis
1207 1867 1491 1922 multitudo
1522 1876 1638 1932 tua,
1679 1881 1797 1935 quae
1844 1874 1963 1920 erat
2000 1866 2050 1918 in
2083 1864 2126 1921 Β
2158 1877 2242 1922 tur
2269 1876 2321 1923 et
2344 1869 2661 1923 erubescent
2697 1882 2885 1922 omnes
2916 1868 3208 1921 adversarii
3236 1868 3332 1921 tui.
3382 1870 3553 1923 Erunt
3594 1873 3740 1925 enim

486 1981 501 2011 ι
550 1961 724 2016 medio
755 1960 829 2015 tui
858 1959 1198 2022 ceciderunt,
1225 1957 1460 2010 universi
1500 1954 1832 2011 habitatores
1854 1954 2052 2008 insula-

484 2074 500 2104 ι
549 2070 667 2107 rum
697 2052 1091 2120 obstupuerunt
1111 2065 1273 2119 super
1299 2056 1373 2112 te,
1403 2058 1456 2102 et
1479 2062 1631 2118 reges
1656 2062 1839 2102 earum
1863 2059 2051 2101 omnes

483 2163 499 2193 ι
543 2148 858 2212 tempestate
884 2139 1114 2210 perculsi
1141 2146 1487 2193 mutaverunt
1509 2137 1710 2191 vultus.
1744 2136 2052 2206 Negotiato-

483 2254 500 2284 ι
547 2249 634 2288 res
656 2231 894 2301 gentium
928 2230 1279 2285 sibilaverunt
1304 2243 1468 2298 super
1492 2236 1566 2283 te.
1591 2227 1671 2283 Ad
1699 2226 1924 2281 nihilum
1954 2227 2052 2301 de-

482 2343 500 2375 ‹
547 2325 706 2378 ducta
741 2337 822 2386 es,
861 2330 919 2403 et
950 2335 1054 2374 non
1081 2319 1190 2375 eris
1222 2318 1375 2372 ultra:
1403 2333 1573 2387 usque
1617 2318 1671 2371 in
1708 2298 1984 2371 stnculum‘.
2028 2336 2047 2368 ι

476 2412 875 2467 Gubernatores
926 2411 1157 2480 remiges
1202 2418 1429 2477 proreta:
1479 2415 1641 2477 atque
1694 2417 1941 2463 vectores
1997 2409 2052 2462 in

478 2502 694 2573 planctu
715 2501 842 2573 Tyri
870 2500 970 2557 ista
995 2500 1388 2563 memorabunt,
1408 2512 1528 2568 qua:
1554 2498 1657 2552 alia
1679 2484 1955 2552 civitatum
1979 2498 2053 2551 ita

474 2592 752 2656 conticuit,
767 2598 827 2644 ut
848 2590 1098 2660 loquendi
1123 2588 1370 2642 ﬁduciam
1388 2601 1492 2640 non
1511 2586 1753 2649 haberet,
1769 2597 1823 2641 et
1843 2586 2055 2640 audiret

477 2684 604 2737 illud
629 2683 1005 2753 Evangelicum
1030 2699 1045 2737 :
1084 2700 1101 2732 ι
1122 2680 1261 2735 Tace
1283 2687 1335 2735 et
1360 2681 1669 2735 obmutesce
1696 2677 1888 2749 (Marc.
1910 2679 2005 2749 tv).
2029 2698 2047 2730 ι

475 2774 541 2827 Et
560 2772 626 2826 de
646 2772 908 2827 Psalmis:
943 2790 961 2823 ‹
987 2769 1268 2838 Ρθοεαιοιί
1299 2778 1477 2824 autem
1505 2769 1640 2824 dixit
1666 2767 1807 2823 Deus
1833 2787 1845 2823 :
1877 2767 2054 2836 Quare

476 2874 532 2918 tu
574 2878 797 2919 enarras
836 2861 1072 2931 justitias
1108 2869 1280 2925 meas,
1320 2869 1375 2914 et
1401 2861 1632 2915 assumis
1673 2868 2054 2915 testamentum

475 2971 653 3009 meum
674 2968 772 3024 per
793 2969 853 3008 os
874 2949 1239 3021 tuum?(Psal.
1260 2950 1431 3025 χιιι.)
1464 2969 1483 3002 ι
1512 2949 1737 3017 Quantis
1759 2950 2052 3015 mercibus,

474 3063 507 3101 ο
547 3046 708 3118 Tyre,
751 3044 916 3101 ditata
963 3060 1043 3109 es,
1078 3050 1133 3097 et
1158 3042 1286 3112 quid
1323 3051 1473 3097 tanto
1505 3042 1687 3098 labore
1716 3042 1954 3112 quaesisti
1994 3049 2055 3095 ut

475 3137 663 3192 diebus
706 3151 769 3190 ac
806 3134 1049 3189 noctibus
1077 3133 1313 3203 peritura
1357 3129 1638 3203 naufragio
1671 3144 2047 3202 congregares.

476 3227 709 3297 lmplesti
749 3226 962 3295 quidem
985 3201 1206 3295 populos
1234 3222 1447 3287 multos,
1470 3232 1525 3277 et
1552 3201 1741 3292 opibus
1768 3224 1877 3278 tuis
1902 3222 2048 3279 locu-
2077 3201 2121 3263 Ο

477 3317 686 3385 pletasti
711 3331 861 3386 reges
881 3355 895 3379 ,
937 3316 1002 3370 de
1025 3316 1219 3384 quibus
1240 3315 1497 3383 scriptum
1524 3322 1607 3368 est
1635 3331 1648 3367 :
1681 3331 1699 3365 ί
1724 3315 2050 3397 ’Astiterunt

476 3422 629 3476 reges
651 3416 824 3467 terrm,
843 3414 896 3458 et
917 3404 1186 3473 principes
1208 3410 1572 3457 convenerunt
1599 3402 1653 3456 in
1680 3417 1844 3456 unum
1868 3402 2049 3458 adver-

477 3511 568 3549 sus
593 3495 872 3548 Dominum
901 3502 953 3547 et
976 3493 1230 3547 adversus
1259 3490 1530 3546 Christum
1556 3490 1672 3559 ejus
1704 3490 1872 3563 (Pani.
1899 3492 1991 3562 tt);
2024 3512 2042 3545 ι

479 3583 568 3637 sed
607 3596 751 3636 nunc
793 3581 1024 3635 contrita
1069 3595 1127 3635 es
1172 3581 1224 3634 in
1270 3579 1427 3643 mari,
1456 3587 1510 3635 et
1542 3581 1594 3635 in
1619 3595 1880 3650 aquarum
1911 3598 2042 3651 pro-

481 3670 674 3733 l'undis,
698 3667 848 3736 juxta
880 3668 1023 3733 illud,
1055 3667 1196 3737 quod
1219 3668 1285 3721 de
1309 3668 1590 3723 Pharaone
1622 3671 1881 3738 scriptum
1916 3681 2000 3727 est
2027 3691 2039 3726 :

485 3781 501 3811 ι
547 3760 751 3814 Currus
790 3758 1087 3812 Pharaoois
1115 3766 1169 3811 et
1199 3756 1564 3814 fortitudinem
1601 3756 1717 3826 ejus
1742 3758 1964 3828 proiecit
1992 3761 2044 3815 in

486 3851 634 3915 mari,
656 3849 747 3919 qui
792 3849 1067 3904 demersus
1119 3856 1203 3904 est
1238 3850 1292 3903 in
1343 3848 1667 3918 profundum
1716 3852 1867 3930 quasi
1914 3852 2049 3921 lapis

487 3941 677 4011 (Exod.
709 3940 848 4009 xv)»
879 3948 932 3994 et
962 3940 1138 3994 dicere
1161 3948 1368 4007 poterat
1397 3957 1410 3992 :
1446 3938 1609 3995 «Veni
1640 3942 1693 3995 in
1725 3942 2048 4013 profundum

491 4090 704 4102 -

2152 1964 2302 2032 quasi
2320 1979 2422 2017 non
2440 1964 2549 2018 sint
2563 1947 2697 2033 (Ιεᾶ.
2715 1960 2847 2031 ιιι).
2872 1980 2889 2013 ι
2912 1960 3367 2030 EtEsther,juxta
3386 1960 3742 2030 Septuaginta

2151 2055 2479 2125 lnterpretes
2514 2072 2526 2108 :
2558 2074 2575 2105 ι
2612 2053 2688 2108 Ne
2716 2054 2898 2108 tradas
2922 2063 3192 2121 sceptrum
3222 2061 3373 2107 tuum
3401 2054 3486 2106 his
3514 2053 3606 2120 qui
3634 2068 3741 2117 non

2151 2155 2277 2201 sunt
2311 2146 2524 2217 (Esther
2567 2143 2700 2214 xxv).
2748 2162 2765 2195 ι
2813 2143 2876 2196 Et
2920 2143 2972 2196 in
3015 2142 3285 2197 Psalmis:
3331 2142 3551 2196 Dimitte
3607 2143 3738 2197 mihi

2151 2244 2209 2289 ut
2236 2234 2521 2308 refrigerer
2536 2234 2849 2303 priusquam
2869 2232 3079 2293 abeam,
3103 2242 3157 2285 et
3182 2231 3413 2299 amplius
3434 2245 3541 2283 non
3568 2244 3683 2284 ero.
3716 2250 3735 2280 ι

2152 2322 2282 2390 Quae
2314 2321 2640 2385 testimonia,
2688 2335 2795 2389 quo
2834 2333 2996 2373 sensu
3044 2319 3358 2388 accipienda
3402 2318 3534 2381 sint,
3576 2333 3737 2389 supra

2153 2416 2406 2469 diximus.
2437 2411 2628 2467 Omnia
2668 2419 2849 2467 autem
2882 2411 2997 2465 inec
3036 2411 3103 2464 ad
3134 2411 3511 2466 bareticorum
3545 2427 3740 2481 possu-

2153 2502 2288 2558 mus"
2309 2502 2513 2559 referre
2540 2518 2861 2573 personam,
2906 2502 2996 2572 qui
3036 2504 3091 2556 in
3126 2502 3450 2558 contritione
3490 2503 3619 2574 Tyri
3659 2513 3740 2557 at;

2153 2612 2257 2667 que
2300 2595 2580 2666 naufragio
2610 2596 2844 2651 sentient
2871 2609 3111 2649 errorem
3141 2609 3295 2648 suum
3320 2635 3335 2658 ,
3373 2603 3430 2648 et
3472 2595 3525 2648 in
3558 2595 3740 2649 medio

2154 2687 2319 2740 maris
2362 2686 2555 2756 positi,
2607 2684 2839 2748 liberare
2894 2699 3021 2743 suas
3078 2686 3288 2738 animas
3328 2686 3733 2755 concupiscent,

2151 2777 2516 2848 plangentque
2550 2774 2689 2829 male
2719 2773 2940 2829 divitias
2959 2782 3330 2844 congregatas,
3372 2775 3570 2842 qmbus
3598 2776 3737 2827 mul-

2154 2874 2235 2921 tos
2272 2866 2577 2922 ditaverant
2611 2879 2763 2935 rcges
2788 2882 2800 2917 :
2845 2864 3183 2933 patriarchas
3208 2862 3461 2919 videlicet
3490 2877 3649 2927 suos,
3678 2872 3733 2918 et

2153 2956 2346 3026 vulgus
2387 2954 2651 3025 ignobile,
2696 2967 2924 3027 quor,um
2967 2952 3021 3006 in
3067 2951 3247 3006 medio
3291 2967 3421 3021 opes
3477 2962 3735 3006 corruent

2153 3049 2310 3104 mari.
2365 3048 2708 3105 llabitatores
2754 3059 2966 3113 quoque
3010 3044 3251 3098 omnium
3298 3041 3598 3098 insularum
3625 3082 3641 3105 ,
3688 3044 3735 3097 si

2158 3149 2337 3195 tamen
2352 3139 2683 3200 voluerimus
2692 3136 2759 3191 ad
2777 3134 2979 3194 bonam,
2993 3145 3201 3204 partem
3219 3132 3440 3197 referre,
3457 3148 3578 3202 quae
3593 3134 3738 3188 dicta

2153 3240 2301 3295 sunt,
2342 3231 2723 3298 obstupescent
2755 3240 2917 3295 super
2938 3225 3261 3280 contritione
3295 3225 3450 3296 Tyri,
3480 3234 3537 3280 et
3580 3240 3739 3294 reges

2153 3320 2447 3374 insularum
2490 3317 2759 3380 omnium,
2798 3317 2899 3369 vel~
2921 3315 3019 3383 ipsi
3057 3316 3211 3383 quasi
3256 3322 3575 3384 tempestate
3615 3330 3737 3383 per-

2152 3410 2285 3465 culsi
2312 3450 2326 3473 ,
2366 3407 2650 3463 mutabunt
2677 3408 2874 3471 vultus,
2922 3406 3007 3461 vel
3047 3414 3196 3461 certe
3223 3407 3403 3461 cordis
3444 3421 3734 3462 maerorem

2155 3502 2279 3557 lletu
2304 3512 2359 3555 et
2396 3500 2650 3569 lacrymis
2672 3498 3000 3561 iudicabunt,
3024 3498 3366 3567 stuporisque
3405 3496 3733 3567 magnitudi-

2156 3607 2277 3647 nem
2306 3590 2663 3645 admiratione
2700 3598 2755 3643 et
2789 3586 2947 3641 sibilo
2974 3586 3335 3650 testabuntur,
3358 3585 3628 3653 quomodo
3650 3585 3733 3636 ni-

2153 3681 2246 3734 hili
2270 3680 2409 3734 facta
2432 3680 2526 3743 sit,
2552 3688 2605 3732 et
2626 3676 2864 3747 perierit,
2884 3691 3000 3744 quae
3027 3676 3251 3730 salutem
3280 3675 3462 3728 multis
3483 3675 3734 3744 gentibus

2151 3772 2516 3841 promittebat.
2542 3769 2606 3823 Et
2632 3768 2769 3821 ultra
2794 3784 2898 3823 non
2919 3770 3047 3829 erit,
3068 3781 3402 3835 nequaquam
3425 3774 3575 3821 certo
3596 3776 3734 3819 tem-

2153 3875 2302 3930 pore,
2331 3869 2389 3914 ut
2407 3863 2564 3915 αἰῶνα
2587 3860 2999 3929 interpretemur
3020 3858 3072 3910 in
3097 3856 3372 3920 sarculum,
3401 3856 3495 3910 sed
3524 3856 3576 3909 in
3605 3870 3732 3925 per-

2154 3958 2392 4019 petuum,
2424 3950 2548 4018 quia
2588 3950 2725 4004 idem
2757 3963 2935 4003 sermo
2958 3957 3246 4017 utrumque
3268 3946 3558 4017 signiﬁcat.

1594 4188 1894 4265 LIBER
1969 4187 2590 4266 UNDECIMUS.

552 4390 897 4457 Consequens
936 4394 1056 4441 erat
1092 4393 1150 4440 ut
1186 4383 1523 4454 prophetiam
1554 4381 1683 4453 Tyri
1713 4394 1769 4439 et
1793 4387 2053 4457 principis
2083 4393 2129 4450 D
2161 4405 2180 4439 ι
2215 4389 2390 4442 minus
2424 4387 2564 4442 Deus
2598 4403 2611 4438 :
2650 4385 2727 4439 Eo
2752 4383 2903 4453 quod
2939 4382 3206 4438 elevatum
3241 4391 3328 4437 est
3358 4397 3457 4437 cor
3492 4384 3642 4437 tuum
3675 4391 3734 4437 et

481 4483 608 4554 Tyri
642 4498 748 4537 uno
777 4480 1044 4534 volumine
1077 4478 1623 4549 comprehenderem,
1655 4486 1709 4532 et
1746 4486 1853 4533 tam
1888 4478 2049 4541 locis,

483 4592 645 4647 quam
669 4575 1049 4629 vaticinatione
1071 4571 1408 4641 coniunctos,
1434 4584 1769 4639 nequaquam
1796 4570 2053 4624 librorum

483 4668 671 4725 ordine
704 4678 1009 4734 separarent
1030 4702 1045 4725 ,
1073 4661 1173 4715 sed
1200 4662 1321 4730 quia
1357 4660 1507 4731 plura
1541 4669 1697 4726 sunt,
1726 4675 1844 4729 qua:
1871 4659 2056 4714 dicun-

480 4770 592 4821 tur,
626 4768 679 4811 et
710 4757 924 4810 modum
956 4744 1283 4824 prolixitatis
1310 4752 1608 4815 excedunt,
1640 4752 1759 4805 ideo
1795 4752 1847 4805 in
1888 4751 2056 4806 unde-

481 4850 683 4913 cimum
716 4846 907 4899 librum
938 4844 1100 4897 dilata
1130 4852 1213 4895 est
1244 4840 1581 4909 explanatio,
1612 4856 1783 4909 quam
1809 4840 2058 4895 videlicet

479 4932 594 4997 tam
633 4937 726 4990 Dci
764 4934 1161 4993 misericordia,
1193 4946 1355 5000 quam
1386 4931 1549 4983 etiam
1576 4932 1814 4984 omnium
1846 4939 2056 4984 sancto-

498 5042 604 5084 rum
632 5025 993 5084 orationibus,
1026 5024 1092 5076 ad
1121 5022 1318 5075 calcem
1348 5021 1614 5075 credimus
1638 5030 2012 5089 perventuram
2039 5038 2050 5071 :

490 5124 547 5168 ut
582 5124 769 5168 contra
806 5112 1138 5167 Pharaonem
1178 5126 1390 5179 quoque
1412 5150 1425 5172 ,
1463 5117 1517 5162 et
1554 5109 1857 5180 universam
1892 5108 2056 5178 {Egy-

489 5213 637 5291 Ptum
660 5245 673 5269 ,
707 5218 824 5271 quae
864 5203 915 5254 in
957 5200 1236 5255 Ezechiele
1271 5199 1470 5268 scripta
1507 5209 1666 5263 sunt,
1706 5198 2051 5252 disseramus.

1029 5313 1252 5369 CAPUT
1295 5311 1523 5367 XXVIII.

492 5404 719 5461 Verbmu
755 5404 961 5457 Domini
986 5414 1164 5455 contra
1190 5404 1471 5471 principem
1504 5401 1624 5471 Tyri
1650 5411 1696 5454 ct
1727 5400 1789 5453 de
1817 5399 2055 5471 superbia

564 5476 692 5538 ejus.
726 5474 905 5527 Sermo
941 5475 1143 5526 Domini
1176 5469 1632 5526 ἐυιιινιιδὶάυιίρηι
1656 5512 1670 5532 ,
1707 5482 1751 5522 rt
1784 5469 2057 5538 proiitissio

615 5547 768 5597 omini
800 5543 861 5595 de
890 5542 1263 5611 (ongu'gmldis
1294 5542 1417 5608 ﬁliis
1452 5540 1638 5593 Israel.

569 5680 586 5708 ι
620 5658 683 5711 lit
735 5657 903 5709 fartus
949 5665 1029 5709 est
1077 5669 1255 5708 sermo
1305 5653 1509 5707 Domini
1562 5652 1626 5704 ad
1676 5665 1791 5713 me,
1833 5650 2055 5703 dicens:

500 5750 656 5803 «ι’ςιι
698 5748 954 5806 hominis,
1000 5748 1082 5799 die
1118 5745 1341 5814 principi
1395 5743 1518 5810 Tvt'i
1556 5760 1566 5792 :
1612 5740 1730 5792 Ilt‘c
1782 5740 1907 5791 ditit
1956 5737 2057 5788 Do-

2167 4496 2184 4527 c
2218 4477 2435 4541 dixisti,
2473 4473 2616 4528 Deus
2650 4489 2749 4544 ego
2782 4488 2936 4538 sum,
2975 4482 3031 4527 et
3070 4472 3123 4525 in
3159 4471 3413 4526 cathedra
3452 4471 3547 4525 Dei
3582 4473 3727 4531 sedi.

2164 4584 2182 4615 ι
2222 4566 2273 4620 in
2314 4565 2476 4620 corde
2513 4564 2712 4627 maris,
2750 4578 2873 4616 cum
2912 4562 2988 4617 sis
3034 4562 3196 4615 homo
3232 4568 3287 4614 et
3321 4575 3427 4615 non
3462 4560 3639 4625 Deus,
3677 4570 3734 4615 et

2161 4674 2179 4707 ‹
2214 4646 2409 4711 ’dedisti
2441 4670 2538 4710 cor
2562 4662 2711 4707 tuum
2738 4652 2893 4720 quasi
2922 4666 3015 4705 cor
3044 4651 3158 4705 Dei.
3183 4650 3322 4705 Ecce
3350 4649 3647 4719 sapientior
3671 4665 3732 4704 es

2160 4764 2177 4794 ι
2212 4754 2268 4798 tu
2295 4742 2547 4798 Daniele?
2570 4741 2741 4796 Omne
2769 4748 3034 4794 secretum
3059 4752 3165 4792 non
3188 4746 3272 4791 est
3296 4737 3673 4792 absconditum
3699 4753 3731 4791 ιι

2161 4858 2179 4888 ι
2215 4846 2284 4893 te.
2319 4837 2376 4891 ln
2408 4828 2670 4905 sapientia
2698 4842 2753 4887 et
2781 4831 3063 4900 prudentia
3101 4838 3189 4893 tua
3228 4829 3402 4883 fecisti
3443 4829 3538 4882 tibi
3572 4828 3729 4883 forti-

2162 4945 2179 4977 ‹
2216 4925 2454 4979 tudinem
2474 4964 2488 4985 ,
2518 4932 2571 4977 et
2601 4921 2876 4990 acquisisti
2907 4934 3097 4974 aurum
3128 4928 3182 4971 et
3212 4927 3493 4987 argentum
3526 4918 3581 4970 in
3614 4918 3728 4972 the-

2160 5035 2178 5067 ‹
2213 5015 2390 5069 sauris
2412 5012 2531 5065 tuis.
2560 5012 2618 5065 ln
2645 5010 2985 5064 multitudine
3013 5008 3287 5076 sapientia:
3313 5015 3440 5070 tum,
3469 5015 3525 5059 et
3550 5008 3605 5062 in
3636 5021 3733 5060 ue-

2162 5124 2179 5155 c
2217 5103 2506 5175 gotiatione
2574 5110 2661 5154 tua
2724 5098 3087 5167 multiplicasti
3156 5098 3252 5152 tibi
3321 5094 3729 5160 fortitudinem,

2162 5215 2178 5247 ι
2215 5205 2269 5248 et
2318 5195 2578 5247 elevatum
2614 5202 2695 5244 est
2751 5205 2845 5244 eor
2900 5198 3046 5242 tuum
3104 5189 3157 5242 in
3214 5188 3416 5243 robore"
3451 5195 3576 5241 tuo:
3606 5201 3733 5256 pro-

2161 5306 2177 5335 ι
2214 5294 2396 5353 pterea
2444 5284 2555 5337 luce
2602 5282 2729 5335 dicit
2758 5280 3016 5333 Dominus
3044 5279 3206 5341 Deus,
3241 5278 3317 5332 Eo
3358 5276 3505 5346 quod
3556 5276 3735 5329 eleva-

2162 5396 2179 5427 ‹
2217 5387 2326 5430 tum
2355 5384 2438 5427 est
2461 5390 2555 5429 cor
2585 5382 2769 5435 tuum,
2800 5370 2949 5438 quasi
2980 5384 3069 5423 cor
3103 5369 3225 5427 Dei,
3252 5367 3451 5421 ideirco
3478 5378 3613 5421 ecce
3635 5379 3737 5434 ego

2162 5486 2179 5517 ί
2216 5468 2475 5520 adducam
2507 5480 2666 5531 super
2702 5473 2753 5515 te
2791 5461 2994 5514 alienos
3026 5459 3430 5513 robustissimos
3459 5456 3736 5525 gentium.

2162 5575 2177 5605 ι
2213 5565 2264 5606 et
2295 5552 2569 5606 nudabunt
2597 5550 2800 5619 gladios
2828 5563 2953 5601 suos
2979 5561 3143 5615 super
3168 5544 3626 5614 pulchritudinem
3656 5558 3741 5596 sa-

2164 5663 2179 5691 ‹
2216 5637 2427 5711 pientize
2468 5648 2606 5699 tute,
2644 5646 2697 5689 et
2749 5636 2986 5704 pollucnt
3037 5635 3286 5688 decorem
3342 5643 3527 5691 tuum.
3577 5632 3743 5686 inter-

2166 5755 2181 5784 ς
2220 5732 2395 5784 ticient
2433 5739 2485 5781 te.
2553 5737 2598 5779 et
2647 5726 2855 5780 tradent
2894 5736 2974 5787 te,
3024 5733 3077 5777 et
3122 5722 3367 5777 morieris
3414 5720 3467 5772 in
3518 5720 3740 5772 interitu
