3936 6330
292 340 302 359 κ

189 388 289 442 785

1119 376 1462 433 COMMENT.
1506 374 1570 428 IN
1606 372 2047 429 EZECIHELEM.
2087 406 2156 415 —
2194 375 2317 435 ωδ.
2362 375 2449 430 X1.

3313 378 3412 431 786

193 519 211 551 ι
246 500 549 553 occisorum
585 496 635 549 in
672 494 831 549 corde
868 492 1047 544 maris.
1084 488 1331 558 Nunquid
1356 488 1541 543 dicens
1579 488 1762 557 quue-
1790 490 1834 549 Α
1866 503 2022 556 pum,
2056 502 2173 556 qua:
2202 488 2396 558 scripta
2426 489 2919 561 suntﬁisseramus.
2958 509 2975 541 ι
3009 492 3140 545 Cum
3172 492 3275 552 sis,
3307 493 3412 558 ait,

196 611 211 641 ι
249 591 345 655 ris,
374 590 513 643 Deus
548 601 648 657 ego
678 601 797 640 sum
830 599 1011 639 coram
1040 581 1482 637 interficientibus
1518 592 1591 645 te,
1630 595 1751 636 cum

196 699 215 733 ι
250 682 324 734 sis
356 681 519 733 homo
552 686 608 732 et
652 693 756 730 non
788 676 959 739 Deus,
997 674 1048 727 in
1073 689 1235 727 manu
1262 672 1617 727 occidentium
1668 673 1759 726 te?

196 790 214 820 ι
250 768 420 822 Morte
458 766 955 821 incircumcisorum
994 764 1239 818 morieris
1275 764 1329 817 in
1366 779 1527 817 manu
1558 762 1756 816 alieno-

201 878 217 908 ι
252 872 390 920 rum,
419 858 542 925 quia
574 871 674 926 ego
710 856 915 909 loculus
950 868 1089 919 sum,
1128 855 1203 908 ait
1238 854 1495 908 Dominus
1530 853 1691 906 Deus.
1733 871 1750 903 ι

192 947 462 1016 (meram)
486 946 761 1013 Quomodo
789 954 964 999 autem
980 943 1315 1015 Tyrizeurbis
1339 945 1439 998 sub
1467 943 1634 1012 figura
1664 958 1756 997 na-

190 1038 274 1091 vis
296 1037 525 1105 priumm
549 1036 767 1101 divitiae,
795 1036 984 1091 deinde
1014 1036 1165 1089 ruina
1189 1034 1538 1105 planctusque
1560 1034 1759 1088 descri-

188 1137 313 1195 plus
347 1134 457 1189 est,
514 1127 592 1180 sic
623 1127 689 1181 ad
723 1126 1015 1195 principem
1046 1124 1168 1195 Tyri
1217 1124 1449 1194 primum
1488 1138 1665 1178 sermo
1700 1121 1758 1177 iit

188 1216 539 1284 prophetalis,
563 1215 703 1286 quod
717 1226 927 1270 erectus
944 1216 1013 1270 sit
1033 1231 1129 1285 per
1149 1214 1479 1285 superbiam,
1498 1229 1594 1269 nec
1620 1215 1754 1269 bene

190 1323 321 1361 usus
344 1309 549 1378 opibus,
575 1324 708 1377 quas
730 1308 980 1362 habebat.
1006 1306 1134 1361 Dein
1162 1306 1336 1361 luctus
1364 1302 1416 1360 et
1443 1306 1756 1359 lamentatio

187 1398 255 1450 de
290 1399 509 1467 quantis
544 1398 697 1452 bonis
729 1397 793 1451 ad
829 1398 968 1451 mala
1017 1404 1216 1467 quanta
1253 1396 1589 1466 pervenerit;
1642 1395 1756 1464 pri-

187 1505 337 1541 mum
387 1490 551 1559 igitur
598 1488 768 1557 prima
817 1488 1040 1542 dicenda
1085 1496 1226 1541 sunt.
1266 1485 1535 1555 Scriptum
1572 1494 1656 1541 est
1700 1485 1754 1539 in

186 1576 329 1629 lsaia
362 1577 429 1631 ad
460 1591 639 1645 regem
670 1576 957 1646 Babylonis
985 1574 1494 1639 Nabuchodonosor,
1526 1574 1666 1642 quod
1696 1589 1755 1629 se

185 1667 283 1720 Dei
320 1668 572 1737 potentia:
600 1668 925 1736 coazquarit,
957 1676 1009 1722 et
1038 1668 1090 1720 in
1123 1675 1326 1720 tantam
1359 1667 1531 1721 elatus
1565 1666 1637 1720 sit
1669 1680 1755 1719 ar-

184 1759 491 1828 rogantiam
512 1799 525 1823 ,
557 1767 616 1812 ut
645 1759 866 1813 auderet
896 1758 1074 1811 dicere
1109 1775 1120 1809 :
1159 1774 1177 1807 ι
1212 1755 1386 1825 Super
1414 1756 1591 1810 sidera
1630 1754 1754 1817 coeli

184 1849 508 1914 ascendam,
552 1858 607 1903 et
649 1862 743 1903 ero
788 1847 979 1902 similis
1022 1846 1295 1900 Altissimo
1345 1844 1492 1915 (Isa.
1523 1844 1689 1916 xiv).
1731 1863 1747 1896 ι

184 1943 665 2011 pnccipitatusquc
688 1942 752 1995 de
788 1940 922 1995 solio
953 1940 1148 1993 meruit
1175 1938 1395 1991 audire:
1430 1956 1447 1987 ‹
1480 1936 1757 2003 Quomodo

186 2031 387 2085 recidit
426 2029 658 2093 Lucifer,
698 2029 788 2099 qui
827 2043 983 2082 mane
1007 2027 1319 2081 oriebatur?
1360 2012 1378 2077 ἰ
1414 2025 1480 2079 Et
1517 2026 1581 2079 de
1613 2024 1756 2078 Pha-

185 2134 355 2173 raone
392 2120 445 2172 in
487 2119 587 2174 hoc
622 2118 808 2172 eodem
840 2117 1099 2187 propheta
1132 2134 1143 2167 :
1183 2134 1200 2165 ι
1234 2115 1349 2169 Mea
1388 2122 1513 2168 sunt
1539 2112 1757 2167 ﬂumina

183 2216 240 2261 et
289 2222 391 2277 ego
438 2207 537 2263 feci
590 2222 673 2261 ea.
709 2227 727 2259 ι
762 2207 829 2260 Et
857 2209 921 2261 de
952 2207 1193 2275 principe
1224 2206 1381 2276 Tyri,
1432 2205 1574 2275 quod
1618 2204 1759 2259 elato

184 2299 353 2352 corde
404 2298 598 2351 dixerit
647 2308 1001 2365 arroganter:
1040 2314 1055 2346 t
1096 2297 1233 2350 Deus
1282 2311 1379 2364 ego
1414 2310 1563 2356 sum,
1602 2304 1655 2348 et
1706 2294 1757 2347 in

184 2386 445 2441 cathedra
478 2387 568 2440 Dei
596 2387 729 2451 sedi,
770 2405 787 2438 ι
820 2387 933 2440 sive
966 2405 982 2436 ι
1020 2386 1072 2438 in
1118 2385 1423 2439 habitaculo
1465 2385 1557 2439 Dei
1602 2385 1757 2438 habi-

190 2478 324 2529 tavi.
362 2496 379 2528 ι
416 2475 548 2531 Cum
582 2477 651 2530 sit
684 2477 843 2532 homo
874 2484 928 2531 et
960 2493 1063 2531 non
1095 2476 1257 2544 Deus.
1290 2476 1420 2543 Quae
1451 2491 1757 2547 quanquam

187 2566 476 2620 videantur
498 2568 638 2622 vires
667 2567 915 2621 humanm
946 2568 1247 2635 fragilitatis
1266 2568 1546 2631 excedere,
1576 2576 1629 2622 et
1653 2584 1757 2622 non

190 2665 307 2710 tam
343 2656 618 2711 hominum
656 2657 818 2711 verba
857 2671 1001 2721 esse,
1036 2672 1193 2725 quam
1236 2658 1616 2711 insanientium
1650 2658 1758 2710 dae-

189 2762 412 2799 monum
435 2787 449 2811 ,
483 2758 660 2803 tamen
687 2748 839 2817 juxta
867 2749 1149 2821 ὑπερϐολήν
1186 2747 1443 2801 debemus
1482 2747 1759 2815 accipere,

190 2836 339 2905 quod
371 2836 424 2889 in
468 2844 672 2890 tantum
706 2836 1057 2891 intumuerint
1105 2846 1159 2891 et
1208 2836 1499 2891 nescierint
1547 2850 1763 2889 mensu-

192 2940 314 2977 ram
356 2935 505 2978 suam
546 2936 603 2979 ut
637 2924 760 2979 elati
791 2925 1045 2980 felicitate
1074 2925 1249 2979 smculi
1272 2964 1285 2989 ,
1318 2934 1369 2979 et
1401 2924 1546 2994 regni
1577 2932 1764 2993 poten-

193 3016 267 3070 tia
291 3056 305 3080 ,
340 3016 464 3070 dum
495 3017 779 3085 przesentia
811 3018 947 3071 bona
976 3025 1166 3086 putant
1196 3031 1316 3070 esse
1342 3023 1595 3085 perpetua
1616 3055 1629 3079 ,
1663 3016 1761 3068 ho-

188 3107 367 3161 mines
395 3121 451 3160 se
479 3122 599 3163 esse
627 3107 949 3171 nescierint,
978 3116 1031 3161 et
1060 3116 1318 3163 mternum
1350 3106 1449 3161 sibi
1480 3107 1760 3176 imperium

1859 578 1913 633 in
1947 580 2119 634 medio
2150 579 2315 643 mari,
2356 598 2372 631 ι
2403 588 2459 633 et
2510 579 2563 633 in
2614 580 2798 635 insula:
2842 582 3074 636 tenearis
3121 584 3415 653 angustiis,

1858 668 1977 737 plus
2007 669 2204 735 dicam,
2234 684 2358 724 cum
2387 670 2462 723 sis
2492 670 2674 734 homo,
2696 680 2749 724 et
2778 672 3021 725 humanae
3048 673 3227 727 carnis
3258 672 3417 742 fragi-

1859 761 2007 814 litate
2054 762 2447 827 circumdatus,
2496 772 2706 817 tumore
2741 764 2915 817 cordis
2940 764 3150 827 elatus,
3193 764 3245 817 in
3282 765 3418 819 solio

1858 852 1987 914 Dei,
2029 853 2080 906 in
2122 852 2273 907 cmlis
2313 861 2365 907 te
2406 853 2653 909 habitare
2695 854 2985 929 arbitratus
3028 870 3105 910 es.
3145 853 3420 925 Simulque

1857 944 1980 1014 quia
2018 944 2192 1014 jactas
2234 946 2548 1015 sapientiam
2593 945 2858 1000 intantum
2882 986 2896 1011 ,
2927 955 2987 1001 ut
3016 948 3161 1017 regni
3196 948 3274 1002 tui
3319 948 3417 1003 ho—

1858 1034 2030 1089 mines
2074 1032 2411 1089 Salomonem
2457 1035 2831 1105 acnigmatibus
2868 1047 3250 1105 provocarent,
3289 1054 3423 1092 nun-

1858 1126 1985 1195 quid
2033 1125 2325 1194 sapientior
2370 1129 2428 1180 es
2490 1127 2737 1193 Daniele,
2787 1128 2878 1197 qui
2932 1126 3027 1182 Dei
3072 1130 3244 1197 gratia
3292 1130 3422 1183 vicit

1857 1228 2045 1268 omnes
2070 1229 2254 1283 magos
2268 1224 2321 1268 et
2343 1212 2595 1281 hariolos,
2616 1225 2669 1271 et
2688 1232 2830 1272 nunc
2854 1217 2905 1271 in
2921 1216 3190 1288 Babylone
3210 1222 3420 1289 sapien-

1858 1306 2099 1361 tissimus
2124 1307 2241 1360 est?
2261 1305 2386 1361 Sive
2415 1308 2486 1360 ita
2517 1306 2914 1378 intelligendum
2943 1310 3103 1363 etiam
3132 1309 3423 1378 sapientior

1858 1397 1934 1451 sis
1962 1396 2210 1461 Daniele,
2242 1398 2332 1466 qui
2360 1398 2600 1452 omnium
2626 1397 2962 1454 confessione
2990 1400 3420 1470 sapientissimus

1857 1495 1939 1541 est
1970 1504 1983 1539 :
2014 1496 2069 1541 et
2096 1487 2401 1541 divitiarum
2431 1503 2494 1542 ac
2532 1489 2786 1557 potentia:
2835 1488 3201 1559 magnitudine
3232 1490 3323 1544 Dei
3372 1498 3423 1544 te

1858 1577 2043 1646 cupias
2064 1578 2313 1647 potentia:
2341 1592 2638 1647 coasquare,
2662 1584 2841 1633 tamen
2866 1581 3099 1650 capiaris
3128 1582 3196 1636 ab
3225 1582 3418 1636 adver-

1858 1669 2031 1731 sariis,
2052 1679 2105 1723 et
2125 1670 2257 1723 urbe
2282 1670 2509 1737 perdita,
2540 1670 2718 1725 multis
2740 1670 3066 1727 confodieris
3088 1672 3413 1728 vulneribus.

1857 1759 1924 1813 Et
1942 1760 2083 1815 ultra
2106 1774 2209 1814 non
2230 1760 2393 1822 dices,
2425 1760 2564 1814 Deus
2580 1775 2677 1830 ego
2703 1776 2839 1823 sum,
2870 1762 2962 1816 sed
2989 1762 3174 1817 doctus
3202 1763 3420 1817 interitu

1785 1859 1828 1916 Β
1857 1850 2125 1904 hominem
2170 1859 2222 1905 te
2249 1864 2368 1904 esse
2398 1864 2707 1920 cognosces,
2736 1866 2839 1904 non
2871 1852 3059 1905 Deum.
3103 1851 3195 1906 Sin
3238 1860 3419 1907 autem

1858 1937 2101 1992 volumus
2130 1937 2421 2007 principem
2450 1936 2579 2008 Tyri
2624 1940 2864 1992 eamdem
2896 1939 3073 1995 dicere
3101 1950 3420 2009 potestatem

1858 2029 1941 2083 cui
1965 2044 1995 2082 a
2017 2028 2124 2084 Deo
2139 2028 2338 2083 credita
2359 2038 2441 2083 est
2462 2030 2573 2098 ipsa
2596 2030 2805 2093 civitas,
2832 2031 2943 2084 sive
2970 2031 3264 2100 provincia,
3291 2031 3420 2086 illud

1858 2136 2196 2175 assumamus
2230 2121 2609 2175 testimonium.
2641 2116 2751 2192 Ego
2778 2122 2907 2187 dixi,
2954 2123 3023 2175 dii
3051 2123 3211 2186 estis,
3244 2131 3298 2177 et
3327 2122 3419 2177 filii

1859 2209 2075 2264 Excelsi
2122 2223 2327 2264 omnes.
2364 2207 2469 2262 Vos
2512 2218 2690 2263 autem
2742 2211 2878 2265 sicut
2930 2211 3175 2264 homines
3224 2210 3423 2265 morie-

1860 2299 2027 2362 mini,
2058 2305 2107 2350 et
2141 2299 2281 2352 sicut
2311 2314 2449 2352 unus
2479 2300 2543 2353 de
2571 2298 2901 2368 principibus
2931 2300 3153 2354 cadetis.
3188 2300 3421 2354 Traaiitte

1860 2388 2003 2441 enim
2035 2387 2137 2441 illis
2168 2370 2294 2441 sunt
2320 2390 2385 2440 ad
2416 2386 2706 2457 regendum
2740 2388 3058 2456 DI‘OViliClLB,
3091 2388 3241 2458 quasi
3278 2388 3422 2459 judi-

1862 2477 2013 2532 cihus
2052 2478 2120 2531 ab
2159 2478 2513 2547 imperatore,
2556 2478 2645 2545 qui
2688 2476 2837 2531 obliti
2876 2478 3133 2532 honorem
3173 2494 3328 2532 suum
3349 2492 3424 2532 ex

1862 2567 2083 2623 alterius
2112 2566 2355 2636 jussionc
2395 2567 2658 2636 pendere,
2690 2568 2863 2636 qualis
2895 2582 3063 2636 nuper
3094 2567 3425 2623 Herodianus

1864 2660 1916 2712 in
1958 2658 2137 2713 Africa
2178 2658 2296 2711 fuit.
2333 2658 2509 2711 Erecti
2554 2665 2677 2711 sunt
2716 2665 2894 2711 mente
2935 2658 3207 2727 tyrannica
3238 2662 3424 2711 contra

1863 2765 2043 2820 regem
2072 2757 2126 2804 et
2158 2749 2440 2803 Dominum
2481 2764 2635 2802 suum
2658 2789 2672 2813 ,
2698 2759 2757 2801 ut
2788 2748 2840 2801 in
2883 2756 2994 2802 toto
3031 2750 3161 2802 orbe
3201 2748 3425 2817 dispersi

1864 2841 1962 2894 sub
1993 2839 2297 2893 nominibus
2330 2838 2645 2892 idololatria:
2665 2878 2679 2902 ,
2705 2839 2926 2892 deorum
2956 2838 3056 2892 sibi
3085 2838 3301 2891 nomina
3332 2852 3424 2890 as~

1865 2937 2170 2993 sumerent,
2222 2939 2277 2982 et
2320 2927 2488 2981 inflati
2534 2928 2780 2996 superbia
2824 2927 2877 2980 in
2923 2925 3181 2993 judicium
3230 2925 3427 2979 diaboli

1867 3019 2162 3074 inciderent
2203 3027 2257 3072 et
2303 3018 2574 3087 laqueum.
2614 3015 2690 3072 De
2720 3033 2827 3088 quo
2858 3026 2913 3072 et
2943 3016 3191 3071 Salvator
3217 3016 3427 3070 locutus

1866 3110 1921 3163 in
1958 3108 2246 3179 Evangelio
2282 3116 2402 3163 est:
2439 3126 2457 3159 ι
2491 3107 2607 3162 Vidi
2646 3105 2901 3161 Satanam
2932 3106 3086 3176 quasi
3120 3104 3296 3175 fulgur
3334 3120 3425 3159 ca-

188 3197 555 3263 vindicarint,
596 3196 722 3252 licet
759 3196 1023 3267 sub'typo
1064 3198 1360 3267 principum
1382 3238 1397 3263 ,
1436 3212 1759 3268 regumque,
1789 3203 1832 3265 C
1865 3201 2076 3255 dentem
2109 3202 2172 3254 de
2202 3200 2338 3254 cwlo
2369 3198 2601 3271 (Lua-1
2622 3212 2661 3267 ).
2694 3217 2716 3250 r

192 3294 249 3341 et
280 3287 631 3357 Singularium
662 3288 872 3342 urbium
903 3287 984 3342 vel
1028 3287 1422 3357 provinciarum
1464 3296 1759 3357 potestates

189 3376 516 3433 adversaria:
570 3377 1025 3432 demonstrentur.
1097 3377 1174 3431 De
1236 3379 1428 3446 quibus
1480 3378 1667 3432 scribit
1706 3385 1760 3432 et

190 3466 470 3535 apostolus
500 3466 697 3521 Paulus
726 3466 959 3537 (Ephu.
993 3482 1043 3520 γι
1070 3467 1089 3539 )
1124 3485 1135 3520 :
1172 3485 1189 3518 ι
1225 3466 1340 3521 Non
1372 3476 1454 3522 est
1485 3468 1637 3521 nobis
1664 3482 1760 3536 pu-

188 3571 299 3625 gna
343 3556 608 3623 adversus
648 3572 895 3622 carnem,
946 3565 1001 3611 et
1045 3558 1390 3627 sanguinem,
1436 3556 1527 3611 sed
1574 3565 1761 3611 contra

190 3647 467 3717 principes
492 3658 544 3701 et
572 3657 863 3717 potestates
887 3656 1231 3717 rectoresque
1258 3650 1597 3703 tenebrarum
1629 3649 1759 3701 ista-

191 3754 347 3800 rum,
398 3746 451 3791 et
495 3736 755 3806 spiritalia
806 3740 1054 3806 nequitia:
1102 3739 1152 3791 in
1199 3739 1526 3793 cmlestibus.
1566 3757 1582 3788 ι
1616 3738 1678 3791 Et
1710 3739 1760 3790 in

190 3828 303 3891 alio
348 3827 465 3882 loco
507 3827 578 3898 (I
608 3826 729 3883 Cor.
764 3828 842 3899 ιι)
876 3844 888 3881 :
925 3848 943 3879 ‹
980 3828 1307 3897 Sapientiam
1349 3829 1581 3898 loquitur
1623 3830 1762 3883 inter

190 3917 500 3988 perfectos,
532 3918 848 3988 sapientiam
880 3933 1005 3993 vero
1049 3933 1151 3971 non
1184 3918 1364 3971 mundi
1394 3919 1549 3987 iiujus
1591 3933 1762 3991 neque

193 4012 496 4082 principum
548 4010 730 4064 sazculi
780 4010 935 4064 istius
971 4011 1062 4078 qui
1103 4012 1471 4064 destruantur.
1506 4030 1523 4061 ι
1564 4010 1628 4062 Et
1661 4011 1762 4063 ite-

195 4118 319 4155 rum
342 4142 356 4165 ,
389 4102 453 4154 de
483 4099 748 4169 sapientia
790 4099 1105 4167 disputans,
1132 4099 1209 4151 ait
1238 4098 1415 4167 (Ibid.
1441 4098 1457 4168 )
1491 4116 1503 4150 :
1540 4118 1556 4149 ι
1593 4098 1763 4164 Quam

193 4190 377 4244 nullus
404 4189 467 4243 de
489 4188 823 4256 principibus
853 4187 1031 4239 mundi
1065 4185 1220 4253 hujus
1246 4188 1511 4257 cognovit.
1536 4185 1591 4240 Si
1621 4188 1765 4240 enim

194 4279 575 4350 cognovissent
617 4292 888 4345 nunquam
930 4277 1204 4330 dominum
1244 4277 1428 4346 gloria:
1467 4277 1767 4331 crucifixis-

193 4378 341 4425 sent.
378 4389 395 4419 ι
430 4369 485 4422 ln
516 4367 753 4421 Dauielis
783 4382 993 4436 quoque
1022 4367 1301 4437 prophetia
1330 4368 1610 4437 perspicue
1639 4367 1769 4436 legi-

195 4478 286 4519 tur
318 4462 497 4534 (Dan.
527 4480 559 4516 ι
587 4462 606 4534 )
634 4502 648 4526 ,
679 4463 927 4532 princeps
966 4460 1245 4515 lsraelitici
1287 4460 1494 4531 populi,
1541 4458 1765 4514 Michael

192 4564 248 4609 et
308 4554 555 4623 princeps
609 4551 829 4606 Crtecize
888 4552 1244 4620 princepsque
1310 4550 1617 4604 Persarum.

196 4647 375 4701 Moses
430 4645 668 4713 apertius
716 4644 904 4703 scribit
954 4644 1005 4696 in
1057 4642 1456 4697 Deuteronomii
1507 4642 1763 4696 cantico:

200 4756 217 4787 ι
256 4736 481 4803 Quando
508 4735 777 4789 dividebat
802 4733 1109 4787 Altissimus
1138 4741 1323 4803 gentes
1342 4774 1357 4799 ,
1388 4722 1771 4787 disseminabat

182 4827 340 4881 .ﬁlios
376 4826 546 4878 Adam
580 4843 592 4878 :
640 4824 918 4877 constituit
955 4824 1214 4879 terminos
1257 4823 1566 4887 nationum,
1614 4822 1769 4892 juxta

198 4933 484 4973 numerum
516 4916 822 4985 angelorum
844 4916 988 4979 Dei,»
1010 4914 1216 4977 sive,ut
1244 4914 1433 4967 melius
1462 4912 1687 4966 habetur
1718 4913 1769 4966 in

200 5009 496 5071 llehraico,
536 5028 551 5057 ι
584 5008 733 5077 juxta
766 5020 1049 5060 numerum
1091 5006 1319 5070 filiorum
1355 5005 1537 5059 israel.
1577 5006 1644 5059 Et
1686 5005 1766 5057 f.:-

198 5108 348 5152 ctum
390 5105 508 5160 est,
548 5111 672 5164 pars
708 5094 915 5149 Domini
959 5096 1185 5164 populus
1227 5094 1341 5161 eius
1384 5094 1581 5159 Jacob,
1623 5094 1763 5147 funi-

199 5189 357 5244 culus
404 5189 730 5242 hazreditatis
779 5187 893 5255 ejus
921 5187 1084 5240 lsrael
1133 5186 1323 5256 (Deut.
1358 5202 1505 5239 xxxii
1532 5187 1571 5255 ).
1610 5206 1627 5237 ι
1664 5185 1769 5240 Nec

202 5279 520 5334 mirabimur
548 5279 600 5332 in
630 5288 784 5347 parte
814 5278 1081 5332 contraria
1104 5279 1366 5346 pessimos
1388 5292 1538 5345 reges
1565 5277 1615 5328 in
1650 5284 1771 5345 typo

200 5371 675 5440 prinvaricatorum
705 5368 1005 5438 prtccedere
1034 5369 1364 5436 principum,
1394 5381 1512 5420 cum
1540 5368 1771 5435 optimos

204 5446 360 5527 reges
389 5459 556 5512 David
585 5468 637 5511 et
670 5458 1007 5512 Salomonem
1034 5467 1089 5510 et
1114 5456 1314 5510 Josiam
1343 5466 1398 5509 et
1426 5454 1770 5509 Patriarchas

206 5558 259 5600 et
296 5547 596 5616 Prophetas
640 5549 691 5600 in
738 5547 901 5614 figura
933 5545 1161 5601 'Domiui
1203 5546 1499 5601 Snlvatoris
1541 5564 1770 5614 praeces-

206 5641 341 5692 sisse
366 5639 670 5693 doceamus.
698 5638 861 5708 Igitur
882 5638 1031 5705 juxta
1059 5648 1338 5707 utramque
1367 5638 1771 5707 intelligentiam

209 5742 388 5797 regunt
432 5729 637 5796 pariter
684 5730 1033 5798 Supet'horutn
1074 5739 1127 5781 ct
1169 5737 1529 5797 apostatarum
1570 5729 1769 5797 princi-

1941 3309 1958 3341 ι
1992 3290 2060 3343 Et
2092 3289 2264 3343 factus
2294 3298 2378 3343 est
2406 3303 2584 3342 sermo
2617 3288 2824 3344 Domini
2856 3288 2922 3341 ad
2952 3304 3038 3342 me
3070 3289 3255 3343 dicens
3282 3306 3293 3340 :
3324 3287 3425 3342 Fili

1869 3397 1886 3429 ι
1922 3380 2155 3433 hominis
2178 3418 2192 3441 .
2225 3378 2338 3431 leva
2369 3378 2641 3446 planctum
2672 3393 2832 3447 super
2864 3393 3040 3448 regem
3070 3378 3228 3449 Tyri,
3261 3387 3315 3431 et
3344 3378 3427 3431 di-

1868 3488 1884 3518 t
1924 3482 2013 3522 ces
2045 3468 2094 3521 ei
2122 3485 2133 3520 :
2162 3466 2285 3520 Hch
2323 3466 2451 3521 dicit
2486 3467 2741 3522 Dominus
2776 3467 2914 3522 Deus
2941 3486 2953 3520 :
2981 3468 3056 3520 Tu
3094 3468 3425 3538 signaculum

1868 3577 1886 3609 ι
1920 3557 2305 3623 similitudinis,
2336 3557 2522 3627 plenus
2548 3558 2807 3627 sapientia
2830 3568 2885 3611 et
2906 3558 3173 3627 perfectus
3194 3559 3423 3622 decore;

1868 3671 1885 3702 ι
1919 3651 1970 3704 in
2002 3651 2205 3706 deliciis
2236 3652 2467 3720 paradisi
2500 3650 2593 3705 Dei
2633 3650 2797 3705 fuisti.
2844 3650 3030 3705 Omnis
3071 3651 3086 3703 ι
3121 3652 3202 3719 pis
3230 3645 3429 3721 pretio-

1868 3759 1885 3789 4
1920 3758 2011 3794 sus
2032 3741 2417 3809 operimentum
2440 3745 2585 3793 tuom
2608 3780 2621 3804 ,
2646 3740 2880 3803 sardius,
2906 3741 3143 3809 topazius
3167 3739 3425 3809 etjaspis,

1869 3850 1885 3882 ι
1921 3841 1973 3884 et
1993 3832 2333 3900 chrysolitus,
2356 3841 2408 3886 et
2424 3848 2591 3903 onyx,
2612 3841 2667 3887 et
2691 3833 2909 3887 berillus
2929 3834 3211 3903 sapphirus
3236 3845 3291 3888 et
3311 3850 3428 3889 car—

1871 3940 1887 3971 ι
1927 3922 2191 3975 bunculus
2218 3930 2270 3975 et
2300 3923 2635 3992 smaragdos.
2677 3922 2882 3975 Aurum
2914 3938 3047 3992 opus
3079 3925 3289 3978 decoris
3321 3925 3391 3977 tui
3413 3964 3427 3987 ,

1870 4031 1887 4061 ι
1924 4020 1977 4065 et
2006 4010 2267 4067 foramina
2298 4020 2386 4065 tua
2416 4012 2469 4065 in
2498 4012 2582 4065 die
2605 4052 2618 4076 ,
2644 4028 2748 4081 qua
2774 4012 3021 4067 conditus
3048 4028 3105 4066 es
3131 4023 3431 4083 prteparata

1871 4123 1888 4155 ι
1923 4110 2069 4157 sunt.
2106 4098 2183 4157 Tu
2223 4104 2426 4158 cherub
2461 4112 2711 4158 extentus
2748 4111 2803 4158 et
2841 4114 3152 4174 protegens,
3190 4114 3243 4159 et
3277 4106 3431 4175 posui

1874 4214 1891 4245 ι
1928 4203 1979 4249 te
2011 4196 2063 4247 in
2096 4204 2275 4249 monte
2305 4202 2490 4249 sancto
2521 4195 2635 4247 Dei.
2666 4195 2929 4248 ln‘medio
2959 4194 3191 4264 lapidum
3236 4195 3431 4266 iguito—

1873 4308 1891 4339 ‹
1928 4303 2042 4341 rum
2075 4286 2355 4341 ambulasti
2376 4326 2390 4351 ,
2424 4287 2695 4355 perfectus
2726 4287 2777 4340 in
2809 4286 2910 4340 viis
2942 4287 3045 4339 tuis
3074 4301 3103 4340 a
3134 4287 3220 4341 die
3246 4286 3434 4341 condi-

1876 4395 1892 4426 ι
1930 4375 2090 4429 tionis
2125 4382 2260 4439 tum,
2298 4375 2469 4429 donec
2503 4375 2714 4429 inventa
2754 4384 2836 4429 est
2875 4374 3129 4443 iniquitas
3170 4375 3222 4427 in
3260 4383 3328 4428 te.
3371 4374 3430 4429 In

1876 4483 1893 4515 ι
1930 4464 2270 4518 multitudine
2308 4464 2685 4531 negotiationis
2734 4473 2835 4519 tua:
2873 4463 3074 4533 repleta
3124 4474 3247 4518 sunt
3298 4466 3437 4519 inice

1698 4549 1765 4603 Et
1795 4543 1841 4600 ι)
1873 4572 1890 4603 ι
1928 4554 2071 4607 riora
2122 4561 2210 4607 tua
2260 4553 2571 4621 iniquitate,
2618 4560 2674 4606 et
2721 4554 2979 4621 peccasti,
3010 4560 3064 4605 et
3110 4550 3239 4619 ejeci
3273 4562 3323 4607 te
3365 4553 3433 4607 de

1876 4664 1894 4695 «
1933 4654 2113 4700 monte
2161 4644 2287 4709 Dei,
2336 4652 2390 4697 et
2440 4644 2647 4713 perdidi
2690 4653 2769 4710 te,
2803 4661 2836 4698 ο
2874 4644 3105 4708 cherub,
3150 4654 3434 4714 protegens

1877 4758 1895 4791 ι
1928 4740 1994 4793 de
2028 4739 2202 4794 medio
2238 4738 2472 4807 lapidum
2511 4739 2819 4806 ignitornm.
2860 4738 2925 4791 Et
2962 4738 3193 4791 levatum
3224 4746 3308 4790 est
3339 4752 3432 4795 cor

1876 4846 1893 4878 ι
1928 4836 2077 4881 tuum
2109 4827 2160 4880 in
2192 4827 2386 4880 decore
2417 4834 2528 4879 tuo.
2562 4824 2847 4880 Perdidisti
2880 4826 3194 4893 sapientiam
3231 4826 3283 4877 in
3316 4826 3434 4894 pui-

1877 4936 1894 4964 ι
1930 4915 2230 4969 ehritudine
2264 4923 2377 4978 tua,
2415 4916 2467 4967 in
2505 4924 2701 4969 terram
2728 4912 2925 4983 projeci
2965 4922 3014 4968 te
3043 4932 3054 4966 :
3080 4923 3203 4967 ante
3242 4914 3434 4978 faciem

1876 5026 1893 5055 c
1932 5021 2113 5075 regum
2162 5004 2283 5058 dedi
2324 5014 2401 5067 te,
2445 5013 2502 5056 ut
2538 5013 2821 5057 cernerent
2870 5011 2939 5057 te.
2990 5003 3044 5056 ln
3092 5003 3434 5057 multitudine

1878 5112 1894 5143 ι
1934 5094 2275 5163 iniquitatum
2306 5104 2515 5145 tuarum
2554 5102 2608 5147 et
2643 5094 2694 5146 in
2735 5093 3017 5161 iniquitate
3054 5095 3429 5164 negotiationis

1878 5204 1893 5232 ι
1934 5191 2071 5245 tute,
2120 5181 2349 5250 polluisti
2393 5182 2871 5236 sanctificatioucm
2920 5191 3093 5245 tuam,
3144 5184 3433 5251 producam

1878 5292 1893 5321 ι
1927 5287 2053 5341 ergo
2085 5272 2257 5340 ignem
2286 5272 2350 5323 de
2383 5271 2557 5326 medio
2589 5273 2663 5325 tui
2693 5272 2781 5340 qui
2816 5274 3059 5327 comedat
3096 5282 3177 5338 te,
3212 5283 3265 5329 et
3298 5276 3437 5331 dabo

1882 5382 1896 5411 ι
1931 5371 1979 5415 te
2012 5362 2063 5415 in
2094 5362 2327 5415 cinerem
2358 5376 2517 5430 super
2551 5370 2746 5415 terram
2787 5366 2838 5416 in
2875 5374 3159 5433 conspectu
3196 5368 3434 5420 omnium

1882 5472 1897 5501 ι
1935 5452 2223 5505 videntium
2275 5459 2346 5505 te.
2387 5452 2584 5508 Omnes
2617 5456 2705 5524 qui
2746 5458 2975 5510 viderint
3011 5468 3059 5511 tc
3098 5459 3150 5512 in
3188 5460 3435 5529 gentibus

1880 5564 1895 5591 ‹
1929 5544 2308 5611 ohstupesccnt
2348 5557 2509 5611 super
2556 5553 2623 5597 te.
2679 5545 2837 5599 Nihili
2882 5549 3053 5602 factus
3093 5565 3183 5611 es,
3228 5558 3283 5603 et
3330 5566 3433 5601 non

1882 5653 1897 5678 ι
1933 5634 2039 5685 eris
2072 5634 2123 5686 in
2155 5643 2490 5702 perpetuum.
2527 5656 2543 5687 ι
2578 5634 2870 5707 (Jlierou.)
2907 5638 3041 5704 Quia
3078 5639 3309 5692 diximus
3343 5640 3431 5707 qui

1878 5724 1942 5777 sit
1994 5724 2239 5793 princeps
2277 5724 2423 5795 Tyri,
2474 5736 2525 5780 ct
2563 5730 2824 5795 quomodo
2859 5731 3120 5781 corruerit
3159 5727 3428 5797 superbia.
