3936 6376
477 397 578 457 787

1110 403 1168 459 Β.
1212 405 1464 462 RABANI
1502 407 1718 466 MAURI
1757 409 2070 470 ARCHIEP.
2105 410 2410 469 MOGUNT.
2446 414 2726 474 OPERUM
2762 417 2942 475 PARS
2979 419 3040 474 ll.

3621 422 3722 478 788

474 513 913 570 lamentationem
952 512 1068 583 ejus
1105 530 1269 585 super
1305 517 1531 586 pristina
1558 517 1727 588 gloria
1755 532 2046 590 eoguosca-
2071 527 2119 585 Α
2149 519 2388 576 litudinis
2411 523 2544 579 fuit?
2565 525 2639 581 De
2660 498 2832 597 sigillo
2855 530 3049 599 quippe
3071 529 3253 584 annuli
3276 530 3398 586 talis
3426 527 3722 588 similitudo

475 617 631 662 tuus:
662 604 895 675 primum
923 614 1320 673 commonetur,
1351 608 1478 679 quid
1507 605 1671 663 fuerit
1690 617 1748 662 ut
1770 610 1948 665 doleat
1985 625 2043 666 se

472 695 802 766 perdidisse,
832 697 973 766 quod
1001 697 1205 752 habuit.
1247 699 1349 765 Tu,
1391 699 1583 768 inquit,
1609 691 1940 769 signaculum
1969 701 2041 755 si-
2071 736 2080 745 ι

469 784 809 850 militudiuis,
825 784 978 855 juxta
1030 785 1157 840 illud
1178 827 1193 851 ,
1229 788 1369 856 quod
1401 787 1616 857 proprie
1649 788 1715 841 de
1759 788 2040 844 Salvatore

467 875 597 931 dicit
623 873 858 931 Joannes
888 874 1228 944 Evangelista
1252 875 1438 931 :Hunc
1464 875 1606 930 enim
1640 875 1781 931 Deus
1809 876 2040 947 signavit

465 971 640 1034 pater,
667 971 724 1018 et
749 963 814 1018 de
853 963 1197 1019 hominibus:
1221 964 1451 1035 signavit
1491 964 1742 1040 quoniam
1769 964 1910 1019 Deus
1948 979 2042 1018 ve-

468 1070 567 1110 rax
608 1063 731 1110 est.
755 1053 823 1109 Et
862 1053 917 1108 in
957 1053 1225 1109 Psalmis:
1257 1072 1276 1106 ι
1311 1053 1591 1125 Signatum
1630 1063 1713 1109 est
1749 1070 1909 1125 super
1937 1071 2036 1112 nos

464 1144 642 1200 lumen
682 1143 862 1201 vultus
901 1145 1017 1211 tui,
1047 1145 1270 1201 Domine
1297 1144 1315 1216 (
1339 1142 1487 1200 Paul.
1520 1143 1635 1216 tv).
1667 1163 1689 1199 ι
1729 1145 1798 1201 Ει
1835 1147 1889 1200 in
1931 1146 2048 1202 alio.

463 1234 614 1302 loco,
647 1251 667 1286 ι
695 1233 1043 1297 Charissimi,
1088 1229 1371 1290 nunc'fllii
1409 1233 1505 1289 Dei
1550 1248 1766 1301 sumus,
1809 1244 1863 1291 et
1903 1251 2032 1292 nec-

461 1325 588 1380 dum
627 1323 877 1393 apparuit
917 1321 1046 1393 quid
1088 1320 1255 1380 futuri
1297 1337 1525 1378 sumus:
1568 1324 1738 1379 simus
1777 1325 2031 1394 quoniam

460 1428 584 1470 cttm
626 1413 970 1485 apparuerit,
999 1412 1204 1470 similes
1232 1413 1282 1469 ei
1308 1414 1512 1469 erimus
1541 1414 1560 1486 (
1586 1413 1615 1469 I
1645 1414 1809 1470 Joan.
1842 1415 1965 1488 ιιι).
2003 1435 2023 1470 ι

461 1505 614 1562 Unde
635 1511 692 1562 et
721 1504 788 1559 ad
821 1502 987 1560 Deum
1015 1502 1214 1559 dicitur
1240 1521 1254 1558 :
1289 1522 1309 1556 ι
1328 1502 1466 1572 Quis
1490 1504 1683 1560 similis
1715 1505 1820 1560 erit
1841 1506 1979 1560 tibi?
2005 1525 2025 1558 ι

458 1596 549 1654 ubi
575 1595 720 1651 aliud
747 1602 832 1650 est
860 1594 1004 1650 enim
1032 1594 1342 1657 similitudo,
1375 1593 1519 1649 aliud
1545 1593 1844 1664 aequalitas.
1879 1594 2030 1650 Unde

457 1685 753 1740 suavissima
783 1684 1005 1739 haeresis
1034 1693 1139 1748 est,
1165 1697 1287 1753 quae
1306 1683 1360 1738 iu
1379 1682 1592 1738 Christo
1625 1691 1830 1759 tantum
1860 1685 2029 1754 patris

455 1772 858 1829 similitudinem
882 1771 1189 1838 confitetur,
1207 1772 1383 1828 aufert
1412 1780 1680 1827 naturam.
1708 1771 1816 1828 Nos
1846 1782 2025 1829 autem

2146 610 2506 680 imaginaliter
2557 616 2896 684 exprimitur,
2959 618 3136 688 qualis
3189 620 3245 674 in
3301 621 3476 690 sigillo
3525 623 3718 678 eodem

2110 701 2500 757 .essentialiter
2536 703 2783 759 habetur.
2828 706 2895 760 Et
2934 706 3061 762 licet
3101 708 3263 763 homo
3304 709 3371 762 ad
3402 709 3720 766 similitudi-

2122 803 2262 846 nem
2315 792 2406 847 Dei
2457 802 2674 850 creatus
2720 796 2820 862 sit,
2870 796 3074 866 Angelo
3121 807 3299 854 tamen
3342 801 3497 870 quasi
3543 802 3722 871 majus

2137 878 2339 958 aliquid
2392 881 2690 952 tribuens,
2720 900 2824 939 non
2873 894 2996 941 eum
3044 888 3110 941 ad
3163 889 3570 945 similitudinem
3619 891 3720 946 Dei

2139 971 2449 1037 conditum,
2483 974 2576 1028 sed
2621 974 2796 1044 ipsum
2837 977 3168 1046 signaculum
3212 979 3308 1034 Dei
3349 981 3720 1037 similitudinis

2136 1060 2298 1125 dicit,
2333 1071 2393 1116 ut
2446 1079 2554 1132 quo
2611 1066 2857 1121 subtilior
2913 1077 2997 1122 est
3063 1069 3117 1122 in
3158 1080 3381 1138 natura,
3421 1087 3486 1128 eo
3525 1074 3580 1127 in
3624 1073 3721 1128 illo

2135 1150 2437 1212 similitudo
2470 1153 2566 1208 Dei
2595 1154 2820 1224 'plenius
2860 1157 3114 1212 credatur
3151 1173 3427 1229 expressa.
3465 1161 3603 1217 Hinc
3633 1171 3720 1218 est

2133 1240 2272 1309 quod
2339 1243 2602 1310 primatus
2657 1244 2773 1314 ejus
2827 1248 3136 1322 potentiam
3163 1250 3338 1306 adhuc
3395 1251 3717 1320 insinuans,

2135 1329 2275 1385 idem
2303 1333 2564 1402 prepheta
2593 1335 3125 1405 subjungitchmnis
3144 1337 3278 1410 lapis
3296 1341 3567 1410 pretiosus
3586 1357 3720 1413 ope-

2135 1421 2422 1477 rimentum
2475 1433 2657 1492 tuum,
2707 1426 2949 1493 sardius,
2991 1438 3047 1484 et
3092 1430 3363 1500 topazius,
3406 1440 3463 1496 et
3502 1433 3712 1502 jaspis,

2130 1510 2513 1582 chrysolithus,
2539 1521 2592 1568 et
2613 1515 2934 1586 onychiuus,
2957 1527 3014 1571 et
3037 1518 3277 1585 berillus,
3304 1531 3360 1574 et
3387 1521 3677 1593 sapphirus
3693 1560 3710 1586 ,

2129 1600 2487 1658 carbunculus
2520 1611 2575 1657 et
2614 1605 2951 1676 smaragdus.
2990 1605 3190 1661 Novem
3235 1609 3369 1664 dixit
3396 1625 3594 1681 genera
3626 1610 3710 1664 la-

2127 1687 2311 1759 pidum
2333 1730 2348 1756 ,
2382 1692 2509 1761 quia
2538 1693 2792 1748 nimirum
2821 1710 3012 1750 novem
3058 1704 3182 1750 sunt
3222 1698 3440 1754 ordines
3484 1700 3710 1770 angelo-

2127 1793 2266 1832 rum.
2301 1778 2434 1834 Nam
2468 1794 2589 1834 cum
2621 1797 2716 1850 per
2756 1797 2911 1838 sacra
2955 1784 3171 1854 eloquia
3212 1787 3425 1856 angeli,
3467 1791 3708 1845 archan-

456 1864 511 1919 in
535 1863 646 1921 tilio
671 1878 776 1919 non
803 1863 978 1920 solum
1006 1864 1409 1919 similitudinem
1437 1864 1698 1931 dicimus,
1727 1865 1823 1920 sed
1847 1880 2027 1935 mqua-
2051 1872 2098 1932 Β
2127 1865 2248 1937 geli,
2305 1868 2504 1934 tbrOui,
2555 1870 2978 1938 dominationes,
3026 1875 3286 1942 virtutes,
3335 1877 3705 1947 principatus,

454 1952 661 2010 litatem
679 1996 694 2020 ,
717 1965 1000 2026 prepterea
1025 1956 1170 2012 enim
1194 1971 1316 2013 eum
1342 1957 1804 2028 persequebantur
1825 1956 1991 2012 Judaei
2008 1998 2024 2022 ,

455 2044 579 2114 quia
608 2060 713 2100 non
735 2044 907 2101 solum
942 2045 1182 2101 solvebat
1215 2046 1514 2112 sabbatum,
1548 2049 1643 2102 sed
1676 2056 1730 2103 et
1765 2047 2024 2117 aequalem

453 2148 514 2189 se
542 2133 774 2210 faciebat
798 2133 929 2191 Deo.
960 2134 1062 2191 Ubi
1090 2143 1266 2190 autem
1291 2136 1570 2206 aequalitas
1593 2146 1706 2201 est,
1733 2137 1806 2193 ibi
1835 2139 2023 2194 eadem

454 2231 644 2277 natura
665 2264 682 2290 ,
713 2238 928 2294 unaque
955 2225 1278 2280 substantia.
1322 2224 1435 2279 Hoc
1469 2233 1554 2281 est
1587 2225 1714 2281 illud
1734 2266 1749 2292 ,
1786 2227 1927 2296 quod
1959 2227 2026 2283 de

452 2314 804 2372 similitudine
848 2315 1088 2384 loquitur
1132 2325 1187 2370 et
1237 2315 1568 2386 Apostolus:
1604 2333 1624 2367 ι
1659 2315 1835 2371 Filioli
1877 2316 2022 2382 mei,

449 2419 588 2475 quos
615 2405 809 2461 iterum
837 2405 1080 2476 parturio
1102 2406 1270 2461 donec
1292 2405 1539 2461 Christus
1564 2405 1824 2461 formetur
1852 2407 1906 2461 in
1931 2421 2022 2462 vo-

452 2497 536 2552 bis
563 2497 583 2566 (
605 2494 725 2551 Gal.
757 2513 809 2553 tv
833 2496 851 2569 )
871 2537 887 2564 ,
917 2517 936 2550 ι
962 2505 1020 2552 ιιι
1047 2498 1317 2568 recipiatis
1341 2497 1592 2554 videlicet
1616 2498 2020 2554 similitudinem

447 2585 565 2657 ejus
585 2627 601 2652 ,
628 2602 788 2657 quam
813 2597 993 2644 vestro
1017 2585 1145 2642 vitio
1169 2588 1498 2657 perdidistis.
1523 2588 1589 2643 Et
1611 2590 1736 2660 quia
1759 2589 1814 2644 in
1839 2589 2025 2646 latinis

448 2679 724 2735 codicibus
745 2694 842 2749 pro
863 2679 1137 2751 signaculo
1158 2680 1551 2751 resignaculum
1575 2681 2021 2752 legitur,quidam

453 2772 534 2828 sic
551 2771 880 2843 intelligunt,
905 2774 1047 2842 quod
1070 2773 1404 2845 signaculum
1429 2773 1522 2828 Dei
1544 2784 1597 2829 et
1622 2773 1844 2845 ﬁguram
1864 2815 1880 2839 ,
1901 2789 2022 2844 quae

447 2862 594 2918 velut
624 2863 676 2917 in
709 2878 833 2919 cera
864 2863 1178 2918 mollissima
1206 2879 1460 2934 expressa
1490 2865 1580 2929 sit,
1596 2879 1687 2920 rex
1723 2864 1851 2935 Tyri
1881 2863 2020 2919 ι·θεί-

446 2954 694 3024 gnaverit
718 2964 882 3024 atque
907 2955 1198 3025 perdiderit
1227 2974 1240 3010 :
1276 2965 1334 3010 ut
1370 2970 1469 3026 pro
1512 2957 1790 3028 signaculo
1828 2957 2022 3014 fecerit

452 3045 878 3117 resignaculum,
907 3060 1244 3117 nequaquam
1276 3046 1481 3103 habens
1519 3048 1806 3119 imaginem
1845 3059 1898 3105 et
1939 3049 2016 3104 si-

447 3139 742 3194 militudem
767 3140 897 3205 Dei,
918 3140 1071 3210 juxta
1096 3155 1258 3209 quam
1283 3148 1337 3196 et
1359 3141 1562 3211 primus
1586 3143 1748 3196 homo
1770 3144 2019 3199 conditus
2067 3206 2078 3211 _

2126 1965 2455 2026 potestates,
2486 1960 2798 2028 cherubim,
2830 1972 2992 2033 atque
3033 1965 3305 2035 seraphim
3346 1975 3538 2036 aperta
3579 1985 3709 2024 nar-

2127 2047 2338 2103 ratione
2377 2059 2770 2118 memorantur,
2815 2069 3167 2123 superuorum
3235 2056 3432 2117 civium
3484 2069 3706 2127 quanta:

2126 2135 2238 2192 sint
2279 2138 2651 2196 distinctiones
2694 2146 3016 2209 ostenditur,
3065 2147 3260 2214 quibus
3310 2155 3488 2202 tamen
3531 2149 3707 2205 Bche-

2125 2227 2274 2282 moth
2307 2228 2407 2284 iste
2436 2239 2657 2299 opertus
2686 2231 2848 2289 fuisse
2877 2235 3218 2302 describitur,
3264 2238 3386 2307 quia
3417 2254 3510 2294 eos
3540 2240 3700 2309 quasi

2126 2324 2329 2396 vestem
2360 2318 2428 2373 ad
2454 2331 2829 2376 ornamentum
2859 2337 3014 2378 suum
3044 2325 3262 2390 habuit,
3293 2342 3521 2395 quorum
3571 2329 3735 2383 dum.

2126 2403 2429 2460 claritatem
2473 2412 2914 2476 transcenderet,
2963 2426 3028 2468 ex
3069 2427 3255 2468 eorum
3296 2417 3705 2484 comparatione

2121 2495 2321 2552 clarior
2347 2497 2462 2553 fuit.
2481 2500 2556 2554 De
2579 2499 2729 2568 cujus
2755 2502 2864 2557 illic
2888 2502 3063 2559 adhuc
3083 2505 3446 2576 descriptione
3471 2508 3706 2578 subjun-

2123 2583 2201 2655 git
2232 2602 2246 2638 ε
2285 2603 2302 2636 t
2334 2584 2539 2641 Aurum
2569 2603 2704 2657 opus
2733 2590 2942 2646 decoris
2972 2592 3084 2657 tui,
3114 2603 3169 2648 et
3211 2593 3467 2649 foramina
3509 2604 3598 2650 tua
3640 2595 3704 2651 in

2122 2678 2208 2733 die
2244 2694 2349 2749 qua
2388 2680 2637 2735 conditus
2670 2697 2730 2736 es
2763 2693 3058 2753 praeparata
3097 2694 3241 2740 sunt.
3273 2705 3294 2739 ι
3324 2685 3528 2742 Aurum
3557 2703 3703 2758 opus

2121 2765 2334 2822 decoris
2371 2766 2488 2837 ejus
2523 2771 2734 2836 extitit,
2775 2774 2902 2841 quia
2943 2775 3224 2843 sapientiae
3271 2775 3516 2833 claritate
3558 2793 3701 2833 can-

2121 2857 2236 2912 duit
2255 2898 2270 2924 ,
2300 2874 2462 2929 quam
2492 2861 2629 2917 bene
2657 2871 2872 2938 creatus
2902 2866 3139 2935 accepit,
3170 2865 3431 2923 foramina
3460 2884 3584 2924 vero
3613 2870 3702 2925 id-

2121 2947 2270 3003 circo
2299 2948 2354 3002 in
2383 2948 2652 3019 lapidibus
2687 2952 2850 3018 ﬁunt,
2887 2963 2947 3008 ut
2977 2955 3230 3010 vinculati
3273 2971 3406 3012 auro
3438 2959 3492 3013 in
3531 2974 3705 3014 orna-

2120 3039 2290 3093 menti
2330 3041 2717 3110 compositione
2753 3043 3048 3113 jungantur
3088 3055 3144 3100 et
3190 3061 3522 3117 nequaquam
3557 3064 3586 3102 a
3632 3066 3700 3106 se

2119 3125 2382 3183 dissidant
2400 3168 2416 3194 ,
2447 3143 2586 3198 quos
2607 3130 2964 3187 ~interfusum
2993 3149 3186 3189 aurum
3217 3135 3435 3205 repletis
3465 3137 3696 3193 forami-

445 3240 527 3287 est
547 3271 562 3296 ,
594 3230 806 3286 dicente
833 3229 945 3286 Deo
975 3248 988 3285 :
1022 3231 1304 3286 Faciamus
1332 3231 1606 3286 hominem
1634 3233 1701 3286 ad
1725 3233 2011 3303 imaginem

2119 3216 2274 3272 nibus
2320 3218 2470 3288 ligat.
2519 3213 2689 3289 Hujus
2731 3235 2858 3294 ergo
2902 3223 3094 3293 lapidis
3139 3226 3193 3280 in
3240 3227 3326 3280 die
3365 3229 3700 3286 conditionis

444 3328 502 3375 et
526 3320 931 3376 similitudinem
959 3329 1222 3375 nostram.
1250 3319 1316 3374 Et
1344 3321 1634 3374 notandum
1663 3321 1804 3390 quod
1839 3321 2014 3391 imago

444 3402 573 3464 tunc
602 3408 743 3464 facta
790 3409 862 3464 sit
909 3417 1136 3482 tantum,
1176 3409 1471 3464 similitudo
1512 3409 1563 3463 in
1604 3409 1805 3465 Christi
1835 3412 2015 3480 bapti-

441 3508 615 3554 smate
661 3497 1018 3569 compleatur,
1061 3507 1116 3552 et
1159 3507 1552 3567 consequenter
1593 3499 1641 3554 ei
1682 3500 1767 3554 cui
1811 3501 2016 3557 dictum

440 3586 639 3649 est,'l‘n
662 3587 996 3658 signaculum
1019 3589 1406 3654 similitudinis,
1431 3588 1676 3660 jungitur
1702 3589 1890 3660 plenus
1921 3607 2012 3645 sa-

443 3679 658 3748 pientiae
686 3688 741 3735 et
767 3679 1040 3750 perfectus
1060 3681 1272 3744 decore,
1293 3680 1406 3735 sive
1435 3680 1586 3750 quasi
1610 3681 1837 3736 diversis
1863 3681 2012 3737 flori-

443 3770 541 3824 bus
567 3779 757 3824 omata
786 3778 947 3840 atque
978 3770 1273 3839 composita
1301 3785 1498 3825 corona
1526 3770 1785 3825 virtutum
1805 3812 1820 3837 ,
1850 3788 2010 3840 quam

441 3860 658 3930 proprio
685 3860 864 3915 studio
889 3870 1048 3931 auget
1089 3860 1350 3930 diligens,
1395 3861 1520 3915 dum
1561 3870 1768 3914 natura:
1810 3862 2010 3916 bonum

444 3952 618 4007 nutrit
655 3950 950 4016 industria,
984 3959 1038 4005 et
1079 3951 1359 4021 negligens
1395 3950 1607 4005 minuit.
1649 3950 1808 4004 Juxta
1850 3951 2007 4015 illud,

438 4042 579 4112 quod
624 4043 676 4096 in
714 4041 1021 4098 Proverbiis
1060 4041 1161 4098 sub
1201 4041 1374 4111 figura
1412 4040 1654 4096 mulieris
1691 4040 1928 4111 pulchrae
1955 4050 2010 4095 et

440 4135 580 4190 male
628 4145 851 4190 morata:
898 4135 1096 4189 dicitur
1129 4153 1142 4188 :
1176 4153 1195 4186 ι
1231 4133 1383 4189 Sicut
1431 4134 1635 4190 inauris
1683 4135 1736 4188 in
1789 4135 2011 4191 naribus

435 4240 611 4296 porcae
631 4267 645 4291 ,
676 4226 756 4281 sic
784 4225 996 4280 mulieri
1020 4224 1167 4280 male
1196 4233 1418 4284 morata:
1447 4225 1790 4294 pulchritudo
1819 4225 2004 4296 (Prov.

436 4335 488 4374 χι
512 4319 552 4390 ).
585 4337 602 4370 ι
630 4318 891 4388 Sequitur
919 4335 932 4371 :
973 4335 990 4369 ι
1016 4316 1074 4372 in
1103 4317 1312 4372 deliciis
1345 4318 1580 4387 paradisi
1624 4317 1717 4373 Dei
1761 4317 1947 4383 fuisti;
1982 4337 2000 4370 ι

433 4425 532 4480 pro
578 4424 685 4479 quo
733 4409 786 4463 in
835 4405 1102 4464 Hebraico
1153 4408 1384 4464 habetur
1428 4408 1483 4461 in
1535 4407 1719 4472 Eden,
1758 4412 1899 4477 quod
1953 4420 2006 4464 et

432 4499 707 4554 Ceneseos
750 4505 933 4552 narrat
974 4497 1217 4552 historia.
1261 4497 1409 4551 Eden
1451 4506 1630 4550 autem
1673 4498 1893 4551 vertitur
1955 4499 2009 4556 ίιι

2119 3321 2230 3362 sua:
2256 3307 2521 3364 foramina
2551 3321 2849 3381 praeparata
2879 3323 3034 3377 sunt,
3068 3316 3194 3385 quia
3240 3316 3486 3372 videlicet
3511 3333 3697 3387 capax

2116 3399 2400 3456 charitatis
2428 3411 2513 3456 est
2542 3404 2810 3469 conditus,
2829 3421 2934 3474 qua
2965 3407 3008 3460 si
3039 3407 3230 3477 repleri
3259 3408 3507 3463 voluisset
3531 3419 3699 3465 stan-

2117 3490 2259 3546 tibus
2305 3493 2523 3564 Angelis
2571 3502 2826 3565 tanquam
2863 3499 3052 3567 positis
3096 3500 3148 3553 in
3182 3502 3326 3570 regis
3369 3513 3703 3559 ornamento

2115 3577 2380 3648 lapidibus
2406 3582 2671 3652 potuisset
2695 3584 2976 3640 inhaerere.
3003 3585 3059 3640 Si
3082 3588 3226 3642 enim
3249 3589 3525 3644 cbaritatis
3546 3605 3702 3647 auro

2118 3686 2239 3726 sese
2289 3673 2676 3741 penetrabilem
2718 3675 3068 3744 praebuisset,
3109 3679 3309 3732 sanctis
3354 3679 3546 3749 angelis
3594 3695 3704 3737 so-

2113 3767 2287 3820 ciatus
2330 3767 2382 3820 in
2426 3778 2845 3834 ornamento,nt
2891 3769 3149 3838 diximus,
3169 3772 3317 3839 regio
3362 3771 3491 3840 lapis
3537 3770 3702 3830 ﬁxus

2114 3866 2374 3912 maneret.
2423 3857 2620 3912 Habuit
2660 3875 2788 3928 ergo
2829 3860 2965 3929 lapis
3008 3861 3108 3916 iste
3150 3861 3429 3927 foramina,
3454 3863 3541 3916 sed
3580 3879 3702 3931 per

2111 3948 2373 4015 superbia:
2411 3937 2630 4010 vitium,
2663 3950 2944 4004 charitatis
2989 3965 3118 4005 auro
3159 3966 3263 4005 non
3308 3961 3428 4006 sunt
3453 3951 3698 4020 repleta.

2110 4038 2243 4093 Nam
2282 4039 2406 4108 quia
2451 4039 2651 4093 idcirco
2688 4039 2923 4110 ligantur
2957 4055 3089 4093 auro
3124 4054 3192 4093 ne
3230 4041 3439 4106 cadant,
3470 4040 3699 4095 idcirco

2109 4130 2211 4185 iste
2252 4131 2486 4196 cecidit,
2534 4131 2657 4199 quia
2696 4131 2860 4185 etiam
2901 4129 3204 4200 perforatus
3244 4147 3403 4185 manu
3451 4131 3701 4190 artificis

2109 4222 2314 4276 amoris
2357 4221 2587 4276 vinculis
2621 4221 2774 4293 ligari
2805 4222 3143 4290 contempsit.
3185 4220 3336 4277 Nunc
3372 4232 3540 4277 autem
3569 4239 3702 4280 (:5-

2113 4313 2214 4368 teri
2246 4312 2479 4384 lapides,
2506 4313 2595 4382 qui
2626 4314 2751 4367 huic
2772 4313 3020 4367 similiter
3043 4312 3256 4368 fuerant
3277 4314 3525 4383 perforati
3545 4355 3557 4376 ,
3590 4331 3702 4385 pe-

2107 4412 2352 4457 netrante
2396 4417 2453 4458 se
2481 4403 2708 4457 invicem
2739 4402 3000 4458 charitate
3027 4403 3173 4472 ligati
3206 4415 3364 4470 sunt,
3393 4413 3546 4475 atque
3569 4407 3699 4466 hoc

2106 4492 2160 4544 in
2191 4507 2433 4557 munere,
2476 4493 2580 4547 isto
2617 4495 2862 4556 cadente,
2891 4502 3222 4558 meruerunt,
3252 4500 3312 4548 dt
3334 4510 3692 4564 nequaquam

429 4588 671 4653 delicias,
705 4599 758 4644 et
786 4587 1012 4658 pulchre
1040 4588 1108 4642 ad
1138 4588 1536 4643 distinctionem
1565 4588 1874 4657 paradisum
1905 4588 2000 4642 Dei

2126 4596 2209 4633 am
2233 4581 2298 4635 de
2315 4594 2632 4638 ornamento
2647 4585 2794 4655 regio
2817 4587 3056 4642 cadendo
3082 4588 3374 4643 solvantur.
3405 4586 3696 4661 (Ηίενοη.)

433 4681 700 4744 nominat,
733 4689 791 4735 ut
821 4679 1071 4760 ostendat
1097 4691 1217 4735 esse
1245 4687 1301 4734 et
1329 4680 1659 4734 contrarium
1687 4682 1999 4750 paradisum

433 4789 537 4827 non
568 4775 656 4828 Dei
690 4775 828 4844 apud
857 4790 951 4830 eos
990 4776 1083 4844 qui
1130 4776 1414 4831 veritatem
1445 4784 1657 4831 mutant
1686 4776 1997 4841 mendacio,

428 4872 483 4914 ct
509 4863 814 4930 paradisum
857 4863 1056 4919 habere
1096 4880 1155 4920 se
1189 4865 1416 4936 jactant.
1457 4866 1575 4933 Quo
1615 4881 1866 4923 sermone
1910 4867 2002 4921 de-

428 4961 693 5007 monstrat
721 4967 1057 5023 nequaquam
1087 4955 1362 5010 hominem
1392 4969 1512 5010 esse
1543 4956 1608 5011 de
1653 4971 1761 5026 quo
1802 4955 1997 5010 Scribi-

433 5053 538 5106 tur,
566 5042 659 5096 sed
691 5043 1014 5097 contrariam
1058 5042 1456 5110 fortitudinem,
1487 5059 1608 5114 qua:
1637 5045 1908 5114 quondam
1940 5045 1994 5098 in

429 5132 521 5189 Dei
565 5135 813 5204 paradiso
852 5146 1181 5190 commorata
1226 5137 1330 5201 sit,
1374 5137 1500 5191 licet
1540 5136 1709 5192 Judaei
1752 5138 1854 5193 hoc
1899 5153 1996 5206 per

432 5223 613 5302 τρόπον
633 5265 647 5291 ,
677 5225 769 5295 qui
799 5226 1094 5296 appellatur
1121 5227 1471 5300 ὑπερϐολήνάϐ
1502 5226 1684 5282 Hiram
1715 5243 1840 5299 rege
1867 5229 1995 5299 Tyri

425 5315 692 5368 .estimant
729 5315 1056 5384 pr0phetari.
1101 5315 1198 5370 Cui
1239 5324 1419 5370 autem
1458 5317 1653 5372 dicitur
1681 5335 1694 5371 :
1728 5335 1746 5369 ι
1777 5317 1834 5373 In
1865 5319 1996 5374 deli-

425 5402 522 5456 ciis
550 5402 785 5470 paradisi
830 5402 925 5456 Dei
965 5401 1143 5467 fuisti,
1175 5423 1194 5456 ι
1222 5405 1335 5459 sive
1387 5403 1560 5459 factus
1597 5421 1688 5470 es,
1729 5389 1858 5476 quid
1898 5409 1994 5462 ha-

428 5493 602 5546 buerit
629 5492 881 5557 ostendit,
911 5492 1106 5560 quidve
1132 5493 1445 5562 perdiderit.
1472 5494 1671 5566 (στερη
1700 5495 1790 5548 lib.
1820 5513 1991 5552 χχχιιι

425 5581 589 5646 Man,
613 5597 659 5633 c.
689 5580 758 5635 Si
782 5593 830 5636 et
851 5581 981 5652 25.)
1009 5581 1188 5638 Primo
1209 5586 1374 5639 verbo
1393 5600 1498 5653 quo
1527 5587 1602 5639 ait
1628 5603 1640 5638 :
1669 5585 1776 5640 «Tu
1808 5586 1990 5656 signa-

423 5671 599 5726 culum
644 5672 1039 5737 similitndinis,
1069 5692 1087 5724 ι
1119 5683 1311 5728 cuncta
1356 5675 1667 5743 complexus
1705 5683 1816 5736 est,
1863 5675 1991 5743 quid

425 5775 652 5833 namque
680 5763 799 5817 boni
833 5777 935 5817 non
968 5763 1185 5827 habuit,
1219 5763 1308 5831 qui
1340 5763 1670 5832 signaculum
1703 5763 1795 5816 Dei
1837 5764 1989 5817 simi-

2101 4670 2270 4726 Porro
2290 4675 2430 4742 quod
2455 4675 2767 4752 habitationi
2787 4678 3016 4746 paradisi
3039 4679 3338 4750 cepulatur,
3361 4698 3378 4730 ι
3401 4679 3570 4732 omnis
3603 4679 3699 4734 la-

2100 4763 2183 4832 pis
2207 4765 2492 4832 pretiosus,
2509 4767 2902 4836 Operimentum'
2918 4777 3088 4835 tuum,
3114 4789 3133 4822 ι
3160 4770 3272 4826 sive
3296 4770 3555 4839 colligatio
3584 4779 3696 4828 tua

2101 4863 2157 4909 et
2182 4855 2565 4923 circumdalio,
2596 4859 2807 4914 sardius
2829 4901 2843 4924 ,
2873 4861 3116 4931 fopazius
3146 4861 3416 4931 etjaspis,
3444 4861 3696 4932 chryso-

2103 4945 2268 5001 lithns
2315 4955 2370 5002 et
2414 4962 2557 5018 onyx
2583 4959 2638 5004 et
2665 4949 2904 5013 berillus,
2933 4952 3239 5020 sapphirus,
3273 4959 3326 5006 et
3365 4950 3692 5008 carbuncu-

2102 5041 2204 5105 lus,
2265 5043 2606 5112 smaragdus,
2651 5044 2750 5098 hoc
2789 5044 3179 5098 observandum
3221 5054 3332 5110 est,
3397 5058 3500 5099 non
3522 5047 3693 5103 omni

2105 5132 2278 5201 lapide
2304 5134 2540 5201 pretioso
2568 5149 2746 5204 regem
2779 5134 2903 5203 Tyri
2933 5133 3098 5189 fuisse
3127 5135 3525 5198 circundatum,
3552 5135 3696 5193 sive

2101 5230 2361 5290 opertum,
2382 5232 2455 5287 et,
2476 5233 2534 5276 ut
2556 5223 2908 5292 Symmachus
2934 5224 3228 5290 transtulit,
3251 5225 3483 5278 vinctum
3506 5231 3694 5294 atque

2101 5315 2450 5368 constrictum
2480 5332 2492 5367 :
2520 5315 2611 5368 sed
2633 5329 2844 5368 omnem
2873 5313 3124 5382 lapidem,
3146 5329 3304 5382 quem
3330 5313 3514 5369 habuit
3558 5327 3691 5371 non

2101 5407 2350 5476 princeps
2378 5407 2507 5477 Tyri
2537 5405 2701 5460 fuisse
2727 5409 3045 5474 pretiosum.
3084 5405 3333 5473 Alioquin
3363 5403 3512 5458 multi
3543 5416 3692 5461 sunt

2103 5495 2320 5565 pretiosi
2370 5497 2608 5563 lapides,
2656 5511 2789 5564 quos
2852 5495 2904 5548 in
2948 5496 3199 5564 praesenti
3245 5495 3362 5548 loco
3393 5493 3691 5561 Scriptum

2105 5588 2390 5642 nominat:
2423 5586 2832 5649 Chalcedonius,
2884 5583 3195 5655 Sardonyx,
3245 5583 3692 5651 Chrysoprasus,

2103 5676 2467 5746 Hyacinthus,
2511 5674 2832 5744 Crystallnm
2875 5689 3089 5742 quoque
3125 5682 3179 5730 et
3218 5671 3692 5741 pretiosissimum

2100 5768 2479 5836 margaritum;
2512 5768 2602 5821 sed
2631 5776 2686 5819 ct
2710 5764 2899 5834 Aquila
2926 5775 2980 5818 et
3009 5763 3364 5834 Symmachus
3408 5776 3470 5816 ac
3498 5757 3697 5819 Thc'o-
