3936 6352
143 414 239 471 τειο

1062 411 1412 469 COMMENT.
1450 405 1517 468 IN
1554 412 2001 471 EZEClllELEM.
2041 446 2107 457 —-
2145 414 2273 469 LIB.
2317 414 2381 470 XI

3269 415 3369 476 790

139 528 285 584 dotio
322 529 376 583 in
411 528 663 598 prmscnti
698 527 817 583 loco
852 528 1078 584 multum
1120 538 1176 583 et
1202 529 1343 583 inter
1366 543 1455 593 se,
1482 536 1535 584 et
1575 528 1716 583 inter
1741 540 1787 597 Α
1818 529 2049 601 Spiritus
2086 529 2255 585 sancti
2286 526 2469 600 (Zaclr.
2496 528 2597 599 ιιι).
2632 530 2771 599 Lege
2816 528 3030 585 lsaiam;
3056 530 3121 584 Et
3155 531 3373 602 ponitur

141 620 492 691 Septuaginta
536 620 855 691 interpretes
900 636 1005 675 non
1047 620 1221 675 solum
1257 620 1478 685 ordine,
1518 621 1612 675 sed
1653 627 1709 675 ct

142 728 368 768 numero
394 712 889 785 discrepant‘atque
928 714 1252 771 nominibus.
1291 714 1351 769 ιιι
1388 713 1708 784 Apocalypsi

141 816 355 872 quoque
388 799 611 857 Joannis
634 801 834 872 (Apoc.
859 802 1013 874 nr),
1037 803 1127 865 ubi
1167 803 1234 859 de
1273 802 1410 858 vivis
1449 802 1712 872 lapidibus

139 890 473 946 Hierusalem
502 898 771 946 exstructa
790 900 1139 959 memoratur,
1156 892 1429 963 paululum
1454 892 1508 946 in
1532 900 1713 947 extre-

141 981 246 1035 mis
272 982 514 1051 partibus
534 981 721 1035 ordine
746 988 1072 1035 commutato
1088 975 1248 1036 iidei'n
1275 982 1327 1035 in
1353 979 1712 1034 fundamentis

140 1068 257 1138 ejus
296 1079 566 1139 ponuntur
607 1069 826 1140 lapides,
871 1071 943 1125 ita
983 1080 1043 1126 ut
1082 1081 1250 1143 porta:
1291 1070 1432 1125 illius
1472 1069 1711 1141 crystalli

138 1158 347 1213 lumine
372 1160 681 1214 scribantur
707 1160 1028 1216 mdillcatm:
1070 1161 1164 1216 sed
1200 1160 1251 1214 in
1288 1168 1507 1231 pectore
1544 1160 1714 1230 ponti-

142 1248 262 1304 tlcis
284 1264 383 1320 per
408 1258 641 1319 quatuor
674 1250 891 1305 ordines
928 1251 982 1305 in
1018 1251 1269 1307 rationali
1310 1252 1473 1306 iidem
1509 1244 1713 1321 lapides

139 1340 523 1396 describuntur
547 1340 566 1413 (
581 1340 749 1395 Exod.
771 1357 939 1395 xxvm
957 1340 999 1412 ).
1029 1342 1093 1397 Et
1120 1342 1175 1397 in
1200 1342 1442 1397 humeris
1463 1338 1579 1408 ejus
1604 1341 1708 1396 duo

139 1430 347 1501 lapides
374 1432 625 1503 onychini
654 1432 707 1486 in
736 1432 929 1503 quibus
966 1434 1244 1490 duodecim
1283 1434 1711 1503 patriarcharum

140 1522 349 1590 scripta
391 1530 516 1575 sunt
562 1522 782 1576 nomina
825 1538 960 1593 quos
1002 1539 1163 1579 verus
1204 1523 1443 1594 pontifex
1493 1525 1559 1580 de
1602 1540 1710 1594 quo

142 1610 408 1681 scriptum
442 1618 525 1682 est
550 1624 567 1664 :
594 1628 613 1662 ι
643 1611 722 1665 Tu
749 1624 809 1667 es
836 1612 1091 1668 sacerdos
1122 1614 1177 1668 in
1219 1622 1479 1669 mternum
1518 1629 1711 1669 secun-

142 1704 275 1760 dum
314 1703 555 1758 ordinem
592 1703 981 1761 Melchisedech
1010 1705 1201 1777 (Ρωι.
1227 1708 1423 1779 cxlx),
1449 1718 1631 1778 portat
1659 1710 1710 1764 in

139 1802 398 1876 pectore,
424 1800 607 1861 portat
630 1792 683 1847 in
713 1794 983 1861 humeris,
1016 1804 1075 1850 ut
1109 1797 1163 1851 in
1197 1797 1479 1853 duodecim
1521 1798 1712 1869 lapidi-

1810 636 1909 692 per
1943 622 2241 692 apostolum
2288 620 2507 675 Paulum
2552 620 2603 692 (1
2650 620 2772 700 Qor.
2817 622 2917 693 ιιι)
2940 623 2993 676 in
3029 622 3374 677 fundamento

1812 713 2064 769 Ecclesia;
2107 726 2268 781 super
2310 725 2418 781 quo
2443 711 2794 782 aedificentur,
2840 728 3054 779 aurum,
3093 722 3373 782 argentum

1810 800 2015 872 lapides
2062 803 2283 874 pretiosi
2311 817 2326 855 :
2354 816 2583 872 quorum
2623 800 2833 858 colores
2870 811 3294 872 atque-naturas
3321 810 3375 856 et

1810 890 2123 947 etlieientias
2150 891 2519 962 singulorum;
2544 906 2655 947 non
2680 900 2763 947 est
2800 891 2959 961 hujus
2986 893 3243 962 temporis
3265 892 3376 946 dis-

1811 995 1950 1048 sere,
1989 982 2083 1036 sed
2125 983 2401 1052 proprium
2448 981 2696 1037 volumen
2743 983 3068 1055 desiderant,
3102 982 3173 1040 ita
3208 989 3266 1036 ut
3299 982 3393 1045 in

1811 1073 2059 1129 Ezechiel
2085 1082 2140 1129 et
2176 1074 2229 1128 in
2273 1073 2543 1130 Exodo.et
2584 1073 2640 1127 in
2667 1072 3098 1145 Apocalypsi,_et
3141 1073 3194 1127 in
3235 1071 3375 1144 lania,

1812 1165 1913 1220 sibi
1963 1180 2150 1221 omnes
2191 1164 2407 1234 lapides,
2457 1172 2511 1219 et
2550 1163 2784 1234 lapidum
2811 1165 3028 1221 ordines
3055 1162 3374 1233 comparati,

1814 1269 2060 1324 magnam
2089 1264 2143 1309 et
2162 1254 2354 1323 legenti
2381 1264 2435 1308 et
2459 1253 2743 1308 disserenti
2773 1253 2970 1307 faciant
3002 1253 3371 1322 qnmstioncm.

1818 1363 1837 1397 ι
1874 1345 1953 1400 Tu
1980 1343 2216 1409 Cherub,
2245 1343 2439 1413 inquit,
2462 1352 2710 1398 extentus
2738 1350 2793 1397 et
2812 1350 3097 1411 protegens
3117 1341 3169 1394 in
3194 1349 3375 1410 monte

1812 1446 1999 1492 sancto
2028 1436 2121 1490 Dei
2175 1435 2227 1490 iu
2279 1434 2738 1507 mediolapidum
2773 1433 3058 1504 ignitornm
3106 1431 3375 1503 perfectus

1813 1521 2117 1578 ambulasti.
2155 1539 2173 1573 ι
2216 1518 2393 1591 (Greg.
2418 1536 2533 1589 cap.
2564 1520 2649 1595 cit.
2672 1528 2720 1572 et
2750 1533 2817 1571 xx
2830 1516 2921 1589 ﬂ.)
2946 1516 3156 1595 Cberub
3181 1511 3376 1592 quippe

1812 1612 2087 1683 plenitudo
2138 1611 2375 1666 scientia:
2422 1611 2833 1690 interpretatur,
2866 1625 2883 1687 ε.
2927 1618 2981 1662 et
3035 1608 3235 1673 idcirco
3276 1607 3377 1671 iste

1810 1702 2024 1757 Cherub
2052 1701 2271 1767 dicitur,
2315 1699 2407 1769 qui
2442 1698 3110 1777 transcendissetcunctos
3138 1694 3373 1780 scientia

1813 1807 1919 1846 non
1969 1791 2243 1847 dubitatur
2290 1808 2302 1843 :
2344 1789 2436 1858 qui
2490 1789 2544 1843 in
2592 1790 2767 1867 medio
2806 1789 3106 1861 ,ignitorum
3136 1787 3370 1871 lapidum

138 1882 242 1937 bus
276 1882 653 1952 Apostolorum
688 1894 1005 1953 numerum,
1034 1894 1088 1940 et
1111 1886 1167 1940 in
1193 1887 1402 1943 duobus
1431 1889 1708 1959 utriusque
1737 1886 1783 1944 B
1808 1879 2080 1950 perfectus
2129 1878 2443 1957 αῐηῦυιθνίιν
2483 1878 2621 1957 ,(ιιξίξ
2672 1878 2813 1958 ίβῑθν
2859 1876 3167 1948 ant-5810mm
3207 1876 3370 1959 ῳτάει

138 1970 475 2025 Tcstamenti
505 1967 839 2027 saeramenta
886 1972 1237 2029 demonistret.
1287 1974 1525 2042 Quor-um
1570 1992 1708 2032 unus

136 2058 378 2115 Joannes
425 2061 763 2131 Evangelista
810 2062 1056 2118 recubuit
1099 2064 1154 2117 in
1198 2072 1419 2134 pectore
1460 2065 1609 2136 ejus,
1650 2075 1711 2121 ut

137 2152 383 2209 hauriret
405 2151 600 2208 fluenta
626 2153 899 2223 sapientia:
924 2162 978 2210 et
1003 2163 1181 2224 posset
1206 2155 1385 2211 dicere
1411 2174 1424 2209 :
1451 2173 1469 2207 ι
1488 2155 1547 2210 in
1569 2157 1712 2226 prin-

137 2241 287 2311 cipio
310 2250 429 2297 erat
458 2242 686 2296 Verbum
705 2282 721 2308 ,
758 2251 813 2298 et
838 2243 1069 2299 Verbum
1106 2253 1223 2299 erat
1258 2245 1397 2314 apud
1434 2246 1629 2310 Deum,
1655 2255 1710 2301 et

138 2332 285 2391 Deus
306 2341 425 2388 erat
446 2331 679 2387 Verbum
698 2372 713 2398 ,
745 2333 852 2389 hoc
868 2342 987 2387 erat
1012 2334 1063 2388 in
1091 2334 1356 2404 principio
1376 2336 1514 2404 apud
1543 2336 1709 2390 Deum

138 2421 330 2492 (Joan.
352 2421 445 2493 1).»
472 2421 565 2477 Isti
589 2430 715 2476 sunt
742 2424 847 2478 vivi
876 2423 1180 2493 lapides,de
1204 2424 1397 2493 quibus
1418 2422 1713 2478 mdifleatur

136 2512 405 2578 Ecclesia,
444 2522 500 2569 et
527 2514 591 2568 de
614 2515 809 2585 quibus
836 2516 1025 2571 scribit
1054 2515 1326 2585 apostolus
1356 2515 1546 2571 Petrus
1570 2534 1583 2571 :
1611 2512 1708 2571 ι·ὃί

136 2603 452 2658 credidistis
481 2603 605 2673 quia
626 2605 806 2660 suavis
825 2605 1083 2660 Deminus
1113 2605 1179 2659 ad
1200 2620 1357 2675 quem
1392 2607 1708 2661 accedentes

137 2691 375 2761 lapidem
418 2692 705 2759 viventem,
729 2695 798 2749 ab
842 2694 1151 2749 hominibus
1197 2694 1413 2764 quidem
1459 2698 1713 2765 reproba-

138 2791 289 2844 tum,
336 2797 367 2837 a
410 2782 520 2838 Deo
559 2793 739 2839 autem
774 2784 1039 2851 electum,
1078 2786 1469 2852 honorabilem,
1523 2796 1577 2842 et
1612 2788 1711 2856 ipsi

135 2871 281 2925 sicut
307 2870 507 2940 lapides
523 2871 761 2928 viventes
785 2873 1124 2928 :edificamini
1147 2874 1337 2930 domus
1362 2875 1630 2944 spiritales
1658 2876 1711 2930 in

138 2961 505 3017 sacerdotium
558 2974 802 3019 sanetum
831 3004 847 3030 ,
900 2963 1096 3020 oﬂ‘erre
1144 2965 1413 3035 spiritales
1465 2968 1713 3022 victimas

138 3052 417 3123 placentes
462 3054 569 3109 Deo
616 3069 713 3123 per
756 3053 940 3110 Jesum
981 3056 1256 3112 Christum
1306 3056 1380 3129 (I
1408 3056 1523 3113 Pet.
1557 3058 1656 3130 ιι).
1688 3079 1706 3112 ι

138 3143 406 3210 Quoniam
447 3145 580 3201 dicit
602 3145 882 3227 Scriptura
911 3165 924 3202 :
959 3165 979 3199 ι
1012 3149 1149 3205 Ecce
1174 3163 1370 3219 ponam
1400 3151 1453 3205 in
1480 3150 1608 3206 Sion
1636 3151 1713 3206 la-

137 3237 321 3308 pidem
348 3238 656 3311 angularem
676 3280 691 3303 ,
717 3241 943 3297 electum
961 3281 976 3307 ,
1022 3242 1317 3310 pretiosum
1334 3283 1349 3308 ,
1376 3251 1431 3297 et
1466 3233 1555 3313 qui
1595 3259 1715 3300 cre-
1741 3256 1785 3317 ο

138 3328 217 3382 dit
243 3327 303 3383 in
330 3342 395 3383 eo
424 3344 529 3382 non
558 3329 914 3385 confundetur
943 3328 1077 3402 (Isa.
1105 3347 1275 3387 xxvm
1294 3331 1374 3403 )J
1407 3332 1580 3402 Super
1608 3348 1714 3404 quo

138 3424 191 3468 et
224 3415 345 3472 Vas
377 3416 660 3473 electionis
704 3419 820 3487 pari
858 3433 989 3474 voce
1021 3420 1289 3475 consentit
1313 3420 1535 3476 dicens:
1565 3440 1583 3473 ι
1614 3421 1715 3477 Su-

137 3504 491 3575 pemditica'ti
520 3506 573 3561 in
600 3506 949 3563 fundamento
993 3509 1356 3579 apostolorum
1392 3518 1446 3565 et
1482 3496 1713 3579 prophe-

143 3608 321 3653 tarum
344 3638 367 3663 ,ν
401 3598 517 3668 ipso
556 3599 801 3670 angulari
845 3599 1021 3670 lapide
1057 3600 1274 3675 Christo
1315 3600 1444 3657 Jesu
1488 3603 1716 3658 Domino

142 3699 352 3755 nostro,
380 3692 432 3745 in
458 3707 563 3762 quo
588 3694 763 3749 omnis
786 3690 1071 3749 rediﬁcatio
1100 3704 1409 3749 constructa
1436 3696 1631 3771 crescit
1661 3696 1715 3750 in

140 3781 403 3851 templum
430 3789 673 3837 sanctum
703 3782 796 3837 Dei
826 3782 844 3853 (
870 3782 1059 3851 Epltes.
1090 3784 1189 3855 ιι).
1223 3804 1241 3837 ι
1270 3784 1334 3838 1Ιί
1361 3794 1487 3840 sunt
1513 3784 1715 3854 lapides

139 3872 206 3929 de
239 3873 440 3941 quibus
474 3880 530 3927 et
565 3873 618 3926 in
655 3873 760 3927 alio
787 3874 903 3928 loco
929 3874 1159 3944 legimus
1187 3893 1199 3929 :
1235 3893 1253 3926 ι
1282 3874 1513 3943 Lapides
1539 3875 1713 3930 sancti

141 3961 431 4017 volvuntur
455 3976 613 4031 super
639 3970 837 4017 terram
868 3962 1037 4017 instar
1060 3971 1299 4018 rotarum
1326 3963 1513 4035 (Zach.
1537 3963 1663 4037 1x);
1689 3983 1708 4015 ι

141 4052 423 4124 paululum
464 4061 744 4124 tangentes
780 4054 1035 4121 humum,
1074 4063 1129 4111 et
1153 4056 1490 4111 volubilitate
1516 4072 1612 4111 sua
1646 4057 1715 4111 ad

139 4144 387 4199 emlcstia
416 4142 750 4200 festinantes.
778 4144 855 4200 De
881 4148 1074 4216 quibus
1100 4156 1153 4202 et
1181 4148 1456 4217 Scriptura
1480 4164 1716 4205 commc—

142 4242 341 4288 morat:
356 4253 374 4283 ‹
384 4234 521 4289 Ecce
534 4249 633 4305 ego
646 4249 887 4305 prmparo
901 4236 1285 4292 carbunculum
1300 4236 1526 4305 lapidem
1544 4247 1632 4290 tnu
1642 4252 1717 4303 ιιι,

140 4333 195 4380 et
212 4321 565 4400 fundamenta
589 4331 677 4378 tua
690 4325 1019 4393 sapphirum,
1036 4334 1091 4380 et
1102 4341 1295 4395 ponam
1313 4327 1713 4397 propugnacula

143 4422 230 4471 tua
251 4413 541 4484 iaspidem,
554 4422 609 4469 et
626 4424 811 4486 portas
827 4410 944 4471 iuas
959 4416 1132 4487 lapide
1146 4418 1414 4488 crystallo,
1433 4428 1487 4473 et
1500 4436 1713 4477 murum

144 4516 297 4559 tuum
320 4505 586 4573 lapidibus
615 4506 804 4562 electis
821 4547 842 4570 ,
862 4515 916 4563 et
941 4523 1129 4563 omnes
1157 4508 1294 4564 filios
1322 4517 1442 4565 tuos
1469 4510 1657 4566 doctos
1684 4526 1711 4564 a

1808 1971 2090 2027 charitatis
2141 1953 2264 2041 igne
2313 1953 2570 2025 succensa
2605 1953 2783 2023 clarus
2833 1967 3003 2037 gloria
3052 1957 3374 2047 conditionis

1807 2062 2008 2117 extitit.
2044 2061 2212 2129 Quem
2243 2058 2379 2114 bene
2412 2065 2689 2114 extentum
2719 2064 2774 2113 et
2801 2063 3165 2137 protegentem
3196 2054 3326 2109 dicit
3357 2068 3372 2107 :

1808 2152 1977 2208 Omne
1996 2151 2139 2205 enim
2176 2150 2316 2220 quod
2350 2150 2547 2204 extenti
2582 2148 2928 2219 protegimus,
2968 2148 3369 2202 obumbramus.

1808 2222 1902 2295 Et.
1938 2239 2064 2310 quia
2108 2238 2561 2307 comparationem
2606 2236 2866 2293 claritatis
2904 2251 3014 2291 sua:
3059 2224 3373 2291 caeterornm

1808 2328 2105 2383 claritatem
2128 2327 2475 2382 obumbrasse
2493 2325 2743 2390 creditur,
2760 2327 2874 2397 ipse
2896 2334 3145 2382 extentus
3167 2335 3222 2381 et
3246 2320 3373 2396 pro-

1810 2426 1994 2486 tegens
2019 2417 2181 2472 fuisse
2208 2418 2547 2491 perhibetur;
2587 2416 2821 2488 reliquos
2843 2417 2984 2471 enim
3010 2406 3161 2487 quasi
3188 2418 3371 2489 obum-

1810 2507 2015 2562 brando
2044 2508 2277 2577 operuit,
2302 2509 2427 2577 quia
2447 2523 2633 2563 eorum
2657 2507 3076 2578 magnitudinem
3105 2507 3375 2562 excellen-

1814 2598 1886 2652 tia
1920 2597 2123 2667 majore
2151 2597 2500 2652 transcendit.
2537 2588 2690 2665 Quod
2730 2612 2857 2668 ergo
2880 2596 2992 2661 illic
3013 2582 3289 2675 speciosus
3315 2596 3370 2673 in

1811 2684 1993 2742 multis
2018 2686 2314 2753 frondibus,
2338 2687 2480 2756 quod
2501 2686 2608 2742 illic
2633 2686 2963 2760 signaculum
2984 2676 3373 2753 similitudinis,

1812 2779 1953 2847 quod
1979 2778 2085 2833 illie
2105 2775 2337 2844 Cherub’,
2361 2778 2501 2849 quod
2525 2778 2634 2834 illic
2653 2788 2938 2850 protegens
2958 2780 3173 2851 dicitur,
3196 2780 3295 2857 hoc
3314 2775 3383 2857 in

1810 2866 1911 2923 Job
1932 2883 2063 2923 voce
2092 2868 2364 2923 Dominica
2382 2868 2673 2923 Bebemoth
2704 2868 2804 2941 ἱειθ
2828 2865 3038 2922 viarum’
3057 2858 3151 2923 Dei
3178 2852 3377 2943 prima?

1812 2958 1959 3029 pium
1991 2956 2212 3022 vocatur
2241 2958 2381 3033 (Job.
2426 2957 2537 3030 ιι).
2589 2956 2666 3012 De
2715 2973 2822 3028 quo
2850 2956 3061 3033 idcirco
3105 2945 3213 3037 tam
3242 2958 3385 3037 niira‘

1813 3050 1867 3103 in
1915 3048 2110 3119 quibus
2144 3047 2245 3102 fuit
2272 3032 2528 3117 etquam
2563 3046 2745 3112 amisit
2773 3044 3026 3113 insinuat,
3078 3032 3145 3102 ‘ut
3189 3032 3377 3102 territo

1813 3140 2019 3194 homini
2066 3137 2315 3194 ostendat
2349 3138 2505 3207 quod
2531 3138 2646 3208 ipse
2670 3137 2714 3192 si
2755 3126 3027 3211 superbiat
3050 3135 3378 3215 deelationis

1815 3246 1927 3286 suae
1955 3230 2108 3300 culpa
2136 3244 2392 3300 passurus
2418 3228 2507 3295 sit,
2553 3229 2598 3284 si
2635 3229 2874 3284 feriendo
2900 3225 2973 3309 illi
3021 3216 3261 3301 'parc‘ere
3282 3230 3377 3301 np-

1816 3322 1934 3389 lnit,
1970 3338 2128 3392 quem
2157 3323 2388 3377 creando
2413 3323 2465 3376 in
2504 3322 2668 3393 gloria
2708 3330 2869 3375 tanta:
2900 3314 3161 3379 claritatis
3184 3316 3378 3393 eleva-

1817 3414 1910 3469 vit.
1936 3412 2253 3471 Consideret
2279 3429 2407 3484 ergo
2437 3415 2615 3479 homo,
2653 3415 2781 3487 quid
2806 3414 2979 3469 elatus
3006 3415 3058 3467 in
3093 3406 3245 3495 terra
3262 3410 3372 3495 me;

1815 3515 2015 3569 reatur,
2048 3506 2092 3561 si
2118 3515 2174 3561 et
2199 3506 2449 3575 prmlatus
2488 3506 2712 3578 angelis,
2747 3506 2970 3576 angelus
3011 3507 3065 3561 in
3094 3489 3376 3586 cmlo‘p'ro-

1815 3598 2094 3655 sternitur.
2135 3597 2287 3654 Unde
2339 3608 2394 3654 et
2440 3599 2573 3653 bene
2627 3613 2723 3669 per
2761 3598 3072 3668 prophetam
3138 3599 3370 3675 dicitur:

1820 3706 1839 3741 ‹
1874 3688 2171 3743 Inebriatus
2197 3697 2281 3743 est
2307 3688 2360 3743 in
2387 3687 2523 3745 caelo
2544 3687 2751 3757 gladius
2770 3704 2918 3743 meus
2948 3687 3079 3760 (Ira.
3105 3689 3289 3762 χχχιι)
3311 3708 3324 3756 ;
3350 3711 3367 3743 ι

1814 3793 1877 3833 ac
1896 3779 1939 3833 si
1970 3787 2153 3849 aperte
2181 3778 2384 3832 diceret
2411 3795 2423 3830 :
2450 3793 2554 3848 qua
2575 3778 2654 3832 ira
2677 3777 2866 3833 feriam
2893 3781 3151 3849 superbos
3176 3788 3329 3853 terra:
3353 3821 3369 3845 ,

1811 3867 2144 3939 perpendite,
2198 3866 2243 3922 si
2291 3867 2435 3935 ipsos
2483 3867 2646 3921 etiam
2698 3883 2833 3937 quos
2864 3868 2916 3923 in
2948 3868 3083 3924 ccelo
3101 3868 3255 3939 juxta
3288 3887 3374 3924 me

1812 3958 2025 4012 condidi
2078 3972 2188 4027 pra:
2227 3956 2475 4015 elationis
2514 3959 2644 4013 vitio
2688 3967 2967 4028 percutere
3002 3977 3107 4019 non
3136 3962 3371 4031 peperci.

1814 4046 2085 4119 (Ηὶενοιι.)
2111 4047 2280 4102 Porro
2305 4048 2445 4117 quod
2471 4048 2664 4103 dicitur
2680 4046 2835 4125 juxta
2867 4049 3183 4106 Hebraicum
3210 4069 3264 4105 ε(
3295 4051 3376 4106 Tu

1813 4136 2015 4192 cherub
2058 4145 2306 4192 extentus
2334 4144 2390 4193 et
2420 4147 2723 4208 protegens,
2784 4159 2803 4192 ι
2847 4132 3161 4215 subauditur
3190 4134 3374 4196 arcam

1814 4224 1906 4279 Dei
1941 4233 1996 4281 et
2033 4227 2491 4296 propitiatorium,
2513 4228 2599 4282 vel
2639 4226 2794 4298 juxta
2840 4216 3185 4300 Septuaginta
3234 4230 3375 4300 quod

1814 4313 1928 4382 ipse
1964 4330 2097 4370 'cum
2145 4317 2348 4372 cherub
2398 4326 2592 4374 unctus
2630 4308 2712 4373 “sit
2771 4327 2825 4374 et
2882 4329 3113 4375 creatus.
3164 4318 3241 4375 Ex
3270 4338 3377 4391 quo

1813 4405 2117 4460 ostenditur
2154 4408 2221 4462 ad
2254 4408 2523 4462 hominem
2564 4410 2711 4464 urbis
2739 4404 2913 4481 Tyriae
2938 4407 3229 4481 principem
3274 4412 3377 4467 hdc

1814 4496 2083 4565 pertinere
2127 4514 2230 4552 non
2281 4514 2459 4567 posse,
2507 4500 2599 4553 sed
2635 4500 2701 4554 ad
2747 4508 2985 4554 sanctam
3016 4502 3283 4569 quondam
3320 4513 3377 4556 et

145 4592 275 4657 Deo,
297 4602 353 4647 et
371 4595 421 4650 in
451 4593 613 4651 multa
643 4610 773 4665 pace
800 4595 1077 4675 filiostnos
1096 4605 1152 4651 et
1171 4598 1225 4652 in
1246 4596 1710 4665 justitia‘mdiflca—

1816 4572 2139 4663 praecipuam
2166 4589 2554 4655 fortitudinem,
2585 4606 2703 4661 quae
2745 4592 2894 4645 urbis
2927 4592 3101 4662 Tyriae
3129 4594 3375 4665 princeps

145 4684 290 4738 beris
317 4682 462 4753 (Ira.
486 4682 626 4753 LIV).
651 4704 668 4736 ι
696 4682 869 4753 Super
894 4701 1007 4755 quo
1025 4687 1153 4755 quid
1178 4687 1330 4743 nobis
1358 4689 1629 4743 videretur
1658 4690 1713 4743 in

143 4770 388 4840 ejusdem
413 4770 688 4840 propheta:
710 4787 772 4828 ex
794 4773 1188 4842 plauationibus
1219 4773 1472 4831 diiimus.
1508 4777 1582 4832 De
1615 4778 1715 4833 liu-

130 4859 437 4927 juscemodi
456 4862 721 4931 lapidibus
740 4870 797 4917 et
813 4864 1097 4920 vicesimus
1119 4866 1516 4937 psalmuscanit
1542 4886 1554 4921 :
1578 4888 1595 4920 ι
1618 4870 1716 4925 Do-

146 4950 310 5015 mine,
340 4951 395 5005 in
420 4952 617 5006 virtute
653 4960 741 5006 tua
770 4952 1035 5009 laetabitur
1066 4970 1179 5022 rex,
1202 4965 1257 5012 et
1293 4973 1453 5028 super
1477 4959 1715 5016 salutare

147 5049 299 5099 tuum
335 5041 597 5096 exultabit
620 5043 990 5101 vehementer.
1019 5046 1347 5102 Desiderium
1375 5049 1567 5104 animae
1595 5052 1711 5121 ejus

146 5129 383 5183 tribuisti
427 5129 498 5192 ei,
531 5140 585 5184 et
626 5130 896 5187 voluntate
949 5126 1211 5205 labiorum
1263 5135 1382 5205 ejus
1416 5154 1521 5193 non
1567 5139 1712 5193 frau—

146 5218 287 5273 dasti
314 5234 456 5272 eum.
492 5219 755 5289 Quoniam
781 5224 1089 5292 praevenisti
1108 5240 1230 5280 eum
1261 5226 1313 5280 in
1338 5227 1711 5286 benedictione

148 5306 464 5373 dulcedinis,
491 5310 716 5378 posuisti
746 5310 798 5365 in
833 5312 1009 5382 capite
1030 5312 1146 5382 ejus
1167 5330 1422 5371 coronam
1449 5318 1515 5373 de
1537 5318 1712 5389 lapide

148 5396 405 5467 pretioso.
462 5415 482 5449 ι
516 5397 634 5451 istm
689 5409 816 5453 sunt
867 5403 1171 5473 margarita
1226 5406 1609 5474 prophetarum
1658 5415 1715 5461 et

151 5485 535 5553 apostolorum,
572 5502 691 5555 qua:
733 5492 1136 5559 comparatione
1161 5492 1360 5549 Christi
1392 5510 1579 5551 omnes
1617 5512 1710 5550 ve-

152 5573 459 5627 nundantur
482 5574 533 5627 in
564 5574 869 5647 Evangelio,
918 5587 974 5632 ut
1004 5588 1216 5635 ematur
1255 5582 1707 5651 pretiosissimum

152 5661 539 5732 margaritum,
578 5673 639 5718 et
690 5665 823 5735 lapis
895 5669 958 5722 de
1010 5684 1114 5738 quo
1156 5671 1447 5726 Zacharias
1502 5673 1709 5739 scribit,

153 5748 293 5817 quod
330 5759 532 5818 septem
569 5752 760 5807 habeat
798 5755 1002 5831 oculos,
1047 5758 1097 5811 id
1132 5767 1236 5821 est,
1266 5767 1468 5827 septem
1515 5762 1715 5825 gratias

1817 4684 1988 4752 posita
2020 4682 2107 4735 sit.
2151 4701 2169 4732 ί
2232 4681 2299 4734 Et
2348 4682 2499 4751 posui
2546 4688 2617 4746 te,
2650 4681 2845 4750 inquit,
2874 4680 2929 4734 in
2968 4676 3161 4736 monte
3191 4692 3376 4737 saneto

1815 4774 1931 4839 Dei,
1970 4793 1989 4826 ι
2024 4773 2166 4829 haud
2208 4770 2425 4827 dubium
2460 4772 2585 4842 quin
2611 4772 2916 4841 paradisum
2942 4770 3250 4843 significet,
3308 4776 3378 4829 ad

1813 4879 1969 4933 quem
2013 4871 2134 4933 post
2184 4860 2376 4920 cadum
2419 4863 2628 4917 tertium
2668 4862 2863 4937 Paulus
2902 4850 3111 4933 raptum
3151 4880 3271 4921 esse
3315 4880 3373 4919 sc

1811 4953 1942 5007 dicit
1978 4952 2060 5023 (11
2102 4952 2221 5007 Cor.
2270 4951 2389 5023 xu).
2444 4951 2654 5007 Cherub
2696 4944 2871 5005 autem
2926 4967 3121 5023 genere
3164 4970 3375 5008 masere-

1814 5044 1925 5098 lino
1985 5057 2208 5097 numero
2257 5041 2536 5113 singulari,
2585 5048 2639 5095 et
2682 5040 2871 5112 plumli
2906 5042 3157 5097 dicuntur
3184 5044 3375 5098 cheru-

1815 5133 1947 5197 bim,
1976 5133 2066 5202 qui
2124 5132 2544 5201 interpretantur
2582 5134 2821 5188 scientia:
2860 5134 3164 5197 multitudo,
3215 5150 3377 5203 super

1818 5223 2011 5291 quibus
2036 5222 2323 5291 requiescit
2367 5230 2421 5276 et
2448 5224 2598 5279 sedet
2626 5223 2787 5289 Deus,
2838 5232 2894 5281 et
2924 5225 3027 5279 hoc
3068 5240 3231 5279 curru
3266 5228 3374 5281 uti--

1819 5319 1927 5377 tur,
1975 5312 2185 5366 dicente
2229 5312 2487 5382 propheta
2519 5314 2583 5367 ad
2614 5330 2735 5368 eum
2770 5332 2783 5367 :
2824 5332 2843 5365 ι
2874 5312 2973 5381 Qui
3009 5316 3162 5369 sedes
3214 5331 3378 5385 super

1818 5402 2115 5465 cherubim,
2169 5400 2515 5456 manifestare
2549 5401 2716 5472 (Prol.
2769 5404 2974 5472 Lxxu).
3031 5424 3049 5456 ι
3084 5404 3149 5457 Ει
3180 5406 3230 5459 in
3272 5407 3377 5460 alio

1818 5490 1970 5553 loco:
2006 5507 2024 5540 ι
2056 5490 2311 5545 Ascendit
2340 5506 2500 5559 super
2542 5492 2817 5547 cherubim
2846 5503 2901 5547 et
2930 5494 3119 5549 velavit
3142 5513 3155 5559 ;
3181 5495 3377 5548 volavit

1818 5596 1979 5650 super
2021 5590 2224 5651 pennas
2273 5590 2555 5636 ventorum
2600 5581 2771 5653 (I’sal.
2814 5584 2995 5655 xvii).»
3027 5572 3133 5639 Iste
3194 5589 3373 5640 autem

1819 5672 2021 5725 cherub
2062 5672 2175 5725 sive
2211 5680 2421 5725 creatus
2446 5687 2567 5742 cum
2595 5672 2814 5737 cherub,
2839 5682 3087 5728 extentus
3118 5682 3173 5727 et
3199 5683 3373 5742 prole-

1822 5776 1947 5829 gens
1978 5769 2330 5824 sacramenta,
2359 5740 2564 5829 positus
2602 5772 2681 5815 cst
2727 5761 2778 5815 in
2830 5770 3008 5816 monte
3044 5772 3225 5818 saneto
3260 5764 3373 5820 Dei.
