3936 6338
510 337 609 397 791

1142 344 1200 399 Β.
1240 343 1493 401 ιιΑιιΑΝι
1534 343 1752 403 ΜΑυιιι
1797 346 2064 404 ARCHlEl

2169 346 2464 407 liOGUNT.
2506 351 2790 412 OPERUM
2825 353 3003 411 PARS
3040 355 3104 411 ll.

3672 366 3775 423 79‘2

509 452 598 549 De
625 465 735 523 quo
780 449 974 549 crebro
1009 453 1264 549 diximus.
1315 455 1398 549 lit
1440 456 1638 515 Paulus
1690 460 1967 530 apostolus
2019 461 2098 515 lo-
2124 465 2171 525 Α
2200 478 2542 535 nequaquam
2569 467 2711 524 inter
2730 468 2926 540 ignitos
2950 469 3153 539 lapides
3182 472 3532 541 consisteres,
3564 479 3657 532 sed
3685 495 3780 549 pe-

506 544 713 615 quitur,
751 543 797 599 si
824 544 945 614 quis
982 555 1162 601 tamen
1200 547 1267 602 ad
1314 545 1568 615 llebrazos
1597 549 1892 619 Epistolam
1915 551 2083 607 susci-

506 636 584 707 pit
610 653 625 692 :
658 654 678 690 ι
707 635 1029 694 Accessistis
1058 638 1124 693 ad
1147 636 1278 694 Sion
1306 649 1565 706 montem,
1598 651 1653 696 et
1682 642 1959 697 civitatem
1990 644 2082 699 Dei

508 727 737 784 viventis
776 724 1076 784 Jerusalem
1107 724 1410 797 caelestem,
1457 741 1511 786 et
1554 731 1717 787 millia
1767 733 2081 805 angelorum

504 817 693 887 (Hebr.
723 818 845 890 xu).
871 839 891 873 ι
924 818 1019 876 Vel
1048 830 1196 878 certe
1240 837 1395 878 mons
1419 821 1597 878 sancti
1635 822 1728 878 Dei
1774 824 2080 893 paradisus,

502 917 563 963 ut
592 908 847 975 diximus,
874 909 1252 983 intelligendus
1295 922 1401 968 est.
1428 912 1743 967 Ambulavit
1781 929 1994 984 quoque
2027 913 2080 968 in

502 998 679 1053 medio
709 1000 1000 1071 ignitorum
1040 998 1300 1073 lapidum,
1337 1002 1403 1057 de
1428 1002 1627 1073 quibus
1659 1004 1919 1072 scriptum
1952 1012 2037 1058 est
2064 1021 2078 1059 :

505 1107 524 1141 ι
559 1088 663 1156 Qui
700 1089 829 1146 facit
853 1090 1073 1163 angelos
1102 1107 1229 1149 suos
1272 1093 1515 1164 spiritus,
1566 1104 1620 1149 et
1653 1095 1931 1149 ministros
1954 1109 2083 1150 suos

500 1182 679 1252 ignem
733 1192 982 1238 urentem
1015 1180 1188 1254 (Psal.
1219 1187 1359 1256 cm).
1417 1205 1435 1238 ι
1473 1186 1539 1241 Et
1562 1202 1666 1241 non
1721 1187 1893 1242 solum
1940 1186 2085 1242 Deus

496 1270 589 1341 qui
625 1280 853 1326 vocatur
898 1272 1036 1343 ignis
1066 1288 1412 1341 consumens,
1448 1275 1654 1341 fenum,
1692 1276 1857 1347 ligna,
1910 1277 2081 1346 stipu-

499 1366 719 1437 lamque
743 1376 1052 1433 consumat,
1082 1369 1176 1424 sed
1207 1378 1262 1424 et
1287 1370 1483 1441 angeli,
1512 1372 1602 1440 qui
1630 1378 1898 1426 vocantur
1924 1370 2078 1441 igniti

496 1456 702 1527 lapides
748 1457 1050 1528 spirituque
1100 1457 1407 1525 ferventes;
1463 1461 1605 1514 unde
1650 1469 1705 1514 et
1770 1461 2075 1515 Dominus:

499 1568 518 1601 ι
548 1548 755 1622 ignem,
780 1550 979 1621 inquit,
1009 1550 1130 1606 veni
1159 1551 1374 1607 mittere
1412 1566 1576 1622 super
1602 1561 1823 1617 terram,
1860 1561 1915 1607 et
1947 1552 2078 1622 quid

494 1636 636 1704 volo,
666 1637 770 1693 nisi
794 1647 855 1694 ut
877 1638 1103 1694 ardeat?
1129 1638 1282 1711 (Luc.
1314 1639 1467 1713 £11.):
1496 1638 1754 1710 Quodque
1781 1638 2028 1709 sequitur
2060 1656 2074 1693 :

496 1745 515 1778 ι
550 1723 832 1783 Perfectus
859 1727 914 1783 in
957 1728 1063 1784 viis
1088 1728 1192 1784 tuis
1233 1743 1263 1783 a
1298 1729 1387 1785 die
1416 1730 1741 1785 conditionis
1771 1738 1896 1793 ture,
1927 1748 1946 1782 ›
1978 1745 2078 1801 pro

2189 555 2345 611 rires.
2365 555 2410 612 Ο
2434 558 2546 627 ipse
2564 558 2787 625 cherub,
2803 559 2916 615 sive
2936 559 3241 626 cherubim,
3255 563 3344 631 qui
3371 574 3423 619 te
3439 571 3780 639 protegebat,

2187 645 2348 699 eduxi
2378 653 2431 701 te
2470 648 2535 702 de
2580 649 2754 704 medio
2800 649 3035 719 lapidum
3087 650 3405 721 ignitorum,
3443 654 3601 724 iuxta
3648 659 3779 716 illud

2186 736 2329 804 quod
2362 736 2429 792 de
2453 738 2625 793 Adam
2657 740 2917 809 scriptum
2938 748 3059 796 est:
3094 759 3112 793 ι
3138 740 3313 810 Eiecit
3342 743 3541 813 Adam,
3569 758 3624 803 et
3648 766 3777 805 con-

2185 824 2361 879 stituit
2376 827 2656 882 cherubim
2673 827 2825 899 (Gen.
2844 827 2949 901 ιιι),
2978 848 2998 883 ι
3023 840 3211 887 contra
3224 833 3539 903 paradisum
3553 838 3780 894 delicia-

2186 928 2324 967 rum.
2371 914 2685 988 Causasque
2731 918 2907 973 reddit
2950 936 3051 976 cur
3084 923 3315 979 eductus
3362 927 3451 990 sit,
3494 928 3603 981 sive
3652 944 3783 998 pro-

2180 1003 2359 1075 iectus
2398 1007 2464 1062 de
2510 1009 2685 1064 medio
2722 1010 3010 1080 ignitorum
3038 1012 3274 1083 lapidum
3303 1033 3315 1070 :
3351 1017 3668 1073 «Elevatum
3698 1032 3781 1074 est

2186 1098 2273 1150 eni
2296 1112 2450 1152 mcor
2472 1108 2623 1154 tuum
2652 1099 2706 1154 in
2725 1103 2919 1157 decore
2940 1111 3058 1168 tuo,
3089 1118 3121 1156 ι’
3138 1104 3263 1160 dum
3286 1114 3437 1160 tuum
3456 1117 3615 1176 putas
3637 1124 3779 1175 esse,

2184 1188 2327 1255 quod
2350 1186 2441 1242 Dei
2472 1198 2576 1243 est.
2605 1189 2755 1246 Unde
2785 1200 2841 1247 et
2876 1180 3152 1262 apostolus
3184 1196 3461 1251 stimulum
3490 1201 3692 1262 carnis,
3727 1212 3779 1255 et

2184 1276 2431 1346 angelum
2469 1276 2686 1334 Satanae
2723 1282 2998 1352 accepisse
3038 1300 3095 1338 se
3132 1284 3262 1340 dicit
3285 1286 3369 1358 (II
3400 1286 3524 1341 Cor.
3551 1291 3651 1359 ιιι)
3686 1293 3778 1361 qui

2182 1379 2305 1419 eum
2342 1367 2729 1438 colaphizaret,
2770 1386 2836 1424 ne
2877 1372 3268 1441 revelationum
3306 1376 3650 1432 multitudine
3684 1395 3777 1433 su-

2183 1456 2438 1524 perbiret,
2483 1466 2537 1513 et
2577 1459 2629 1512 in
2659 1457 2923 1527 judicium
2968 1462 3237 1519 incideret
3276 1465 3497 1519 diaboli.
3544 1468 3654 1521 «Et
3703 1468 3780 1521 id-

2183 1546 2328 1602 circo
2356 1559 2609 1619 corrupta
2645 1558 2748 1614 est,
2794 1551 2989 1619 inquit,
3035 1552 3283 1608 doctrina
3313 1564 3401 1608 tua
3433 1571 3557 1611 cum
3583 1558 3780 1613 decore

2183 1644 2300 1702 tuo,
2330 1638 2444 1693 sive
2466 1640 2747 1709 perdidisti
2773 1642 3095 1712 sapientiam
3121 1648 3268 1699 tuam
3296 1644 3349 1699 in
3373 1645 3573 1702 decore
3596 1658 3722 1713 tuo;
3754 1668 3770 1700 ι

2183 1736 2240 1783 ιιι
2268 1728 2395 1782 dum
2426 1728 2547 1799 plus
2575 1730 2658 1785 vis
2688 1746 2811 1786 esse
2832 1746 2994 1801 quam
3018 1733 3272 1789 conditus
3298 1750 3378 1798 es,
3407 1746 3462 1789 et
3488 1738 3663 1807 magis
3691 1752 3777 1791 sa-

489 1828 599 1886 quo
630 1830 863 1888 posuere
892 1815 1246 1889 Septuaginta
1287 1836 1300 1873 :
1340 1837 1359 1873 ι
1406 1819 1578 1874 Fuisti
1616 1819 1992 1875 immaculatus
2020 1820 2074 1874 in
2107 1820 2151 1879 Β
2178 1833 2307 1887 pere
2330 1834 2494 1889 quam
2521 1835 2551 1873 a
2576 1820 2686 1876 Deo
2709 1837 3018 1892 acceperas,
3046 1823 3210 1879 etiam
3235 1824 3294 1879 id
3326 1827 3608 1895 perderes,
3632 1829 3779 1896 quod

492 1906 686 1962 diebus
716 1906 824 1961 tuis
847 1924 878 1961 a
900 1906 1009 1973 die,
1034 1922 1139 1979 qua
1163 1907 1413 1965 conditus
1431 1924 1514 1975 es,
1539 1909 1712 1965 donec
1741 1911 1957 1965 inventa
1988 1918 2072 1965 est

494 1996 758 2068 iniquitas
782 1997 835 2052 in
868 2004 940 2061 te,
979 2015 997 2050 ι
1030 1998 1270 2054 ostendit
1289 2014 1501 2055 omnem
1530 2008 1837 2054 creaturam
1868 1999 2069 2054 bonam

488 2103 518 2142 a
542 2088 652 2144 Deo
677 2089 951 2144 conditam
978 2097 1032 2144 et
1062 2088 1361 2159 perfectam
1402 2089 1655 2156 habuisse
1684 2090 1941 2148 virtutem
1972 2106 1987 2145 :
2016 2099 2073 2145 et

426 2174 431 2181 ’
486 2196 584 2252 per
610 2181 713 2237 hoc
732 2181 1031 2253 principem
1052 2195 1268 2252 quoque
1287 2181 1415 2253 Tyri
1453 2181 1617 2237 fuisse
1641 2181 2067 2249 immaculatum,

488 2284 549 2330 ut
579 2274 833 2345 deinceps
859 2276 1067 2331 macula
1094 2292 1201 2332 non
1231 2285 1438 2331 natura:
1474 2276 1568 2341 sit,
1607 2275 1700 2331 sed
1725 2276 2020 2330 voluntatis
2051 2292 2064 2329 :

493 2389 511 2422 ι
547 2368 729 2427 Donec
752 2371 968 2425 inventa
994 2378 1076 2426 est
1099 2370 1355 2442 iniquitas
1385 2370 1437 2425 in
1467 2378 1539 2425 te.
1576 2389 1593 2421 ι
1626 2370 1846 2425 inventa
1875 2386 1904 2423 a
1934 2371 2065 2436 Deo,

484 2477 606 2533 quae
632 2462 685 2518 in
714 2462 984 2519 thesauris
1013 2464 1251 2534 pectoris
1277 2463 1353 2519 tui
1394 2479 1493 2535 per
1520 2464 1825 2535 superbiam
1853 2473 1908 2520 ct
1939 2465 2068 2519 abu-

483 2554 691 2611 sionem
714 2554 1022 2625 potestatis,
1045 2570 1206 2625 quam
1230 2569 1521 2626 acceperas
1538 2557 1821 2612 tenebatur
1837 2556 2064 2612 inclusa.

490 2662 509 2696 ι
570 2642 633 2700 in
687 2643 1052 2711 multitudine,
1106 2645 1300 2716 inquit,
1348 2646 1749 2717 ,negotiationis
1817 2656 1923 2701 tam
1983 2662 2067 2702 re—

484 2734 626 2805 pleta
659 2743 786 2791 sunt
816 2735 1077 2792 interiora
1112 2745 1202 2791 tua
1228 2736 1280 2791 in
1309 2735 1594 2807 iniquitate
1617 2746 1671 2792 et
1712 2738 1968 2807 peccasti.
2001 2738 2069 2793 Et

484 2825 616 2895 eieci
647 2836 699 2883 te
724 2828 790 2884 de
814 2837 1000 2886 monte
1038 2827 1135 2885 Dei
1166 2846 1179 2883 :
1210 2839 1265 2884 et
1288 2829 1497 2900 perdidi
1524 2838 1597 2896 te,
1627 2845 1661 2885 o
1686 2830 1911 2895 cherub,
1945 2845 2067 2901 pro-

480 2907 671 2991 tegens
698 2918 765 2979 de
811 2917 991 2975 medio
1020 2918 1259 2991 lapidum
1289 2920 1602 2991 ignitorum,
1631 2929 1686 2976 et
1718 2921 1951 2978 levatum
1986 2931 2067 2978 est

481 3024 579 3066 cor
612 3018 762 3065 tuum
808 3009 862 3065 in
893 3009 1090 3067 decore
1144 3021 1255 3067 tuo.
1306 3010 1595 3068 Perdidisti
1642 3013 1962 3085 sapientiam
2011 3015 2065 3070 in

478 3100 881 3174 pulchritudine
908 3112 1024 3171 tua,
1053 3104 1108 3159 in
1132 3112 1334 3160 terram
1363 3104 1563 3176 proieci
1605 3114 1679 3170 te,
1713 3114 1837 3161 ante
1867 3106 2061 3162 faciem

481 3207 667 3263 regum
693 3191 814 3249 dedi
846 3202 931 3259 te,
958 3202 1020 3249 ut
1061 3202 1348 3250 cernerent
1379 3202 1448 3249 te.
1478 3194 1537 3249 In
1569 3194 1912 3251 multitudine
1954 3196 2061 3251 ini-

476 3284 748 3355 quitatum
795 3292 1032 3350 tuarum,
1074 3292 1131 3341 et
1183 3284 1468 3356 iniquitate
1516 3286 1900 3355 negotiationis
1939 3294 2061 3352 tum,

477 3373 714 3445 polluisti
788 3374 1273 3431 sanctiﬁcationem
1340 3384 1507 3430 tuam.
1572 3375 1873 3431 Producam
1936 3392 2066 3447 ergo

479 3466 658 3536 ignem
715 3466 779 3522 de
820 3465 1000 3522 medio
1047 3466 1145 3532 tui,
1195 3465 1285 3536 qui
1324 3467 1574 3523 comedat
1618 3474 1689 3521 te.
1722 3486 1741 3520 ›
1774 3465 1831 3521 1η
1884 3466 2065 3521 multi-

481 3556 666 3613 tudine
693 3570 907 3626 quoque
936 3556 1318 3627 negotiationis
1348 3554 1464 3624 ejus
1514 3556 1719 3627 repleta
1776 3566 1902 3612 sunt
1926 3557 2065 3612 inte-

480 3644 625 3699 riora
658 3644 799 3700 illius
839 3646 953 3700 sive
998 3645 1216 3701 cellaria
1255 3646 1539 3717 iniquitate
1580 3645 1716 3702 Dum
1746 3647 1890 3702 enim
1926 3647 2063 3702 mul-

481 3746 531 3789 ta
565 3735 855 3805 conquirit,
911 3744 967 3791 et
1014 3751 1119 3791 non
1154 3746 1239 3792 est
1292 3746 1580 3792 contentus
1621 3737 1848 3793 scientia
1898 3752 2062 3807 quam

478 3834 782 3895 acceperat,
814 3839 915 3880 nec
946 3834 1217 3899 potestate
1260 3827 1345 3883 cui
1370 3827 1689 3898 praepositus
1710 3836 1849 3894 erat,
1881 3828 2059 3898 reple-

477 3916 555 3971 vit
582 3914 801 3973 cellaria
827 3925 883 3973 et
904 3916 1160 3973 interiora
1191 3919 1427 3988 pectoris
1469 3919 1570 3982 sui,
1604 3926 1664 3973 ut
1708 3929 1982 3974 saturatas
2005 3929 2061 3975 et

479 4007 832 4073 incrassatus,
897 4006 1211 4064 calcitraret
1270 4018 1458 4064 contra
1516 4018 1821 4065 creatorem
1878 4026 2056 4065 suum.

476 4099 823 4156 Manducavit
846 4100 990 4156 enim
1013 4086 1180 4157 Iacob
1204 4109 1261 4158 et
1286 4109 1563 4158 saturatus
1596 4111 1700 4169 est,
1731 4111 1788 4159 et
1829 4103 2059 4160 recalci-

477 4190 642 4245 travit
669 4190 915 4257 dilectus,
945 4191 1278 4249 incrassatus
1297 4200 1353 4247 et
1381 4193 1766 4265 impinguatus,
1790 4202 1845 4250 et
1863 4193 2059 4249 dilata-

476 4290 585 4347 tus,
642 4289 697 4336 et
754 4281 1045 4354 dereliquit
1089 4283 1263 4338 Deum
1306 4282 1397 4354 qui
1446 4282 1653 4339 fecerat
1694 4299 1817 4339 eum
1878 4285 2055 4358 (Deut.

474 4370 678 4443 xxxn);
709 4378 765 4427 et
797 4388 810 4426 :
842 4390 860 4423 ι
896 4371 972 4428 De
994 4372 1156 4429 corde
1200 4362 1500 4444 procedunt
1541 4375 1899 4446 cogitationes
1930 4389 2055 4447 pes-

474 4462 625 4517 sima»
656 4460 870 4564 (Mqlth.
903 4460 1027 4535 xv);
1066 4482 1083 4516 ι
1119 4472 1342 4564 propter
1366 4479 1504 4534 quas
1527 4464 1851 4521 dicitDeus:
1880 4485 1899 4517 ι
1932 4465 2060 4521 Pec—
2087 4504 2136 4564 ι)

474 4553 629 4617 casti,
656 4564 711 4608 et
729 4552 863 4621 eieci
896 4563 949 4609 te
969 4555 1035 4609 de
1064 4564 1245 4609 monte
1268 4553 1381 4618 Dei,
1416 4576 1433 4607 ι
1459 4556 1571 4610 sive
1601 4555 1917 4611 vulneratus
1939 4571 1999 4612 es
2024 4573 2055 4612 a

476 4653 660 4700 monte
708 4643 801 4699 Dei
834 4643 1018 4715 :quod
1050 4644 1290 4716 legentes
1336 4646 1526 4701 timere
1561 4646 1955 4717 compellimur.
1996 4647 2052 4702 Si

474 4737 619 4793 enim
649 4736 851 4792 cherub
874 4744 1126 4792 extentus
1151 4743 1207 4791 et
1234 4745 1522 4808 protegens
1544 4737 1751 4807 positus
1779 4738 1832 4793 in
1870 4745 2055 4794 monte

474 4840 663 4903 sancto
688 4830 808 4896 Dei,
835 4839 889 4886 et
919 4831 972 4887 in
1001 4832 1178 4887 medio
1201 4832 1489 4903 ignitorum
1512 4832 1750 4903 lapidum
1777 4832 2053 4902 perfectus

476 4928 636 4990 atque
655 4918 1033 4975 immaculatus
1053 4938 1064 4973 :
1087 4928 1307 4991 propter
1323 4920 1722 4976 multitudinem
1742 4923 2054 5002 negotiatio-

476 5011 560 5063 nis
593 5008 820 5078 replevit
848 5010 1104 5065 interiora
1146 5025 1241 5065 sua
1272 5011 1575 5081 iniquitate,
1606 5020 1662 5067 et
1691 5014 1961 5082 peccavit,
1999 5022 2055 5068 et

476 5100 681 5167 eiectus
733 5107 816 5154 est
851 5101 915 5155 de
957 5110 1138 5156 monte
1181 5100 1298 5165 Dei,
1332 5102 1436 5156 hoc
1476 5111 1579 5167 est,
1623 5103 1689 5157 de
1722 5103 2052 5159 habitatione

477 5191 712 5262 paradisi
740 5232 754 5255 ,
798 5191 912 5245 sive
955 5191 1268 5249 vulneratus
1295 5206 1324 5245 a
1361 5200 1541 5246 monte
1581 5192 1699 5255 Dei,
1729 5193 1818 5261 qui
1850 5193 2056 5262 perspi~

477 5297 575 5334 cue
615 5279 861 5335 Christus
904 5279 1378 5348 intelligiturzaut
1428 5290 1577 5335 certe
1627 5281 1678 5335 in
1730 5291 1913 5337 monte
1960 5282 2053 5337 Dei

475 5360 800 5425 ροιιειίιιιιιιδ
825 5379 877 5424 et
918 5370 1185 5434 habitans,
1216 5387 1243 5425 a
1274 5372 1563 5439 semetipso
1598 5371 1909 5427 vulneratus
1946 5383 2048 5439 est,

475 5471 531 5515 et
577 5462 919 5517 conscientia:
957 5472 1309 5531 compunctus
1353 5464 1515 5529 malo,
1558 5464 1682 5518 dum
1711 5480 1769 5518 se
1800 5466 2049 5533 intelligit

470 5555 810 5611 habitatione
852 5554 1049 5610 montis
1094 5555 1400 5625 indignum,
1446 5558 1573 5626 quid
1612 5558 1677 5612 de
1717 5558 1872 5615 nobis
1907 5559 2051 5613 resti-

479 5648 730 5703 tuendum
752 5648 872 5703 est?
897 5646 1122 5718 Propter
1159 5647 1299 5716 quod
1325 5648 1521 5702 dicitur
1559 5647 1629 5711 ei,
1655 5648 1719 5702 Et
1746 5650 1949 5719 perdidi
1979 5660 2050 5712 te,

477 5755 508 5791 ο
537 5738 775 5801 (Ξιιοιιιιι,
800 5747 1085 5810 protegens
1113 5737 1177 5792 de
1198 5753 1273 5793 ιιι(
1287 5736 1374 5793 ὀξυ
1404 5736 1639 5807 lapidum
1662 5739 1969 5810 ignitorum,
1996 5749 2051 5793 ut

2177 1911 2417 1968 habebas
2442 1922 2498 1967 et
2527 1928 2626 1983 pro
2650 1910 3052 1984 pulchritudine
3086 1926 3247 1986 atque
3280 1918 3548 1982 doctrina,
3588 1918 3774 1973 defor-

2173 2004 2333 2057 mitas
2360 2010 2413 2058 te
2441 2012 2604 2072 atque
2647 2005 2876 2060 stultitia
2914 2007 3218 2079 possideret
3249 2026 3261 2061 :
3296 2009 3437 2063 unde
3483 2011 3536 2063 in
3570 2020 3772 2064 terram

2169 2092 2441 2163 proiectus
2462 2108 2541 2159 es,
2565 2094 2658 2164 qui
2685 2104 2809 2149 ante
2823 2095 3109 2151 habitabas
3134 2098 3185 2152 in
3211 2108 3392 2153 monte
3419 2099 3532 2153 Dei.
3560 2100 3772 2170 De-quo

2169 2190 2222 2237 et
2266 2182 2433 2238 lsaias
2479 2183 2705 2239 scribit:
2739 2206 2755 2235 ι
2782 2185 3063 2251 Quomodo
3107 2188 3307 2244 cecidit
3361 2189 3618 2255 Lucifer,
3666 2193 3765 2261 qui

2170 2291 2328 2330 mane
2356 2276 2822 2350 oriebatur?(lsa.
2851 2277 2987 2349 xxv.)
3017 2298 3034 2330 ι
3066 2279 3132 2334 Ει
3162 2278 3411 2335 Salvator
3434 2282 3496 2336 in
3525 2282 3772 2353 Evange-

2169 2366 2282 2421 lio:
2324 2366 2661 2434 «Videbam,
2711 2369 2920 2438 inquit,
2970 2369 3229 2426 Satanam
3277 2373 3433 2441 quasi
3480 2372 3662 2445 fulgur
3705 2376 3771 2429 de

2170 2456 2311 2512 ccelo
2355 2458 2641 2513 cadentem
2675 2457 2829 2531 (Luc.
2856 2458 2935 2532 ι).
2960 2479 2981 2514 ι
3029 2459 3182 2528 Quod
3211 2470 3262 2516 et
3286 2461 3552 2518 Jeremias
3591 2464 3769 2533 loqui-

2169 2559 2258 2605 tur
2298 2551 2366 2605 ad
2404 2551 2742 2607 Jerusalem:
2776 2572 2792 2604 ι
2818 2552 3100 2619 Quomodo
3151 2554 3465 2610 ohscuravit
3507 2556 3769 2611 Dominus

2169 2641 2223 2695 in
2264 2643 2344 2697 ira
2388 2658 2486 2699 sua
2537 2644 2702 2699 tiliam
2747 2644 2909 2710 Sion,
2961 2644 3189 2716 proiecit
3217 2648 3282 2703 de
3310 2648 3446 2703 cmlo
3477 2648 3532 2702 in
3562 2657 3769 2703 terram

2167 2732 2391 2803 gloriam
2417 2734 2620 2789 lsrarl?
2648 2733 2865 2807 (Tltren.
2899 2737 2984 2806 ιι.)
3008 2754 3024 2786 ι
3050 2734 3327 2803 Proiectus
3353 2748 3535 2791 autem
3556 2738 3612 2791 in
3644 2752 3767 2791 con-

2168 2831 2354 2894 spectu
2397 2825 2637 2880 omnium
2690 2840 2898 2894 regum,
2943 2834 3003 2879 ut
3034 2834 3127 2880 tuo
3155 2834 3455 2881 terreretur
3491 2824 3763 2895 exemplo,

2168 2915 2253 2971 vel
2288 2918 2555 2972 bonorum
2603 2932 2813 2987 regum,
2854 2933 3082 2988 quorum
3112 2934 3209 2973 cor
3243 2918 3298 2971 in
3334 2933 3496 2973 manu
3524 2919 3619 2972 Dei
3656 2928 3763 2984 est,

2169 3007 2253 3063 vel
2298 3008 2588 3074 malorum,
2621 3024 2850 3080 quorum
2893 3026 3059 3081 regna
3096 3010 3332 3065 ostendit
3364 3010 3613 3065 diabolus
3644 3009 3765 3065 Sal-

2168 3100 2340 3155 vatori
2370 3118 2382 3153 :
2414 3100 2515 3168 Qui
2545 3108 2903 3172 occurrerunt
2935 3102 3047 3172 regi
3076 3101 3368 3175 Babylonio
3386 3102 3631 3158 dicentes
3656 3121 3667 3155 :
3696 3101 3766 3157 Et

2171 3200 2225 3244 tu
2254 3198 2445 3261 captus
2470 3206 2530 3246 es
2554 3191 2696 3246 sicut
2723 3204 2842 3256 nos,
2873 3200 3037 3262 atque
3060 3192 3204 3248 inter
3224 3208 3324 3247 nos
3351 3202 3634 3262 reputatus
3677 3207 3758 3247 es.

2165 3277 2527 3345 Quamobrem
2558 3291 2612 3336 et
2644 3281 2835 3351 polluit
2873 3282 3355 3338 sanctiﬁcationcm
3383 3299 3558 3346 suam,
3595 3298 3761 3351 quam

2167 3369 2451 3435 habuerat,
2498 3370 2715 3439 quando
2764 3370 3045 3425 habitabat
3074 3372 3127 3426 in
3159 3379 3339 3427 monte
3371 3380 3425 3425 et
3465 3386 3762 3426 conversa-

2168 3462 2330 3516 batur
2359 3460 2412 3515 in
2440 3463 2620 3517 medio
2647 3462 2940 3532 ignitorum
2966 3462 3224 3533 lapidum.
3250 3460 3509 3532 Sequitur
3535 3479 3548 3515 :
3588 3480 3605 3511 ι
3628 3461 3765 3517 Ρτο-

2166 3551 2358 3606 ducam
2402 3553 2580 3622 ignem
2628 3552 2696 3608 de
2744 3554 2920 3608 medio
2959 3554 3033 3607 tui
3064 3554 3154 3623 qui
3191 3555 3414 3608 devoret
3444 3562 3514 3607 te.
3541 3572 3559 3605 ι
3590 3553 3762 3608 istum

2166 3642 2345 3714 ignem
2397 3642 2475 3719 in.
2502 3642 2630 3713 Tyri
2660 3643 2804 3713 regis
2831 3645 2993 3699 corde
3037 3644 3393 3699 succenderat
3428 3642 3547 3708 ille,
3603 3643 3761 3712 cuius

2164 3734 2337 3805 ignita
2364 3743 2492 3789 sunt
2525 3734 2727 3803 iacula,
2758 3742 2811 3789 et
2842 3720 2907 3791 de
2935 3751 3043 3804 quo
3070 3735 3331 3804 scriptum
3358 3742 3443 3789 est
3469 3754 3482 3787 :
3514 3754 3532 3786 ι
3554 3734 3761 3789 Omnes

2163 3828 2533 3885 adulterantes
2558 3829 2713 3898 quasi
2739 3829 2986 3883 clibanus
3010 3830 3172 3884 corda
3202 3843 3389 3882 eorum
3416 3826 3563 3898 (Ore.
3596 3826 3752 3897 vn)»

2164 3919 2242 3973 De
2262 3934 2372 3989 quo
2398 3920 2520 3990 igne
2546 3919 2787 3988 loquitur
2810 3927 2865 3973 et
2892 3918 3058 3973 Isaias
3083 3936 3095 3971 :
3126 3936 3143 3968 ι
3166 3917 3453 3973 Ambulate
3475 3917 3528 3970 in
3552 3916 3761 3972 lumine

2164 4011 2301 4079 ignis
2322 4010 2491 4066 vestri
2517 4020 2568 4064 et
2593 4010 2645 4064 in
2672 4009 2887 4063 flamma
2909 4024 3070 4078 quam
3100 4007 3457 4063 succendislis
3485 4006 3621 4077 (Isa.
3644 4009 3751 4073 1,),ι

2162 4111 2223 4155 ιιι
2258 4100 2404 4157 foras
2434 4101 2716 4171 egrediens
2746 4100 2971 4155 devoret
2997 4100 3379 4170 possidentem,
3403 4100 3556 4169 juxta
3603 4098 3755 4163 illud,

2161 4194 2305 4264 quod
2336 4193 2389 4247 in
2419 4193 2608 4247 eodem
2639 4191 2776 4247 lsaia
2801 4193 3063 4262 scriptum
3088 4200 3212 4249 est;
3245 4208 3263 4241 ι
3286 4190 3579 4245 Devoravit
3611 4192 3756 4245 sicut

2161 4283 2343 4340 fenum
2374 4283 2656 4338 materiam
2694 4282 2830 4355 (Isa.
2860 4282 2948 4352 v);
2982 4283 3034 4336 in
3073 4281 3159 4335 die
3201 4281 3291 4335 illa
3335 4282 3757 4352 exstinguentur

2161 4383 2393 4440 montes,
2435 4383 2492 4430 et
2529 4356 2730 4439 colles,
2764 4381 2817 4429 et
2863 4360 3135 4438 saltus,et
3163 4371 3441 4427 devorabit
3470 4373 3541 4427 ab
3570 4372 3754 4427 anima

2162 4481 2333 4535 usque
2359 4466 2426 4520 ad
2454 4480 2663 4520 carnes.
2705 4462 2860 4518 liunc
2900 4464 3101 4533 ignem,
3139 4461 3231 4531 qui
3270 4462 3483 4516 alienus
3515 4461 3752 4531 appella-

2167 4568 2276 4622 tur,
2322 4554 2506 4611 Nadab
2546 4564 2600 4610 et
2642 4553 2816 4609 Abiud
2855 4555 2922 4608 ad
2964 4553 3135 4607 altare
3175 4553 3388 4607 Domini
3438 4553 3752 4607 obtulerant

2165 4646 2352 4716 (Levii.
2384 4644 2462 4714 ιι),
2510 4654 2567 4701 et
2607 4644 2810 4700 idcirco
2859 4643 3042 4699 divino
3080 4644 3203 4714 igne
3244 4643 3551 4713 consumpti
3603 4654 3749 4697 sunt.

2164 4735 2315 4792 Unde
2339 4744 2395 4793 et
2420 4736 2631 4806 Moyses
2654 4736 2764 4789 ait:
2798 4753 2814 4784 ι
2838 4733 2949 4789 Hoc
2971 4742 3054 4789 est
3075 4734 3298 4787 verbum
3321 4735 3463 4801 quod
3490 4733 3631 4787 dixit
3653 4733 3753 4788 Do-

2161 4826 2359 4890 minus,
2389 4826 2443 4879 in
2470 4826 2556 4879 his
2578 4823 2667 4894 qui
2693 4824 3124 4893 appropinquant
3151 4822 3280 4876 mihi
3305 4820 3743 4876 sanetiiicabor.»

2160 4911 2529 4967 Sanctificatio
2576 4921 2756 4966 autem
2787 4913 2881 4967 Dei
2910 4921 2994 4966 est
3022 4927 3182 4982 pinna
3211 4912 3573 4981 peccantium.
3620 4912 3752 4967 Post

2158 5006 2273 5060 haec
2296 5004 2521 5058 dicitur:
2544 5024 2561 5055 ι
2591 5003 2811 5058 Etdabo
2840 5013 2888 5057 te
2915 5004 2969 5057 in
2998 5005 3258 5069 cinerem,
3284 5025 3302 5057 ›
3334 5012 3393 5057 ιιι
3416 5003 3602 5058 omnia
3625 5019 3748 5073 quae

2158 5097 2598 5169 supermdiiicasti
2646 5097 2800 5151 malae
2849 5097 3197 5152 conscientiae
3248 5105 3351 5151 tua:
3401 5096 3543 5167 ignis
3590 5110 3747 5150 assu-

2159 5200 2289 5247 mat.
2324 5190 2425 5257 Qui
2455 5206 2575 5245 cum
2600 5190 2864 5243 debueras
2898 5189 2950 5242 in
2984 5189 3171 5259 requie
3197 5196 3251 5243 et
3282 5187 3507 5243 sabbato
3539 5201 3749 5257 nequa-

2158 5295 2319 5351 quam
2348 5295 2481 5350 opus
2504 5278 2681 5332 facere
2706 5277 2923 5343 servile,
2948 5277 3089 5349 ligna
3114 5279 3165 5332 in
3199 5277 3427 5332 sabbato
3455 5276 3746 5348 collegisti,

2160 5380 2219 5424 ut
2262 5371 2510 5433 haberet,
2553 5368 2697 5438 quod
2738 5368 2791 5421 in
2836 5377 3053 5438 pectore
3092 5377 3186 5421 tuo
3228 5368 3515 5421 devoraret
3559 5366 3752 5420 incen-

2158 5465 2326 5517 dium.
2381 5461 2607 5516 Prodest
2654 5474 2869 5529 quoquc
2909 5460 3089 5513 omnia
3124 5459 3261 5514 mala
3303 5472 3465 5527 opera
3498 5455 3746 5512 converti

2162 5554 2214 5607 in
2252 5553 2511 5615 cinerem,
2550 5561 2609 5604 ut
2633 5550 2772 5620 ignis
2803 5550 2995 5604 noxius
3024 5551 3238 5621 penitus
3260 5549 3665 5616 exstinguatur,
3691 5557 3745 5602 et

2160 5660 2347 5698 omnes
2393 5644 2730 5715 conspiciant
2773 5652 2825 5699 et
2873 5644 3257 5713 obstupescunt
3302 5643 3509 5713 perisse
3558 5657 3745 5713 regem

2163 5736 2287 5808 Tyri
2319 5748 2369 5790 et
2403 5737 2552 5791 nihili
2584 5736 2783 5791 factum
2830 5751 2967 5796 esse,
3013 5751 3119 5790 non
3171 5736 3223 5788 in
3271 5734 3457 5789 multis
3507 5735 3743 5799 seecidis,

3466 6323 3496 6328 ἢ
3580 6323 3906 6338 ὴήἮ
