3936 6330
180 377 279 434 793

1106 369 1460 427 COMMENT.
1502 370 1568 425 lN
1606 366 2059 426 EZEClilELEM.
2115 398 2171 408 —
2212 368 2337 423 LIB.
2384 368 2472 424 XI.

3341 377 3445 434 79$

176 491 269 546 sed
294 489 354 544 in
377 501 504 552 uno,
523 484 607 540 vel
633 492 777 539 certe
800 483 852 537 in
878 492 1216 554 perpetuum,
1243 494 1303 539 ut
1327 485 1611 556 impleatur
1634 480 2164 545 illudADominus,
2211 481 2363 551 cujus
2416 485 2680 553 promissa
2736 484 3045 541 firmissima
3096 497 3239 542 sunt.
3295 489 3447 556 Quod

178 579 320 651 quod
345 577 605 646 scriptum
634 582 718 630 est
747 591 760 627 :
793 592 809 623 ι
835 571 949 627 Non
984 588 1202 643 parcam
1238 574 1356 639 tibi,
1386 583 1442 628 et
1465 589 1569 629 non
1600 574 1763 628 mise-

179 668 358 725 rebor.
382 664 409 719 ῐ
439 664 627 721 Solent
662 662 875 719 Hebraei
918 664 1061 719 inter
1102 673 1328 718 caeteras
1375 663 1582 718 fabulas
1610 677 1757 727 suas,

178 765 233 813 et
254 758 569 832 γενεαλογίας
588 736 762 824 atque
788 753 1215 808 interminabiles
1259 755 1603 822 qurcstiones,
1648 753 1763 806 haec

178 861 370 906 contra
417 849 616 921 Hyram
655 863 836 919 regem
874 845 1003 919 Tyri
1043 847 1187 902 dicta
1225 846 1546 913 intelligere,
1580 860 1702 899 cum
1730 860 1758 897 a

180 942 472 998 Salomone
512 957 682 1011 usque
728 941 795 995 ad
834 940 1173 996 Ezechielem
1226 940 1351 993 anni
1384 942 1490 994 sint
1520 940 1757 1009 plurimi,

178 1045 317 1100 quos
340 1046 406 1086 eo
436 1038 676 1100 tempore
714 1028 961 1084 homines
1006 1043 1116 1083 non
1172 1028 1374 1083 vixisse
1416 1028 1760 1098 perspicuum

177 1132 282 1188 est,
322 1132 377 1178 et
405 1122 486 1178 sic
522 1121 888 1191 pronuntiare,
917 1122 1069 1189 quasi
1101 1136 1196 1191 per
1225 1120 1451 1175 ironiam
1498 1122 1761 1191 propheta

178 1215 247 1268 ad
275 1229 398 1269 eum
424 1213 674 1283 loquatur
705 1230 717 1265 :
740 1212 1008 1281 Numquid
1036 1219 1094 1266 tu
1120 1228 1178 1266 es
1208 1212 1547 1283 signaculum
1574 1212 1762 1267 simili-

178 1306 385 1359 tudinis
401 1305 516 1367 Dei,
535 1304 723 1374 plenus
746 1304 1042 1372 sapientiae,
1069 1312 1123 1367 et
1150 1303 1424 1373 perfectus
1453 1305 1676 1359 decore:
1706 1313 1760 1359 tu

176 1396 389 1450 cunctis
428 1402 651 1450 ornatus
696 1394 1007 1463 lapidibus;-
1049 1403 1105 1449 tu
1150 1395 1375 1460 cberub,
1414 1396 1498 1449 vel
1549 1408 1763 1452 creatus

176 1500 301 1539 cum
332 1484 557 1549 cherub,
589 1500 711 1539 cum
746 1500 777 1539 e
798 1485 1073 1540 contrario
1095 1487 1424 1555 peccaveris,
1448 1494 1503 1541 et
1530 1486 1583 1541 in
1618 1488 1763 1543 cine-

176 1588 295 1628 rem
324 1573 697 1630 dissolvendus
725 1576 841 1630 sis?
872 1574 1193 1645 Adduntque
1224 1575 1417 1631 fabulae
1450 1594 1561 1633 sua:
1599 1578 1765 1633 mira-

175 1663 379 1728 culum,
420 1674 479 1719 ut
514 1673 701 1722 contra
745 1664 1100 1736 Scripturam,
1148 1667 1255 1721 imo
1299 1668 1415 1723 sine
1469 1667 1765 1741 Scriptura:

175 1754 707 1821 auctoritate,dieant
734 1755 920 1810 Hiram
952 1756 1097 1811 mille
1132 1758 1328 1812 vixisse
1353 1760 1531 1814 annis.
1562 1761 1761 1815 Verum

1864 574 2015 628 multi
2033 575 2098 629 ad
2118 585 2328 646 tempus
2354 577 2595 631 referunt
2620 579 2912 633 Zorohabel
2937 580 3007 634 Ez
3019 597 3088 635 ne
3111 591 3165 635 et
3187 580 3443 646 Necmiw,

1862 665 2083 733 quando
2134 681 2384 721 reversus
2416 676 2498 721 est
2526 670 2752 738 populus
2781 671 2963 735 Israel,
3004 680 3058 725 et
3087 673 3348 726 habitavit
3391 673 3443 727 in

1864 763 2011 808 terra
2032 753 2234 809 Iudaea.
2264 754 2365 809 Alii
2400 772 2528 811 vero
2555 758 2605 810 in
2636 758 2820 813 ultimo
2850 770 3108 829 tempore,
3136 770 3189 815 et
3222 763 3275 816 in
3304 762 3447 816 mille

1863 845 2021 900 annis
2065 854 2284 915 sperant
2325 863 2444 901 esse
2487 848 2886 916 complendum.
2936 850 3102 906 Porro
3148 834 3445 907 secundum

1865 935 2270 1006 intelligentiam
2317 938 2614 1006 spiritalem
2663 930 2751 993 hic
2792 941 2944 995 nobis
2971 956 3161 997 sensus
3194 943 3443 997 videtur:

1867 1025 2074 1081 Sidonii
2121 1027 2547 1096 interpretantur
2602 1039 2872 1084 venatores
2926 1032 2991 1085 de
3043 1034 3238 1101 quibus
3287 1045 3342 1089 et
3393 1034 3447 1087 in

1864 1114 2095 1169 Psalmis
2136 1116 2395 1185 scriptum
2436 1127 2521 1171 est
2550 1136 2561 1171 :
2603 1137 2619 1168 ι
2648 1118 2843 1173 Anima
2880 1128 3063 1175 nostra
3093 1123 3232 1177 sicut
3261 1138 3450 1193 passer

1866 1216 2049 1276 erepta
2098 1217 2182 1263 est
2224 1209 2290 1263 de
2338 1208 2530 1279 laqueo
2566 1212 2900 1277 venantium,
2929 1220 2986 1266 et
3012 1229 3041 1266 a
3070 1215 3233 1269 verbo
3258 1229 3450 1285 aspero

1866 1295 2038 1365 (Psal.
2070 1296 2297 1368 cum);
2330 1316 2346 1347 ι
2384 1306 2437 1350 et
2460 1296 2514 1350 in
2537 1297 2846 1354 Proverbiis
2877 1317 2889 1351 :
2925 1318 2942 1350 ι
2966 1299 3167 1355 Oculus
3204 1303 3451 1357 meretri-

1866 1386 1944 1440 cis
1974 1385 2195 1454 laqueus
2228 1394 2311 1440 est
2344 1387 2644 1454 peccatoris
2677 1386 2870 1455 (Eccle.
2902 1388 3020 1461 vn),
3058 1410 3076 1441 ι
3112 1388 3249 1444 Sunt
3272 1401 3450 1446 autem

1867 1485 1918 1528 et
1950 1476 2001 1527 in
2020 1476 2213 1530 bonam
2228 1486 2432 1544 partem
2463 1476 2547 1530 his
2561 1478 2821 1531 contrarii
2844 1489 3149 1543 venatores,
3167 1480 3231 1534 de
3259 1483 3454 1549 quibus

1866 1566 2055 1622 scribit
2092 1565 2351 1622 Jeremias
2391 1586 2403 1621 :
2445 1588 2462 1619 ι
2497 1569 2635 1623 Ecce
2673 1584 2773 1641 ego
2818 1571 3031 1625 mittam
3066 1572 3363 1640 piscatores
3402 1580 3456 1625 et

1865 1666 2171 1725 venatores,
2198 1662 2290 1729 qui
2324 1670 2585 1716 venentur
2612 1677 2704 1717 vos
2730 1662 2797 1718 de
2836 1664 2984 1718 omni
3016 1664 3150 1720 colle
3180 1674 3234 1719 et
3275 1675 3456 1721 monte

1869 1752 2003 1824 (Jer.
2040 1753 2184 1827 XVI);
2214 1772 2233 1805 ι
2265 1769 2400 1823 quos
2427 1762 2481 1806 et
2514 1754 2771 1811 Dominus
2808 1756 2977 1811 mittit
3018 1758 3085 1810 ad
3115 1756 3451 1826 piscantium,

175 1842 319 1908 haec,
363 1860 524 1913 quam
565 1845 800 1899 violenta
829 1846 899 1899 sit
928 1846 1322 1916 interpretatio,
1349 1849 1553 1918 absque
1574 1859 1760 1906 nostro
1793 1826 1837 1885 Β
1871 1854 1928 1899 et
1990 1844 2118 1899 facit
2188 1860 2281 1900 eos
2330 1846 2395 1900 de
2457 1845 2816 1914 piscatoribus
2871 1847 3100 1917 piscium
3157 1848 3457 1916 piscatores

178 1937 395 2011 judicio
420 1938 656 2007 prudens
686 1937 853 1995 lector
881 1938 1149 2010 intelligit.

256 2048 274 2081 ‹
311 2029 377 2083 Et
409 2028 583 2082 factus
608 2037 691 2083 est
719 2043 897 2082 sermo
932 2027 1144 2083 Domini
1190 2030 1255 2082 ad
1290 2044 1374 2083 me
1413 2030 1638 2087 dicens:
1667 2033 1769 2088 Fili

182 2138 201 2170 ι
239 2120 475 2173 hominis
493 2160 506 2183 ,
528 2134 669 2189 pone
698 2118 887 2173 faciem
913 2130 1055 2173 tuam
1080 2129 1267 2173 contra
1293 2119 1547 2176 Sidonem
1574 2131 1627 2176 et
1645 2140 1770 2194 pro-

184 2230 203 2262 ι
238 2212 485 2281 phetabis
508 2213 575 2267 de
597 2227 660 2266 ea
689 2221 744 2266 et
768 2212 915 2266 dices
952 2230 963 2264 :
992 2211 1117 2266 Hcce
1152 2212 1281 2266 dicit
1306 2212 1565 2268 Dominus
1591 2216 1762 2269 Deus:

184 2321 202 2353 ι
238 2302 377 2357 Ecce
400 2317 500 2371 ego
524 2302 589 2355 ad
615 2311 686 2367 te,
714 2300 903 2367 Sidon,
928 2310 980 2354 et
1005 2301 1345 2372 glorificabor
1373 2304 1425 2357 in
1451 2305 1627 2359 medio
1650 2305 1726 2358 tui
1752 2321 1767 2370 ;

185 2410 207 2443 ι
239 2393 479 2447 etscient
493 2393 615 2461 quia
632 2408 729 2464 ego
744 2392 1021 2457 Dominus,
1049 2408 1169 2447 cum
1196 2392 1374 2449 fecero
1389 2394 1440 2447 in
1457 2411 1519 2449 ea
1541 2396 1767 2466 judicia,

181 2500 202 2534 ι
235 2492 293 2537 et
341 2482 709 2537 sanctilicatus
746 2482 899 2537 fuero
931 2484 983 2537 in
1012 2499 1094 2547 ea,
1126 2494 1180 2538 et
1216 2484 1505 2538 immittam
1528 2486 1574 2539 ei
1605 2487 1770 2555 pesti-

182 2594 203 2627 ς
236 2575 482 2640 lentiam,
511 2582 566 2630 et
598 2576 911 2645 sanguinem
947 2576 999 2630 in
1029 2575 1220 2645 plateis
1249 2574 1385 2644 ejus.
1418 2575 1486 2630 Et
1515 2587 1772 2633 corruent

182 2685 203 2720 ι
237 2666 508 2723 interfecti
557 2668 610 2721 in
643 2668 844 2721 medio'
870 2666 988 2736 ejus
1023 2668 1201 2738 gladio
1231 2682 1327 2736 per
1356 2668 1664 2733 circuitum,
1716 2678 1771 2724 et

182 2775 203 2809 ι
237 2759 414 2813 scient
442 2758 568 2827 quia
604 2774 704 2829 ego
740 2759 1019 2813 Dominus.
1046 2759 1112 2812 Et
1140 2774 1245 2813 non
1272 2759 1377 2813 erit
1418 2758 1556 2813 ultra
1588 2760 1771 2814 domui

181 2867 202 2899 ι
234 2848 404 2903 Israel
424 2847 803 2904 oﬂ'endiculum
828 2848 1229 2913 amaritudinis,
1261 2857 1316 2902 et
1342 2849 1496 2918 spina
1530 2848 1768 2903 dolorem

183 2957 203 2991 ι
234 2939 495 3005 inferens,
546 2936 782 3009 undique
822 2954 919 3009 per
974 2940 1258 2995 circuitum
1300 2954 1487 2994 eorum
1537 2939 1629 3008 qui
1681 2939 1771 2993 ad-

183 3050 202 3081 ι
234 3040 523 3085 versantur
536 3030 632 3093 eis,
653 3040 706 3083 et
725 3031 899 3085 scient
920 3031 1045 3100 quia
1066 3046 1165 3101 ego
1188 3031 1450 3086 Dominus
1466 3032 1622 3085 Deus.
1644 3030 1772 3086 Haec

187 3139 207 3171 ι
238 3120 374 3174 dicit
397 3120 653 3176 Dominus
673 3121 813 3175 Deus
839 3138 851 3174 :
878 3120 1102 3187 Quando
1124 3136 1521 3192 congregavero
1550 3123 1767 3176 domum

1874 1936 2154 1990 hominum
2195 1932 2410 2007 (Matth.
2442 1934 2537 2007 iv).
2571 1934 2723 1991 Unde
2759 1945 2814 1989 et
2850 1936 3060 1991 viculus
3085 1936 3231 1991 Petri
3261 1946 3317 1991 et
3342 1935 3451 1988 An-

1874 2027 2016 2080 drea:
2060 2027 2165 2081 hoc
2211 2027 2512 2096 appellatur
2554 2028 2847 2093 vocabulo;
2888 2027 3179 2083 Bethsaida
3219 2027 3363 2081 enim
3403 2027 3457 2079 in

1874 2124 2051 2195 lingua
2098 2134 2281 2178 nostra
2326 2126 2710 2193 interpretatur
2754 2126 2941 2179 domus
2989 2136 3311 2179 venatorum.
3351 2125 3460 2179 Ad-

1872 2231 2086 2270 versum
2133 2216 2233 2270 hos
2277 2215 2440 2285 igitur
2470 2216 2735 2283 pessimos
2772 2224 3080 2280 venatores,
3134 2215 3229 2269 Dei
3278 2230 3458 2273 sermo

1873 2306 2146 2376 dirigitur;
2190 2316 2245 2359 et
2289 2306 2586 2376 imperatur
2613 2307 2912 2375 prophetae,
2946 2314 3003 2360 ut
3028 2315 3192 2376 ponat
3218 2307 3331 2360 sive
3358 2306 3456 2359 ob-

1874 2396 2053 2448 firmet
2082 2393 2275 2448 faciem
2309 2409 2461 2448 suam
2493 2401 2686 2448 contra
2717 2394 2994 2459 Sidonem,
3032 2403 3086 2448 et
3117 2410 3458 2464 nequaquam

1873 2483 2096 2539 fluctuet
2143 2484 2290 2538 omni
2320 2493 2481 2539 vento
2506 2484 2784 2549 doctrinm,
2829 2484 2922 2539 sed
2967 2484 3021 2538 in
3061 2484 3289 2539 veritate
3327 2500 3459 2539 con-

1874 2576 2067 2633 sistens
2095 2573 2379 2629 interticiat
2397 2590 2526 2629 suos
2552 2583 2856 2629 venatores.
2880 2573 3010 2640 Qua:
3036 2584 3159 2629 sunt
3188 2590 3316 2644 ergo
3338 2590 3459 2643 qua:

1875 2664 2060 2718 Sidoni
2102 2664 2357 2718 Dominus
2400 2664 2794 2717 comminatur?
2821 2682 2838 2715 ι
2872 2663 3012 2719 Ecce
3035 2680 3134 2736 ego
3160 2666 3226 2718 ad
3256 2674 3306 2719 te
3340 2666 3456 2735 ipse

1874 2756 2110 2818 veniam,
2150 2762 2205 2808 et
2239 2752 2578 2825 glorificabor
2600 2755 2654 2807 in
2682 2763 2753 2819 te,
2784 2770 2906 2810 cum
2940 2763 2991 2809 te
3019 2755 3365 2821 interfecero,
3403 2763 3460 2812 et

1873 2846 2047 2899 scient
2094 2859 2303 2909 omnes,
2354 2847 2445 2913 qui
2491 2846 2747 2909 vixerint,
2789 2846 2929 2915 quod
2976 2861 3075 2915 ego
3122 2861 3240 2902 sum
3270 2846 3457 2900 Domi-

1873 2951 1994 2999 nus,
2022 2954 2039 2987 ›
2077 2950 2198 3006 cum
2230 2934 2324 2988 tibi
2359 2934 2644 2989 reddidero
2682 2950 2802 3005 quas
2848 2936 3094 3001 mereris,
3137 2936 3459 3005 mittuntque

1874 3025 2233 3095 pestilentiam
2263 3034 2315 3079 et
2341 3025 2656 3094 sanguinem
2688 3026 2741 3078 in
2771 3025 2979 3094 plateas
3010 3032 3151 3079 tuas.
3185 3024 3460 3094 Recteque

1872 3118 2064 3185 plateae
2104 3116 2358 3170 dicuntur
2379 3114 2614 3170 Sidonis.
2650 3134 2666 3164 ι
2691 3115 2823 3169 Lata
2854 3117 2997 3170 enim
3025 3124 3079 3169 et
3101 3115 3337 3185 spatiosa
3372 3116 3457 3169 via

186 3229 208 3263 ‹
238 3211 406 3267 Israel
420 3212 485 3268 de
502 3212 734 3282 populis,
760 3212 811 3266 in
830 3213 1025 3282 quibus
1048 3213 1273 3282 dispersi
1298 3221 1441 3278 sunt,
1462 3215 1770 3269 sanctilica-
1799 3193 1843 3253 Ο
1876 3215 1978 3271 est,
2021 3221 2140 3275 qua:
2183 3207 2330 3274 ducit
2367 3206 2433 3260 ad
2476 3213 2701 3259 mortem
2743 3204 2956 3276 (Matth.
2996 3205 3111 3276 vn).
3136 3224 3153 3257 ι
3198 3222 3215 3254 ‹
3247 3205 3312 3259 Ει
3340 3220 3461 3259 cor-

184 3322 206 3354 ι
236 3305 340 3359 bor
356 3304 408 3357 in
426 3302 503 3358 eis
517 3318 697 3359 coram
715 3302 1069 3373 gentibusJSt
1083 3303 1403 3357 habitabunt
1417 3308 1469 3357 in
1491 3313 1635 3358 terra
1652 3320 1771 3369 sua,

183 3413 203 3445 ι
226 3410 393 3465 quam
409 3395 526 3449 dedi
541 3410 698 3449 servo
711 3410 831 3449 meo
842 3394 1086 3460 Jacob,et
1099 3396 1413 3451 habitabant
1429 3397 1479 3450 in
1494 3412 1558 3451 ea
1572 3398 1772 3464 securi,

186 3501 208 3534 ι
238 3491 297 3537 et
316 3483 657 3539 tedificabunt
685 3485 874 3539 domos
900 3485 1325 3554 plantabuntque
1356 3486 1563 3551 vineas,
1595 3496 1649 3541 et
1678 3488 1775 3541 ha-

185 3594 203 3624 c
236 3575 986 3639 bitabuntconfidenter,cum
1010 3575 1186 3631 fecero
1210 3575 1414 3643 judicia
1440 3578 1492 3631 in
1522 3578 1773 3634 omnibus

185 3686 208 3720 ι
239 3667 796 3737 quiadversantureis
818 3682 913 3739 per
927 3656 1231 3723 circuitum.
1261 3668 1325 3721 Et
1346 3671 1517 3723 scient
1534 3671 1660 3738 quia
1674 3684 1773 3739 ego

186 3777 208 3810 ι
244 3758 507 3814 Dominus
522 3759 662 3814 Deus
676 3775 887 3814 eorum.
916 3778 934 3810 ι
959 3759 1227 3831 (Ηὶενοη.)
1246 3762 1653 3830 Conscquenter
1682 3779 1775 3815 au-

179 3858 297 3904 tem
319 3857 442 3919 post
469 3848 669 3920 Tyrum
694 3864 874 3903 sermo
905 3850 965 3902 fit
989 3850 1057 3904 ad
1083 3848 1338 3909 Sidonem
1384 3865 1399 3903 :
1447 3852 1608 3905 unius
1627 3852 1772 3905 enim

180 3948 420 4009 utraque
466 3939 595 3992 urbs
637 3940 930 4009 provinciae
958 3948 1058 3994 est.
1090 3940 1155 3994 Et
1188 3940 1239 3993 in
1275 3940 1567 4010 Evangelia
1598 3941 1773 4011 Tyrus

180 4039 242 4083 et
271 4028 437 4084 Sidon
480 4028 683 4098 pariter
723 4030 1113 4084 nominantur:
1145 4051 1161 4081 ι
1203 4030 1260 4085 Si
1310 4032 1363 4085 in
1407 4031 1549 4102 Tyro
1591 4042 1645 4087 et
1688 4032 1775 4087 Si-

182 4123 330 4177 done
362 4120 513 4175 facta:
537 4129 718 4176 essent
748 4122 973 4176 virtutes
1006 4137 1124 4191 qua:
1150 4121 1367 4176 fuerunt
1397 4123 1448 4176 in
1480 4130 1530 4177 te
1555 4123 1771 4193 (Matth.

179 4226 273 4276 x1;
326 4208 453 4263 Luc.
493 4208 569 4280 κ.)
614 4229 633 4262 ι
683 4209 833 4265 Unde
871 4218 926 4264 et
978 4210 1315 4275 Cbananaea,
1374 4209 1528 4277 cujus
1582 4210 1688 4265 filia
1742 4228 1785 4265 tr

181 4299 455 4355 daemonio
509 4300 828 4363 vexabatur,
878 4314 997 4368 qua:
1049 4314 1264 4368 egressa
1317 4308 1401 4353 est
1460 4300 1526 4354 de
1579 4301 1774 4356 finibus

182 4391 320 4461 Tyri
344 4398 398 4444 et
419 4388 633 4445 Sidonis
660 4391 801 4459 quod
823 4391 1191 4459 postulaverat
1220 4390 1545 4459 impetravit.
1576 4390 1776 4445 Praedi-

180 4486 265 4540 cit
314 4493 495 4537 autem
532 4498 715 4538 sermo
755 4482 990 4548 divinus,
1020 4484 1162 4553 quod
1185 4498 1213 4536 a
1240 4483 1551 4554 Babyloniis
1576 4493 1629 4537 ct
1658 4464 1770 4564 ipsa

179 4574 446 4647 capienda
488 4574 576 4640 sit,
621 4581 677 4628 et
716 4546 984 4628 malorum
1009 4546 1299 4644 cognoscat
1332 4546 1587 4643 pondere,
1625 4546 1771 4643 quo'd
1797 4546 1849 4604 D

182 4671 306 4741 ipse
329 4669 397 4723 sit
429 4668 689 4723 Dominus
716 4683 837 4722 cum
863 4667 1192 4737 judicaverit
1220 4682 1339 4721 eam
1371 4677 1425 4722 et
1460 4666 1771 4721 sanctifica-

181 4770 278 4816 tus
308 4759 473 4814 fuerit
506 4759 559 4813 in
593 4759 699 4821 illa,
735 4768 789 4813 et
814 4758 957 4813 fame
988 4773 1109 4813 eam
1147 4774 1211 4813 ac
1245 4758 1547 4827 pestilentia
1571 4758 1773 4829 gladio-

180 4867 295 4923 que
327 4850 740 4919 consumpserit,
773 4850 844 4903 ita
878 4857 935 4903 ut
964 4858 1185 4903 corruat
1214 4850 1266 4902 in
1293 4848 1483 4918 plateis
1525 4849 1685 4911 illius,
1720 4856 1773 4902 et

180 4961 530 5017 nequaquam
553 4945 691 4999 ultra
716 4946 783 4998 sit
812 4945 863 4997 in
891 4942 1275 4999 olfendieulnm
1309 4942 1500 5012 populo
1523 4942 1639 5006 Dei,
1672 4956 1777 4995 nec

183 5056 287 5095 eos
323 5037 637 5107 frequenter
682 5037 1015 5105 impugnent.
1058 5032 1190 5087 Cum
1234 5042 1414 5087 autem
1444 5034 1543 5087 hoc
1570 5030 1770 5085 factum

184 5130 357 5186 fuerit
382 5136 686 5184 revertatur
723 5126 949 5198 populus
978 5125 1157 5187 Israel,
1186 5140 1321 5192 quos
1359 5124 1410 5175 in
1436 5124 1673 5177 diversas
1694 5122 1771 5175 di-

183 5226 465 5290 sperserat
486 5218 733 5271 nationes
756 5217 805 5269 in
823 5224 1020 5269 terram
1039 5229 1213 5277 suam,
1243 5221 1297 5265 et
1324 5212 1688 5265 sanctilicetur
1719 5210 1771 5262 in

182 5316 269 5370 eis
300 5324 677 5381 :nequaquam
704 5320 760 5362 ut
790 5307 842 5360 in
876 5306 1076 5361 Sidone
1114 5305 1165 5357 in
1198 5304 1391 5356 malam
1421 5311 1652 5372 partem,
1680 5300 1772 5355 sed

186 5406 243 5459 in
272 5403 490 5465 bonam,
517 5414 639 5454 cum
664 5398 741 5453 eis
770 5398 1023 5452 misertus
1044 5396 1225 5457 fuerit,
1258 5403 1310 5447 et
1336 5393 1693 5446 habitaverint
1720 5392 1771 5444 in

186 5506 359 5558 terra,
400 5508 562 5563 quam
593 5491 740 5545 dedit
777 5489 913 5558 patri
957 5503 1140 5543 eorum
1183 5484 1385 5539 Jacol):
1417 5494 1471 5538 et
1500 5485 1777 5537 habitave-

172 5568 303 5645 xrint
339 5587 516 5644 securi
561 5594 615 5640 et
655 5586 705 5638 in
738 5584 964 5638 Domino
1004 5579 1361 5643 confidentes,
1391 5588 1444 5631 et
1471 5578 1773 5631 aedificave-

188 5682 302 5735 rint
332 5679 538 5741 domos,
578 5684 632 5729 et
672 5672 1033 5743 plantavcrint
1076 5671 1285 5731 vincas,
1339 5685 1459 5721 eum
1504 5684 1597 5722 sua
1650 5681 1774 5735 pro-

191 5774 356 5829 missa
391 5767 772 5840 compleverit;
807 5774 855 5819 et
888 5774 1012 5818 tunc
1046 5768 1368 5829 cognoscant
1396 5760 1534 5829 quoi
1570 5760 1680 5827 ipse
1708 5760 1772 5812 sit

1880 3305 2035 3350 ruent
2071 3296 2363 3360 interfecti,
2404 3296 2495 3364 qui
2538 3294 2676 3350 male
2708 3296 2992 3360 stet'erant,
3021 3295 3197 3365 gladio
3223 3310 3320 3365 per
3348 3294 3459 3349 cir-

1876 3386 2146 3439 cuitum.)
2182 3385 2274 3439 lllo
2297 3384 2474 3454 gladio
2522 3399 2682 3453 quem
2732 3384 2881 3438 venit
2930 3374 3190 3437 Dominus
3243 3382 3459 3437 mittere

1876 3492 2040 3546 super
2067 3486 2267 3530 terram
2302 3474 2515 3546 (Matth.
2549 3474 2629 3545 χ),
2662 3485 2722 3527 ut
2764 3473 2904 3527 male
2933 3460 3122 3541 juncta
3161 3472 3455 3546 dissociet:

1876 3575 1931 3621 et
1961 3568 2155 3631 sciant,
2206 3566 2297 3635 qui
2352 3546 2729 3629 retinaILSeritit,
2766 3565 2908 3633 quod
2934 3565 3049 3633 ipse
3080 3564 3149 3617 sit
3173 3563 3455 3619 Dominus.

1876 3658 2117 3728 Cumque
2144 3658 2219 3713 illi
2244 3656 2593 3719 cessaverint,
2626 3670 2965 3729 nequaquam
2992 3653 3129 3707 ultra
3158 3654 3262 3708 erit
3288 3653 3459 3708 offen-

1875 3749 2112 3803 diculum
2143 3745 2535 3807 ainaritudinis,
2583 3751 2637 3797 et
2675 3744 2827 3813 spina
2867 3742 3068 3797 doloris
3091 3757 3458 3813 compungens

1875 3848 1929 3892 et
1967 3837 2254 3890 vulnerans
2280 3833 2531 3903 populum
2559 3831 2673 3885 Dei.
2704 3830 2894 3885 Omnia
2924 3838 3103 3884 autem
3132 3830 3246 3883 hate
3274 3830 3459 3883 dicuné

1876 3938 1963 3981 tur
1990 3936 2176 3981 contra
2208 3923 2546 3979 adversarias
2576 3929 2896 3991 potestates,
2938 3920 3078 4000 quod
3118 3919 3172 3972 in
3210 3920 3457 3973 extremo

1877 4028 2116 4087 tempore
2144 4017 2447 4079 deleantur,
2476 4023 2529 4067 et
2558 4013 2630 4067 sit
2677 4021 2881 4066 aeterna
2928 4010 3217 4073 securitas,
3240 4009 3458 4077 quando

1876 4107 2281 4178 congregaverit
2307 4105 2585 4167 Dominus,
2610 4103 2824 4156 domum
2853 4098 3037 4163 Israel,
3066 4114 3157 4153 eos
3182 4100 3271 4166 qui
3295 4112 3457 4152 sensu

1875 4209 2103 4255 cernunt
2132 4198 2333 4250 Deum:
2361 4203 2416 4247 et
2436 4194 2800 4247 sanctilicatus
2830 4190 2997 4244 fuerit
3024 4188 3080 4242 in
3104 4188 3206 4253 eis,
3234 4195 3289 4241 et
3309 4202 3457 4241 com-

1875 4295 2108 4366 plebitur
2149 4293 2297 4357 illud,
2341 4290 2485 4361 quod
2526 4288 2785 4357 scriptum
2833 4295 2955 4342 est:
2989 4284 3214 4340 «Sancti
3260 4292 3455 4348 estote,

1875 4384 2129 4456 quoniam
2169 4396 2269 4451 ego
2311 4389 2530 4435 sanctus
2566 4394 2686 4433 sum
2729 4377 2914 4448 (Leuit.
2939 4376 3074 4445 xxx).
3102 4396 3119 4427 ι
3148 4375 3214 4429 Ει
3244 4376 3457 4429 habita-

1876 4475 2054 4528 verint
2078 4473 2132 4526 in
2158 4482 2302 4525 terra
2327 4484 2444 4531 sua,
2478 4468 2543 4521 de
2572 4467 2678 4536 qua
2700 4475 2755 4520 et
2780 4466 2905 4519 alibi
2939 4466 3166 4533 legimus
3198 4483 3210 4516 :
3245 4484 3262 4514 ι
3283 4462 3456 4517 Credo

1876 4566 2057 4620 videre
2078 4564 2217 4619 bona
2244 4559 2449 4614 Domini
2476 4559 2529 4611 in
2556 4566 2699 4611 terra
2724 4557 3015 4611 viventium
3046 4538 3217 4626 (Psal.
3243 4556 3449 4624 ωιτη.»

1876 4658 2045 4723 Quam
2094 4654 2311 4708 dederat
2354 4649 2552 4713 Jacob,
2599 4648 2690 4717 qui
2728 4648 2964 4717 priorem
3014 4646 3456 4717 supplautavcrat

1875 4748 2121 4807 fratrem,
2164 4753 2219 4797 et
2265 4739 2539 4811 primitiva
2567 4737 2701 4806 ejus
2738 4744 3010 4791 meruerat
3038 4736 3302 4803 accipere.
3342 4753 3359 4785 ι
3390 4734 3457 4787 Et

1876 4838 2193 4894 habitabunt
2244 4834 2296 4887 in
2331 4848 2395 4887 ea
2446 4832 2643 4895 securi,
2678 4849 2696 4881 ι
2740 4831 2851 4885 sive
2898 4829 2951 4882 in
2992 4842 3105 4896 spe,
3146 4834 3240 4880 (et
3288 4824 3455 4879 adifi-

1877 4931 2330 4990 cabunt‘domos,
2385 4925 2809 4995 plantabuntque
2857 4923 3069 4984 vineas,
3132 4928 3186 4974 et
3239 4920 3453 4973 habita—

1874 5027 2007 5079 bunt
2040 5044 2057 5074 ι
2090 5021 2324 5076 secundo
2361 5020 2411 5072 in
2440 5032 2552 5086 spe.
2595 5016 2755 5070 Juxta
2800 5014 2943 5072 illud,
2978 5012 3118 5082 quod
3153 5011 3351 5080 legitur
3400 5010 3452 5062 in

1875 5117 2009 5171 Isaia
2055 5134 2067 5169 :
2104 5133 2121 5165 ι
2173 5112 2273 5179 Qui
2321 5108 2743 5164 ablactatiestis
2788 5122 2816 5159 a
2850 5107 3008 5170 lacte,
3047 5105 3137 5173 qui
3190 5100 3452 5156 abstracti

1876 5210 1941 5261 ab
1987 5210 2169 5267 ubere,
2232 5201 2628 5257 tribulationem
2680 5213 2840 5266 super
2914 5195 3309 5249 tribulationem
3362 5207 3453 5245 ex-

1876 5308 2133 5364 spectate,
2178 5304 2231 5347 et
2292 5307 2440 5361 spem
2488 5304 2649 5357 super
2696 5301 2842 5355 spem
2922 5284 3077 5353 (Isa.
3131 5280 3357 5352 xxviii).
3425 5301 3443 5333 ι

1883 5410 1898 5440 ι
1934 5387 2297 5441 Aﬂlilicabunt
2340 5391 2517 5435 autem
2568 5381 2776 5441 domos,
2804 5397 2829 5453 r
2851 5390 2983 5443 quas
3008 5384 3061 5428 et
3084 5376 3134 5427 in
3158 5370 3451 5441 Evangelio

1878 5476 2122 5537 :cdilieat,
2177 5474 2267 5542 qui
2315 5487 2417 5524 non
2457 5483 2621 5537 super
2656 5481 2894 5528 arenam,
2935 5464 3027 5517 sed
3057 5478 3217 5531 super
3239 5471 3448 5529 petram

1881 5569 2221 5621 fundamenta
2247 5562 2544 5618 constituit.
2571 5561 2645 5614 De
2669 5557 3139 5634 quibusscriptum
3161 5562 3273 5607 est;
3298 5571 3314 5602 ι
3338 5552 3449 5607 Nisi

1880 5658 2136 5711 Dominus
2182 5652 2529 5707 aedificaverit
2574 5650 2812 5710 domum,
2852 5647 2900 5699 in
2933 5661 3128 5700 vanum
3168 5644 3447 5697 laborave-

1881 5762 2002 5809 runt
2028 5750 2117 5818 qui
2142 5748 2405 5802 aedificant
2433 5759 2551 5799 eam
2580 5739 2748 5815 (Psal.
2774 5736 2975 5805 cxxvt).
3004 5756 3020 5787 ›
