3936 6340
467 360 570 417 795

1038 471 1264 529 CAPUT
1298 471 1493 528 XXIX.

472 563 654 617 Sermo
692 561 901 617 Domini
944 570 1126 615 contra
1162 558 1491 631 Pharaonem
1519 571 1567 616 et
1592 561 1906 631 ﬁgyptum,
1948 561 2035 614 ubi

538 630 841 695 pra'dicitur
862 631 1089 701 solitudo
1119 630 1336 701 .Egypti
1362 641 1409 685 et
1438 631 1552 701 ejus
1577 640 1689 701 post
1708 630 1882 701 annos
1908 647 2042 700 qua-

537 702 780 770 draginta
802 700 1057 770 restitutio
1089 699 1407 770 promittitur
1431 699 1928 755 Nabuchodonosor
1944 714 2039 769 pro
2104 753 2118 760 _

540 767 773 823 mercede
804 768 996 823 laboris
1017 767 1198 823 contra
1212 767 1444 839 ,Tyrum.
1897 834 1901 839 ι

547 878 565 911 ι
594 858 653 913 1η
684 873 825 914 anno
860 858 1087 922 decimo,
1114 858 1169 913 in
1200 859 1516 914 duodecimo
1549 872 1753 924 mense,
1784 858 1839 913 in
1866 858 2040 928 prima

475 970 494 1003 ι
529 952 614 1006 die
655 950 877 1017 mensis,
909 948 1110 1004 factum
1135 957 1220 1005 est
1247 950 1470 1005 verbum
1501 949 1711 1005 Domini
1750 950 1815 1004 ad
1844 963 1931 1003 me
1958 947 2042 1002 di-

476 1057 495 1089 ‹
533 1053 660 1094 cens
688 1057 711 1092 ξ
730 1038 831 1094 Fili
854 1037 1110 1103 hominis,
1136 1051 1275 1107 pone
1303 1035 1494 1090 faciem
1524 1043 1881 1091 tuam-contra
1904 1034 2044 1089 Pha-

474 1146 493 1180 (
530 1141 751 1183 raonem
782 1142 964 1198 regem
994 1125 1239 1199 Egypti,
1282 1134 1338 1182 et
1376 1125 1729 1197 prophetabis
1757 1126 1824 1180 de
1853 1140 1941 1191 eo,
1989 1132 2045 1181 et

475 1236 494 1268 ι
529 1218 595 1273 de
616 1216 851 1289 Egyptq
878 1216 1127 1272 universa
1152 1216 1410 1286 loqueris,
1443 1224 1500 1270 et
1524 1216 1710 1272 dices:
1751 1214 1877 1289 Haec
1912 1215 2046 1272 dicit

480 1325 499 1357 ι
537 1307 794 1361 Dominus
815 1306 980 1371 Deus,
1010 1325 1029 1359 ι
1074 1314 1180 1360 etc.
1209 1304 1337 1361 Post
1367 1305 1641 1371 Sidonem,
1688 1321 1808 1376 quae
1846 1314 1901 1361 et
1930 1306 2045 1375 ipsa

478 1400 531 1454 in
554 1398 828 1454 Phoenicis
856 1398 1039 1454 littore
1064 1399 1355 1455 constituta
1384 1407 1489 1463 est,
1525 1412 1705 1453 sermo
1734 1397 1793 1452 ﬂt
1828 1397 1893 1451 ad
1922 1414 2047 1469 pro-

470 1489 689 1561 phetam
718 1487 929 1543 decimo
972 1502 1114 1543 anno
1148 1485 1478 1558 captivitatis
1516 1486 1658 1557 regis
1686 1485 1955 1552 Joacbim,
1992 1495 2049 1543 et

470 1581 791 1637 duodecimo
820 1595 1007 1637 mense
1034 1589 1223 1637 etuna
1261 1580 1348 1636 die
1390 1580 1614 1647 mensis,
1658 1586 1719 1633 ut
1755 1586 1923 1650 ponat
1966 1578 2048 1635 fa-

471 1670 611 1726 ciem
634 1686 785 1727 suam
815 1672 928 1727 sive
961 1669 1212 1726 obﬂrmet
1245 1677 1433 1724 contra
1476 1666 1816 1722 Pharaonem
1866 1681 2049 1737 regem

471 1758 706 1830 Egypti,
734 1768 784 1814 el
822 1759 1073 1828 loquatur
1097 1757 1163 1814 de
1191 1771 1279 1820 eo,
1307 1764 1361 1810 et
1405 1755 1473 1812 de
1510 1755 1757 1810 universa
1784 1753 2044 1826 Egypto,

473 1850 585 1905 sive
607 1850 673 1904 ad
693 1864 907 1912 omnem
932 1848 1224 1920 Egy‘ptum
1242 1834 1344 1913 ;ex
1374 1844 1478 1900 alia
1501 1844 1644 1900 enim
1670 1852 1823 1914 parte
1851 1840 2048 1900 Iudaea!

472 1936 526 1994 in
557 1938 743 2001 eodem
777 1938 957 1993 littore
987 1938 1297 2013 constituta.
1318 1933 1535 2005 Egypti
1558 1933 1832 2003 provincia.
1859 1940 1965 1997 est,
1995 1941 2052 1989 et

472 2042 591 2101 qua:
619 2026 695 2081 illi
717 2035 938 2083 ventura
973 2028 1081 2081 sint
1102 2025 1401 2095 prophetet.
1427 2022 1521 2077 Sin
1545 2030 1726 2076 autem
1752 2028 1963 2091 oportet
1984 2022 2052 2076 de

474 2118 715 2173 numeris
758 2117 959 2188 aliquid
998 2117 1197 2181 dicere,
1256 2129 1414 2183 quem
1466 2112 1643 2168 locum
1683 2111 1881 2167 habeat
1912 2112 2053 2166 inter

472 2208 659 2263 decem
676 2206 792 2262 dies
806 2222 934 2261 una.
954 2204 1107 2262 Unde
1129 2205 1252 2260 etin
1269 2203 1535 2274 principio
1553 2203 1827 2259 Gencseos
1846 2218 1952 2257 non
1970 2208 2055 2255 est

477 2296 701 2361 dictum,
742 2314 760 2348 ι
796 2295 998 2351 factum
1029 2304 1113 2352 est
1144 2309 1366 2364 vespere
1391 2302 1447 2349 et
1476 2308 1635 2350 mane
1656 2294 1772 2349 dies
1801 2294 1995 2365 prima,
2026 2309 2045 2344 ›

474 2386 571 2442 sed
602 2406 620 2437 ι
648 2402 808 2453 una,»
841 2395 901 2441 ut
924 2387 1168 2442 eamdem
1192 2385 1335 2441 diem
1368 2384 1562 2441 revolvi
1590 2398 1804 2454 semper
1835 2384 2057 2439 edoceat

479 2477 726 2533 eumdem
750 2478 993 2534 ordinem
1017 2479 1158 2534 inter
1181 2478 1365 2534 decem
1394 2476 1645 2542 decadas,
1673 2477 1777 2533 hoc
1796 2485 1897 2539 est,
1930 2492 2057 2532 cen-

482 2568 751 2622 tenarium
774 2584 1057 2623 numerum
1082 2569 1321 2625 decimus
1339 2582 1598 2623 numerus
1616 2568 1928 2639 possidebit,
1948 2581 2054 2638 quo

483 2656 553 2711 ad
594 2657 868 2712 victimam
913 2672 1082 2727 agnus
1127 2658 1454 2723 assumitur,
1506 2666 1567 2712 ut
1611 2657 1922 2712 immoletur
1966 2657 2054 2711 die

476 2753 671 2814 quarta
713 2745 939 2809 decima,
985 2752 1147 2814 atque
1194 2746 1298 2811 hoc
1339 2746 1497 2801 modo
1544 2742 1717 2814 usque
1742 2744 1808 2799 ad
1830 2743 2055 2819 millelct

477 2834 662 2889 decem
694 2833 859 2889 millia
888 2842 942 2889 et
970 2842 1187 2889 centum
1222 2834 1409 2899 millia,
1435 2842 1491 2889 et
1516 2831 1655 2887 ultra
1684 2846 1783 2901 per
1826 2831 2055 2886 decedas

482 2936 609 2985 suas
634 2937 979 2977 numerorum
1025 2920 1159 2977 ordo
1192 2922 1454 2992 procedit.
1492 2920 1621 2977 Post
1647 2920 1925 2977 decimum
1955 2936 2053 2975 au-

486 3020 595 3066 tem
644 3026 844 3066 annum
882 3010 1084 3066 mensis
1120 3010 1464 3066 duodecimus
1490 3010 1742 3080 ponitur,
1805 3017 1863 3063 ut
1925 3024 2053 3079 per-

488 3102 664 3157 fectus
722 3100 1004 3157 duodecim
1084 3101 1445 3171 apostolorum
1499 3115 1564 3156 ac
1617 3102 2051 3170 prophetarum,

481 3193 571 3261 qui
623 3191 676 3247 in
707 3207 814 3247 uno
838 3190 1106 3246 volumine
1145 3192 1506 3257 continentur,
1550 3207 1806 3247 numerus
1836 3191 2056 3247 demon-

482 3292 707 3340 stretur.
748 3284 936 3348 Porro,
955 3283 1111 3353 juxta
1154 3283 1522 3354 Septuaginta,
1546 3284 1758 3339 decimo
1804 3272 2006 3338 mensis
2037 3322 2053 3347 ,

482 3374 576 3443 Qui
632 3373 883 3429 hebraice
949 3370 1246 3444 appellatur
1295 3371 1517 3427 Thebcth
1544 3412 1559 3439 ,
1612 3380 1667 3428 et
1710 3371 1851 3441 apud
1886 3370 2055 3442 Egy-

483 3462 626 3534 ptios
675 3461 841 3533 Tybi,
898 3462 1040 3533 apud
1087 3462 1358 3517 Romanos
1403 3461 1695 3517 Ianuarius
1743 3462 1959 3526 dicitur,
1991 3476 2055 3517 eo

490 3555 636 3624 quod
684 3556 825 3624 apud
864 3554 983 3609 illos
1042 3554 1171 3608 anni
1210 3553 1280 3607 sit
1307 3552 1471 3620 janua
1500 3570 1513 3605 :
1546 3554 1690 3607 omni
1735 3552 1917 3608 calore
1962 3568 2053 3606 su-

489 3642 659 3709 blato,
686 3643 912 3713 byberni
957 3640 1171 3711 frigoris
1218 3641 1455 3696 continet
1505 3642 1884 3712 principatum.
1938 3641 2053 3696 Iloc

492 3732 560 3788 de
589 3733 829 3788 numeris
860 3731 1059 3787 dixisse
1095 3729 1341 3786 suﬂiciat.
1372 3729 1637 3785 Cancrum
1668 3728 1797 3785 illud
1825 3729 1907 3784 vel
1937 3745 2052 3785 mar

486 3824 632 3879 xime
674 3823 1058 3894 requirendum
1098 3833 1201 3887 est,
1242 3829 1419 3875 utrum
1449 3820 1562 3889 ipse
1598 3820 1668 3876 sit
1698 3820 1929 3887 Pharao,
1960 3822 2053 3891 qui

488 3913 543 3967 in
570 3911 775 3975 Exodo,
795 3920 850 3967 et
884 3911 941 3965 in
964 3911 1121 3977 Isaia,
1145 3920 1200 3965 et
1226 3910 1482 3975 Ieremia,
1507 3918 1561 3965 et
1602 3909 1869 3977 Ezechiel,
1912 3912 2053 3990 mul-

490 4000 666 4070 tisque
705 4000 825 4055 aliis
845 4000 901 4055 in
925 4000 1074 4063 locis,
1090 4009 1142 4054 et
1165 4001 1217 4054 in
1239 3998 1461 4054 Cantico
1483 3999 1817 4053 nominatur:
1858 4016 1877 4051 ι
1899 4000 2057 4069 Equi-

495 4092 627 4145 tatui
657 4106 777 4147 meo
806 4092 860 4146 in
891 4091 1142 4146 curribus
1162 4089 1473 4152 Pharaonis,
1508 4088 1799 4144 assimilavi
1829 4096 1905 4156 te,
1932 4104 2053 4159 pro‘

488 4182 633 4235 xima
661 4196 777 4236 mea
812 4179 987 4253 (Cant.
1016 4180 1088 4250 ι);
1117 4198 1135 4231 ι
1172 4194 1240 4232 an
1270 4178 1406 4233 alius
1435 4186 1594 4247 atque
1615 4178 1787 4233 alius?
1810 4177 2057 4233 Videtur-

489 4285 596 4340 que
628 4270 760 4325 mihi
794 4285 900 4326 non
943 4284 1064 4325 esse
1104 4284 1265 4334 unus,
1306 4270 1398 4323 sed
1433 4269 1571 4338 apud
1612 4267 1913 4340 Egyptios,
1951 4270 2056 4325 hoe

1101 356 1162 412 B.
1202 354 1453 412 RABANI
1490 354 1711 414 MAURI
1744 356 2060 427 ARCHIEP,
2105 356 2412 415 MOGUN'I'.
2454 358 2739 418 OPERUM
2778 358 2955 415 PARS
2993 359 3063 423 ll.

3611 364 3726 422 796

2065 476 2110 533 Λ
2141 472 2343 528 minum
2373 489 2611 529 suorum.
2642 473 2912 547 Egyptus
2936 485 3113 530 autem
3134 476 3388 534 bebraioe
3412 479 3726 549 appellatur

2148 564 2419 631 Mcsraim,
2449 574 2502 620 et
2539 566 2591 620 in
2633 567 2865 635 linguam
2913 577 3157 622 nostram
3200 570 3433 624 vertitur
3485 587 3730 642 coangu-

2143 662 2288 708 stans
2309 655 2572 719 videlicet,
2603 664 2657 710 et
2688 654 2953 711 tribulans
2972 672 3065 711 eos
3094 657 3189 726 'qui
3214 659 3315 713 sibi
3342 658 3540 714 subditi
3566 671 3728 724 sunt,

2146 752 2332 799 etnon
2359 742 2635 799 dimitteris
2662 745 2847 811 oculos
2876 746 2943 800 ad
2971 748 3166 801 cmlum
3196 736 3402 814 levare,
3438 751 3531 805 sed
3557 749 3726 818 juxta

2147 832 2489 903 Evangelium
2523 833 2674 904 (Luc.
2706 835 2827 906 xm)
2868 843 2921 888 et
2946 837 3249 906 exemplum
3289 838 3432 893 illius
3478 838 3731 893 mulieris

2146 939 2307 994 quam
2358 925 2544 980 decem
2593 933 2653 979 et
2686 933 2809 980 octo
2861 927 3018 995 annis
3062 928 3306 984 diabolus
3339 929 3727 986 incurvaverat

2146 1028 2362 1085 semper
2373 1015 2438 1071 ad
2454 1023 2665 1069 terrena
2682 1016 3019 1085 demergcns.
3036 1015 3323 1073 Videamus
3336 1019 3500 1086 igitur
3511 1034 3631 1087 qua:
3650 1022 3731 1073 sit

2146 1102 2497 1173 comminatio
2518 1111 2704 1157 contra
2723 1102 3067 1161 Pharaonem
3085 1112 3141 1163 et
3163 1120 3378 1161 omnem
3400 1105 3725 1177 Egyptum.

2223 1209 2243 1243 ι
2274 1192 2412 1248 Ecce
2434 1207 2534 1263 ego
2558 1192 2626 1248 ad
2653 1200 2726 1256 te,
2762 1192 2972 1247 Pharao
3011 1208 3107 1248 rex
3146 1193 3385 1265 Egypti,
3414 1195 3580 1250 draco
3602 1210 3729 1250 ma-

2153 1299 2174 1335 t
2201 1297 2328 1354 gne,
2359 1282 2451 1351 qui
2476 1283 2644 1338 cubas
2682 1282 2736 1336 in
2776 1280 2953 1338 medio
2989 1280 3268 1336 ﬂuminum
3298 1293 3537 1347 tuorum,
3563 1293 3617 1338 et
3640 1283 3731 1338 di-

2152 1389 2174 1424 c
2202 1371 2483 1428 cis:Meus
2507 1380 2590 1426 est
2623 1370 2838 1434 ﬂuvius,
2874 1378 2930 1425 et
2966 1386 3066 1442 ego
3090 1370 3193 1426 feci
3224 1373 3619 1441 memetipsum.
3661 1371 3735 1426 Et

2154 1481 2174 1515 ι
2202 1475 2396 1531 ponam
2427 1460 2640 1515 frenum
2672 1461 2729 1515 in
2764 1461 2997 1515 maxillis
3029 1460 3156 1527 tuis,
3184 1471 3241 1517 et
3268 1460 3611 1533 agglutinabo
3639 1462 3731 1530 pi-

2154 1573 2173 1607 l
2199 1568 2317 1609 sees
2341 1552 2615 1607 ﬂuminum
2639 1561 2854 1607 tuorum
2874 1552 3273 1622 squamistuis;
3296 1561 3351 1605 et
3368 1552 3651 1606 extraham
3678 1560 3735 1605 te

2156 1663 2175 1697 ι
2204 1644 2269 1700 de
2298 1642 2473 1699 medio
2500 1641 2775 1697 ﬂuminum
2800 1650 3033 1708 tuorum,
3070 1650 3126 1699 et
3162 1643 3402 1699 universi
3434 1643 3612 1711 pisces
3649 1642 3738 1696 tui

2157 1754 2176 1787 ι
2204 1734 2447 1806 squamis
2466 1734 2573 1789 tuis
2597 1732 2960 1790 adhaerebunt.
2993 1733 3059 1788 Et
3073 1732 3351 1803 projiciam
3371 1742 3424 1789 te
3452 1733 3507 1788 in
3533 1734 3728 1789 deser-

2152 1845 2171 1878 i
2200 1834 2313 1881 tum
2352 1833 2408 1881 et
2449 1839 2636 1880 omnes
2675 1824 2850 1894 pisces
2894 1821 3131 1879 ﬂuminis
3166 1823 3279 1891 tui;
3320 1838 3484 1893 super
3528 1820 3741 1879 faciem

2114 1932 2131 1944 ο
2153 1933 2173 1967 ι
2204 1922 2363 1970 terra:
2396 1914 2576 1969 cades.
2615 1912 2731 1968 Non
2780 1911 3046 1982 colligeris
3074 1925 3248 1981 neque
3285 1912 3736 1983 congregaberis.

2156 2022 2175 2055 ι
2206 2004 2399 2059 Bestiis
2446 2013 2603 2059 terrae
2628 2012 2684 2059 et
2710 2001 3017 2071 volatilibus
3056 1988 3180 2057 coeli
3224 2002 3345 2057 dedi
3374 2011 3426 2057 te
3454 2003 3522 2057 ad
3562 2003 3734 2058 devo-

2155 2112 2173 2145 ‹
2219 2094 2462 2162 randum.
2488 2094 2553 2148 Et
2571 2094 2741 2150 scient
2767 2107 2955 2148 omnes
2988 2092 3320 2148 habitatores
3339 2091 3734 2164 :Egypti,quia

2156 2202 2174 2234 ι
2219 2199 2318 2254 ego
2340 2199 2458 2238 sum
2487 2184 2765 2249 Dominus,
2794 2197 2891 2252 pro
2927 2196 3015 2248 eo,
3046 2185 3186 2251 quod
3218 2182 3395 2238 factus
3419 2199 3479 2238 es
3504 2183 3739 2239 baculus

2156 2292 2176 2326 ε
2260 2264 2587 2331 arundinetis
2613 2273 2793 2328 domui
2815 2272 3001 2337 Israel,
3025 2274 3239 2344 quando
3260 2274 3741 2344 apprehenderunt

2158 2385 2177 2419 ι
2224 2375 2277 2424 te
2302 2382 2465 2421 manu
2511 2380 2628 2431 sua,
2660 2373 2715 2420 et
2739 2363 3045 2420 confractus
3069 2380 3150 2433 es,
3175 2373 3229 2419 et
3241 2364 3492 2419 lacerasti
3510 2378 3733 2419 omnem

2159 2476 2178 2509 ι
2221 2458 2506 2512 humerum
2528 2469 2735 2518 eorum,
2763 2462 2817 2508 et
2846 2453 3198 2508 innitentibus
3223 2453 3303 2508 eis
3328 2466 3489 2522 super
3513 2460 3564 2506 te
3586 2466 3740 2507 com-

2159 2567 2195 2613 ι,
2221 2546 2459 2605 minutus
2499 2560 2583 2611 es,
2631 2553 2686 2601 et
2725 2543 3011 2599 dissolvisti
3055 2557 3244 2598 omnes
3287 2558 3445 2599 rencs
3473 2556 3684 2597 eorum.
3712 2559 3739 2591 ι

2153 2636 2295 2692 Dicit
2314 2644 2491 2691 autem
2518 2642 2706 2690 contra
2729 2630 3066 2688 PharaOnem
3091 2632 3386 2703 principem
3406 2629 3649 2702 Egypti,
3681 2624 3741 2685 et

2153 2725 2253 2782 sub
2277 2724 2446 2796 ﬂgura
2480 2710 2596 2793 ejus
2626 2723 2691 2777 ad
2725 2738 2977 2794 magnam
3004 2722 3242 2793 loquitur
3270 2728 3612 2791 potestatem,
3643 2720 3738 2774 cui

2155 2815 2417 2887 Aigyptus
2457 2814 2654 2868 tradita
2696 2820 2782 2867 est
2821 2813 2889 2867 ad
2938 2812 3248 2882 regendum.
3289 2811 3354 2865 Et
3384 2810 3744 2865 nihilominus

2154 2904 2397 2976 superbit
2422 2912 2607 2959 contra
2637 2912 2936 2958 creatorem
2963 2918 3120 2958 suum
3176 2902 3279 2956 sibi
3309 2900 3738 2957 dominationem

2158 3003 2317 3051 terrae
2346 2993 2642 3059 vindicans,
2671 3001 2725 3048 et
2768 3007 2828 3048 sc
2872 2991 3150 3047 colendam
3179 2989 3451 3062 Egyptiis
3486 2986 3739 3060 gentibus

2159 3084 2397 3140 tradens.
2448 3082 2815 3153 Loquiturque
2859 3080 3013 3151 juxta
3058 3081 3219 3136 situm
3260 3079 3551 3151 provinciae
3568 3069 3739 3148 quasi

2159 3176 2227 3231 ad
2254 3189 2432 3247 regem
2470 3176 2610 3244 quod
2638 3167 2689 3229 in
2719 3173 2822 3228 Nili
2854 3172 3200 3228 inundatione
3228 3170 3483 3235 conﬁdat,
3513 3177 3570 3225 et
3610 3168 3735 3239 plu-

2155 3266 2273 3322 vias
2296 3266 2364 3321 de
2390 3266 2529 3321 caelo
2556 3280 2661 3319 non
2691 3278 3012 3335 magnopere
3036 3262 3305 3319 desideret
3331 3269 3736 3330 auctoremque,

2156 3357 2238 3412 sui
2281 3358 2514 3426 seipsum
2542 3362 2694 3426 putet
2721 3355 2806 3409 vel
2839 3354 3048 3418 ﬂuvios,
3079 3354 3182 3409 hoc
3218 3362 3321 3418 est,
3350 3352 3626 3427 διωριηέε,
3680 3358 3739 3405 et

2158 3449 2303 3504 rivos
2340 3447 2444 3501 Nili
2474 3462 2505 3501 a
2542 3462 2601 3502 se
2631 3445 2798 3502 factos
2832 3444 3063 3514 jaetitct.
3099 3442 3238 3509 Non,
3271 3444 3463 3512 inquit,
3488 3439 3739 3510 angelum

2156 3537 2387 3599 mittam,
2415 3535 2531 3601 sed,
2561 3550 2595 3589 ο
2623 3534 2787 3589 draco
2811 3549 3023 3604 magne,
3052 3534 3140 3603 qui
3164 3532 3330 3587 cubas
3356 3539 3413 3586 et
3441 3531 3641 3585 resides
3680 3530 3737 3583 in

2156 3628 2332 3685 medio
2359 3627 2636 3681 ﬂuminum
2658 3635 2903 3690 tuorum,
2923 3626 3035 3695 ipse
3071 3624 3136 3679 ad
3178 3634 3229 3679 te
3262 3623 3475 3679 veniam
3505 3622 3737 3691 punien-

2156 3716 2302 3771 dum.
2332 3715 2506 3769 Ausus
2531 3715 2674 3769 enim
2687 3729 2748 3769 es
2768 3715 2976 3769 dicere:
2996 3712 3141 3768 Meus
3167 3720 3251 3766 est
3275 3710 3424 3766 Nilus
3447 3710 3655 3774 fluvius,
3682 3700 3753 3765 et

2155 3820 2255 3876 ego
2303 3805 2406 3859 mei
2454 3804 2701 3859 conditor
2742 3818 2884 3867 sum,
2933 3802 3016 3856 vel
3069 3800 3181 3870 ipse
3228 3799 3330 3854 feci
3372 3798 3592 3863 ﬂumen,
3626 3813 3740 3867 quo

2156 3894 2333 3949 omnis
2360 3893 2624 3965 [Egyptus
2659 3892 2931 3961 irrigatur.
2957 3890 3196 3959 Cumque
3234 3905 3451 3955 venero,
3486 3908 3503 3941 ι
3538 3903 3740 3958 ponam

2157 3985 2366 4040 frenum
2397 3985 2450 4038 in
2486 3984 2718 4037 maxillis
2753 3982 2880 4045 tuis,
2919 4000 2936 4033 ι
2971 3982 3083 4035 sive
3118 3980 3483 4049 censtringam
3529 3978 3743 4047 laqueis

2157 4093 2219 4132 os
2249 4085 2416 4139 tuum,
2446 4089 2553 4143 quo
2588 4072 2870 4142 magniﬁce
2898 4070 3223 4140 loquebaris.
3254 4070 3321 4124 Et
3345 4084 3536 4127 omnes
3562 4068 3741 4123 socios

2158 4180 2221 4219 ac
2258 4165 2419 4220 duces
2449 4171 2590 4228 tuos,
2625 4177 2759 4232 quos
2795 4162 2972 4230 pisces
3002 4167 3178 4224 vocat,
3220 4159 3497 4213 adhaerere
3539 4156 3742 4211 faciam

2157 4255 2349 4325 pennis
2376 4253 2462 4310 vel
2491 4252 2729 4322 squamis
2759 4252 2886 4315 tuis,
2912 4257 2973 4304 ut
3006 4256 3281 4304 extractus
3309 4265 3339 4302 e
3366 4246 3584 4301 ﬂumine
3611 4260 3737 4315 pro-

484 4336 749 4417 vocabulo
774 4360 1133 4415 demonstrari
1156 4350 1357 4428 regiam
1388 4336 1733 4428 dig—nitatem,
1751 4336 1891 4413 sicut
1916 4359 2057 4429 apud
2154 4344 2360 4416 ἱῖοίθτίθ
2388 4344 2500 4398 Sive
2524 4342 2825 4411 δοροοπίδο
2861 4340 3096 4429 Nimium
3128 4347 3180 4393 ιθ
3206 4339 3351 4429 ("lim
3373 4336 3649 4429 intuleras
3680 4336 3737 4389 ίη

490 4454 765 4509 Romanos
788 4452 1028 4508 Caesares
1054 4458 1107 4505 et
1138 4450 1367 4520 Augusti
1394 4465 1549 4521 reges
1574 4465 1759 4504 eorum
1783 4450 2055 4520 appellan-

489 4552 579 4597 tur
600 4558 630 4597 a
651 4542 824 4610 primo
851 4539 987 4596 Gaio
1011 4538 1241 4606 Caesare,
1275 4548 1330 4595 et
1365 4540 1602 4595 secundo
1640 4541 1892 4610 adoptivo
1936 4540 2053 4610 ejus

488 4632 805 4698 Octaviano,
848 4632 941 4701 qui
980 4629 1166 4702 postea
1210 4631 1485 4703 Augustus
1516 4640 1600 4687 est
1636 4632 1964 4695 nominatus,
2001 4641 2052 4688 et

489 4722 630 4792 apud
657 4721 825 4792 Syros
847 4722 1117 4786 Antiochi,
1164 4722 1304 4792 apud
1342 4721 1535 4777 Persas
1589 4722 1883 4789 Arsacidae,
1915 4723 2057 4793 apud

490 4810 777 4865 Philistiim
800 4808 1133 4876 Abimelecb,
1153 4818 1209 4864 et
1226 4819 1348 4879 post
1366 4809 1728 4865 Alexandrum
1751 4811 1805 4863 in
1826 4810 2057 4881 Egypto

492 4902 764 4957 Ptolomaei
818 4916 988 4971 usque
1044 4902 1114 4956 ad
1160 4900 1496 4972 Cleopatram
1522 4940 1538 4967 ,
1589 4916 1694 4970 qua
1725 4901 1867 4955 victa
1918 4900 2060 4969 apud

490 4992 706 5047 Actium
752 4990 1016 5062 Egyptus
1048 4990 1289 5046 Romana
1317 5002 1399 5046 est
1434 4990 1571 5045 facta
1594 4990 1889 5061 provincia.
1918 4990 2059 5059 Ergo

497 5084 549 5139 in
585 5084 992 5154 prmsentiarum
1030 5083 1315 5138 advorsum
1353 5098 1517 5136 unum
1557 5081 1849 5151 quemlibet
1881 5094 2060 5150 regem

492 5167 709 5244 Egypti
741 5186 919 5227 sermo
955 5170 1013 5225 ﬂt
1040 5171 1279 5235 Domini,
1317 5170 1408 5240 qui
1442 5170 1827 5239 interpretatur
1856 5167 2083 5229 διασκιρ,

494 5264 705 5327 aaut-dc,
730 5261 1039 5316 interfector
1085 5260 1334 5315 videlicet
1378 5269 1434 5315 et
1480 5260 1749 5315 lacerator
1791 5267 1847 5314 et
1884 5257 2062 5328 gladio

494 5360 688 5406 cuncta
722 5349 1093 5405 concidens'et
1120 5348 1384 5403 dividens.
1426 5347 1579 5415 Quod
1612 5346 1767 5418 juxta
1807 5345 2062 5417 mysticos

495 5438 802 5497 Intellectus
841 5436 1175 5491 referendum
1224 5447 1307 5491 est
1350 5438 1415 5492 ad
1444 5452 1562 5492 eam
1591 5444 1940 5505 potestatem,
1976 5436 2063 5491 cui

496 5526 735 5596 subjecta
768 5528 852 5582 est
876 5523 1160 5596 Egyptus.
1201 5525 1482 5594 Nunquam
1520 5527 1663 5580 enim
1704 5527 1869 5581 homo
1898 5526 2064 5579 aude-

499 5630 575 5675 ret
604 5618 782 5672 dicere
808 5635 820 5670 :
858 5635 875 5667 ‹
900 5616 1015 5672 Mea
1040 5626 1164 5671 sunt
1185 5615 1422 5681 ﬂumina,
1452 5625 1507 5671 et
1527 5632 1624 5685 ego
1654 5616 1752 5670 feci
1783 5616 1923 5680 illa,i
1966 5630 2067 5669 nec

503 5714 665 5767 draco
700 5710 1056 5782 appellaretur
1086 5726 1330 5782 magnus,
1372 5718 1424 5765 ct
1463 5710 1652 5765 sedens
1685 5710 1734 5763 in
1767 5709 1941 5763 medic
1970 5706 2065 5761 ﬂu-

2161 4435 2393 4497 descrto,
2422 4438 2476 4486 et
2503 4431 2664 4486 cades
2693 4444 2853 4499 super
2871 4427 3064 4483 faciem
3098 4426 3274 4497 campi
3306 4426 3387 4479 vel
3417 4436 3576 4480 terra:
3598 4434 3731 4490 tum;

2158 4539 2222 4580 eo
2244 4523 2384 4593 quod
2400 4520 2663 4592 [Egyptus
2683 4518 2998 4589 campestris
3018 4516 3301 4587 provincia
3317 4515 3407 4569 sit.
3458 4512 3569 4569 Nec
3588 4513 3737 4569 colli.-

2160 4624 2316 4687 getur
2362 4616 2591 4669 cadaver
2626 4620 2798 4676 tuum,
2818 4626 2914 4665 nec
2946 4605 3384 4678 congregaheris,
3421 4604 3475 4659 id
3501 4612 3607 4669 est,
3636 4619 3733 4657 ne-

2161 4719 2430 4774 quaquam
2471 4700 2762 4771 sepelieris,
2793 4697 2888 4753 sed
2920 4716 2939 4749 ‹
2973 4697 3160 4753 bestiis
3187 4705 3237 4751 et
3277 4694 3583 4749 volatilibus
3612 4692 3735 4749 ςαξιί

2162 4793 2302 4848 dabo
2353 4800 2405 4847 te
2456 4791 2849 4853 devorandum;
2883 4806 2901 4839 ι
2934 4795 2994 4841 ιιι
3034 4802 3155 4840 cum
3199 4787 3316 4841 lucc
3342 4783 3574 4837 viderint
3603 4783 3654 4837 iu
3682 4791 3744 4837 te

2166 4896 2286 4935 meo
2318 4880 2523 4948 judicio
2562 4886 2870 4948 perpetrata
2914 4875 3245 4931 habitatores
3264 4872 3507 4945 Egypti,
3538 4888 3736 4943 cogno-

2162 4979 2317 5025 scant
2350 4968 2491 5039 quod
2523 4969 2635 5039 ipse
2676 4967 2777 5023 sim
2804 4967 3081 5021 Dominus.
3124 4966 3249 5021 llmc
3278 4974 3456 5019 autem
3488 4965 3583 5019 tibi
3612 4980 3735 5019 eve-

2110 5085 2121 5091 ~
2164 5058 2312 5111 nient
2359 5056 2613 5125 quoniam
2666 5054 2917 5125 populum
2972 5069 3149 5109 meum
3196 5052 3357 5107 Israel
3401 5060 3491 5107 tuo
3536 5052 3743 5106 auxilio

2164 5143 2444 5212 deccpisti,
2489 5153 2547 5197 ut
2585 5156 2923 5210 nequaquam
2976 5142 3027 5195 in
3072 5142 3181 5195 Deo
3224 5148 3468 5194 creatore
3497 5154 3615 5203 suo,
3642 5140 3734 5194 sed

2165 5232 2218 5286 in
2247 5241 2297 5286 te
2318 5231 2665 5287 conﬁderent.
2694 5230 2861 5285 Fuisti
2884 5230 2964 5285 eis
2988 5218 3209 5285 baculus
3235 5229 3561 5283 arundinetis
3576 5226 3734 5295 juxta

2162 5322 2353 5376 Isaiam
2384 5320 2517 5391 (Isa.
2552 5320 2760 5393 xxxvn),
2794 5319 2879 5373 vel
2903 5320 3051 5389 virga
3074 5334 3263 5383 vacua,
3289 5327 3344 5373 et
3366 5318 3609 5373 calamus
3628 5317 3735 5372 fra-

2164 5411 2473 5482 gilissimus,
2507 5411 2592 5465 cui
2619 5410 2909 5463 innitentes
2929 5423 3142 5463 cassum
3167 5407 3571 5477 deprehendere
3599 5423 3735 5477 pne-

2164 5505 2381 5567 sidium,
2413 5502 2485 5556 ita
2510 5511 2570 5555 ut
2598 5502 2666 5557 ab
2694 5499 3125 5554 incumbentibus
3153 5496 3478 5567 frangereris
3502 5504 3556 5551 et
3590 5498 3733 5551 lacc-

2169 5609 2316 5648 rares
2346 5596 2648 5659 humerum,
2679 5604 2733 5649 et
2779 5606 2993 5648 manum
3039 5606 3145 5668 qua
3182 5589 3478 5668 tenebaris.
3517 5588 3585 5641 Et
3610 5590 3733 5641 dum

2169 5686 2220 5739 in
2253 5694 2301 5738 lc
2327 5684 2499 5738 securi
2530 5693 2647 5737 sunt
2687 5662 3129 5737 coniminucntur
3148 5694 3334 5734 oumes
3360 5676 3529 5733 lumbi
3549 5692 3739 5733 eorum
