3936 6352
151 395 266 457 797

1106 408 1456 466 COMMENT.
1497 411 1563 466 IN
1601 415 2048 477 EZECIIIELEM.
2093 453 2160 464 -
2197 423 2322 478 LIB.
2368 424 2457 480 XI.

3296 438 3398 495 798

151 513 467 569 cadentium
507 515 559 571 in
603 523 819 584 terram,
867 531 923 576 et
969 538 1065 592 pro
1120 525 1315 578 auxilio
1362 526 1734 595 accipientium
1768 540 1810 598 Α
1841 547 1997 588 nares
2033 534 2148 604 ejus
2167 534 2421 604 perforat,
2445 537 2568 608 quia
2595 540 2813 596 callidas
2849 543 2962 614 ejus
2985 546 3202 604 insndias
3224 553 3394 607 acutis

153 604 405 659 vulnera.
439 606 563 660 Haec
589 620 765 665 autem
780 625 883 686 per
900 619 1182 691 μεταφορὰν
1200 614 1450 669 dicuntur
1480 620 1630 686 quasi
1663 620 1728 673 ad

152 709 342 764 regem
362 695 602 768 Egypti,
625 714 690 754 eo
714 702 854 769 quod
877 710 931 756 et
952 703 1062 772 ipsa
1098 705 1371 774 provincia
1395 722 1729 778 nequaquam

151 787 470 843 adversaria
501 788 661 868 fuerit
690 791 891 857 Israeli,
930 796 1023 856 sed
1051 798 1174 850 dum
1219 812 1409 866 magna
1443 802 1726 868 promittit,

151 890 182 928 a
215 876 313 931 Dei
356 892 450 934 eos
481 880 677 936 auxilio
713 894 1006 952 separaret.
1040 887 1335 942 Draconem
1374 901 1550 944 autem
1573 891 1724 961 juxta

148 967 416 1040 ἀναγωγήν
469 972 791 1026 contrariam
866 982 1188 1044 potestate‘m
1266 993 1404 1047 saepe
1470 980 1722 1050 legimus;

148 1059 295 1112 unde
343 1069 398 1114 et
434 1059 644 1118 Pharao
695 1065 894 1119 dicitur
939 1066 1329 1132 διασκιδαστής,
1366 1072 1505 1137 quod
1555 1087 1584 1126 a
1616 1072 1725 1128 Deo

147 1158 366 1218 separet
393 1159 554 1220 atque
598 1167 656 1208 se
697 1151 999 1226 jungat;,et
1047 1158 1313 1231 Egyptus
1363 1161 1416 1216 in
1464 1164 1722 1218 tribulati-

144 1248 224 1292 εει
276 1248 329 1295 et
387 1242 665 1313 aﬂligenm
721 1247 968 1314 vertitur,
1009 1264 1103 1305 eos
1162 1251 1411 1318 videlicet
1446 1269 1581 1323 quos
1621 1256 1722 1310 sibi

143 1331 386 1398 potuerit
433 1327 736 1405 subjugare.
775 1335 880 1392 Iste
906 1338 1068 1394 draco
1106 1349 1189 1396 est
1229 1344 1614 1410 praevaricator
1658 1346 1723 1400 de

143 1435 258 1489 quo
285 1419 384 1476 Job
407 1423 716 1493 plenissime
750 1427 986 1496 loquitur
1016 1422 1156 1501 (Job.
1189 1432 1300 1505 XL).
1333 1434 1398 1488 Et
1437 1435 1488 1492 in
1516 1436 1721 1505 psalmo

142 1512 410 1582 scriptum
439 1522 559 1570 est:
593 1534 611 1568 ι
646 1517 724 1572 Tu
756 1517 1063 1591 confregisti
1105 1523 1281 1593 capita
1327 1526 1596 1593 draconis,
1630 1528 1721 1583 de-

138 1601 270 1657 disti
287 1619 411 1659 cum
437 1606 487 1659 in
505 1621 682 1663 escam
696 1609 906 1679 populis
919 1610 1260 1682 Etitiopibus
1275 1614 1439 1687 (Psal.
1459 1597 1667 1691 LXXIII).
1693 1639 1713 1672 ι

137 1691 207 1745 Et
237 1695 403 1748 draco
432 1710 658 1767 magnus
694 1700 759 1753 ad
797 1703 1248 1770 comparationem
1298 1706 1564 1761 minorum
1597 1709 1719 1762 dra-

136 1798 338 1838 conum
367 1787 581 1854 dicitur;
629 1790 694 1843 de
721 1791 913 1859 quibus
949 1793 1201 1848 canitur:
1241 1813 1259 1847 α
1294 1795 1370 1849 Tu
1408 1796 1716 1868 confregisti

1829 631 2137 677 sanctorum
2162 626 2404 680 sensibus
2425 635 2667 701 penetrat
2693 647 2975 688 enervans.
3009 634 3274 711 (Ιιίσνοη.)
3298 641 3393 696 P.0-

1827 717 1906 771 nit
1933 727 2109 772 autem
2137 720 2393 775 Dom-inus
2416 721 2467 775 in
2497 724 2723 779 maxillis
2746 726 3161 786 draconisistius
3184 730 3389 791 frenum

1826 817 1879 862 et
1907 808 2145 878 perforat
2172 809 2308 865 labia
2342 811 2457 880 ejus
2484 822 2642 882 atque
2671 819 2993 889 constringit
3020 823 3242 878 armilla:
3281 826 3387 879 cir-

1825 894 1966 972 culo,
2013 897 2226 965 quando
2276 912 2371 967 per
2394 899 2786 956 ecclesiasticos
2811 904 2973 971 viros,
3026 909 3114 976 qui
3144 906 3389 979 Scriptu-

1823 984 1901 1038 ris
1941 986 2140 1041 sanctis
2193 988 2385 1042 eruditi
2439 997 2583 1054 sunt,
2631 991 2853 1059 imponit
2894 996 2939 1049 ei
2991 996 3289 1072 silentium,
3335 1010 3390 1056 et

1826 1074 2073 1129 universa
2114 1079 2481 1144 perversitatis
2508 1080 2756 1150 dogmata
2790 1083 3164 1140 dissolvuntur.
3194 1087 3389 1160 Aggln-

1825 1164 2066 1232 tinatque
2126 1165 2296 1234 pisces
2353 1165 2628 1223 fluminum
2673 1169 2788 1238 ejus
2841 1174 3031 1242 pennis
3081 1177 3244 1245 ipsius
3302 1179 3388 1235 vel

1823 1248 2096 1321 squamis,
2162 1255 2356 1324 quibus
2399 1257 2633 1312 haeretici
2683 1274 2778 1328 per
2819 1262 3118 1329 superbiam
3167 1266 3233 1320 ad
3279 1266 3387 1324 alta

1821 1343 2097 1409 festinant,
2127 1354 2186 1398 ut
2217 1354 2272 1399 et
2300 1345 2402 1414 ipsi
2430 1347 2590 1402 vincti
2631 1364 2751 1407 cum
2793 1351 3042 1416 dracone,
3073 1369 3234 1409 unum
3263 1372 3383 1413 cum

1820 1447 1885 1486 eo
1913 1448 2108 1503 corpus
2149 1433 2386 1488 efficiant
2431 1445 2485 1490 et
2522 1438 2837 1507 copulentur
2875 1440 2941 1495 ei.
2969 1441 3051 1495 vel
3092 1442 3145 1496 in
3187 1446 3385 1500 erroris

1819 1521 2115 1586 consortio,
2154 1521 2240 1576 vel
2266 1522 2320 1576 in
2360 1536 2535 1591 poenae
2575 1524 2935 1592 similitudine,
2988 1532 3253 1598 quomodo
3293 1533 3384 1606 qui

1819 1610 2058 1666 adhzeret
2111 1610 2380 1676 Domino,
2423 1627 2563 1668 unus
2611 1621 2693 1667 est
2741 1615 2980 1684 spiritus.
3027 1618 3206 1689 Neque
3257 1637 3384 1678 vero

1819 1715 1984 1755 unum
2020 1702 2181 1756 habet
2215 1705 2408 1759 fiumen
2448 1707 2609 1762 draco
2639 1708 2937 1780 Egyptius,
2977 1713 3070 1767 sed
3099 1714 3265 1768 multa
3292 1713 3386 1769 fiu-

1819 1790 1982 1855 mina,
2013 1792 2206 1860 quibus
2233 1794 2450 1864 irrrigat
2489 1795 2785 1873 .Egyptum‘
2814 1800 3066 1856 humilem
3103 1811 3264 1874 atque
3293 1805 3383 1861 de-

134 1875 316 1944 capita
343 1876 630 1932 draconum
659 1879 711 1933 in
734 1881 907 1949 aquis.
933 1881 1000 1936 Et
1023 1883 1075 1937 in
1095 1884 1198 1938 alio
1225 1884 1371 1940 loco:
1400 1905 1416 1937 ‹
1439 1886 1550 1942 Hoc
1565 1903 1716 1942 mare
1744 1877 2031 1946 8160mm,
2064 1890 2118 1935 εἰ
2151 1882 2283 1936 nihil
2314 1884 2370 1937 in
2400 1899 2458 1938 se
2479 1885 2761 1942 habentem
2787 1891 3063 1954 montium.
3092 1909 3190 1948 nec
3215 1909 3385 1965 aqmts

135 1980 392 2034 magnum
421 1975 472 2021 et
499 1968 790 2037 spatiosum
818 1971 1098 2026 manibus:
1125 1972 1230 2028 illic
1252 1974 1456 2043 reptilia
1479 1990 1712 2044 quorum

135 2071 243 2109 non
268 2065 352 2110 est
373 2072 629 2113 numerus
653 2099 668 2124 ,
698 2060 948 2114 animalia
969 2061 1157 2130 pusilla
1189 2079 1308 2117 cum
1333 2065 1573 2135 magnis;
1605 2065 1714 2120 illic

133 2160 304 2200 naves
335 2149 754 2215 pertransibunt.
796 2150 969 2206 Draco
1000 2151 1123 2218 iste,
1164 2169 1323 2224 quem
1367 2154 1606 2211 formasti
1646 2157 1711 2211 ad

131 2238 464 2292 illudendum
493 2240 542 2294 ei
572 2239 740 2312 (Psal.
791 2242 928 2313 cm).
963 2261 982 2295 ι
1013 2231 1088 2300 De
1123 2261 1227 2314 quo
1256 2255 1310 2300 et
1351 2246 1402 2300 in
1439 2247 1543 2301 alio
1594 2248 1710 2303 loco

129 2328 332 2382 dicitur
363 2347 374 2382 :
410 2331 525 2399 Ipse
563 2339 646 2386 est
685 2348 778 2386 rex
805 2335 1063 2399 omnium,
1095 2337 1185 2405 qui
1221 2337 1274 2390 in
1301 2338 1456 2406 aquis
1483 2347 1627 2401 sunt,
1654 2347 1710 2393 et

126 2419 458 2490 principium
506 2421 837 2492 ﬁgurationis
885 2425 1113 2491 Domini,
1162 2426 1252 2495 qui
1303 2426 1479 2482 factus
1520 2436 1621 2491 est,
1653 2437 1710 2482 ut

127 2509 447 2565 iIIuderetur
489 2512 557 2567 ab
602 2515 806 2585 angelis
844 2516 978 2586 ejus.
1011 2516 1166 2572 Sedet
1199 2529 1378 2572 autem
1407 2519 1519 2573 sive
1549 2519 1708 2577 cubat

125 2601 186 2655 in
221 2601 395 2655 medio
430 2597 707 2657 ﬂu‘lninum
733 2620 972 2670 suorum,
1017 2621 1121 2660 non
1149 2607 1307 2661 unius
1335 2604 1590 2678 fluminis,
1616 2609 1708 2663 sed

125 2690 446 2753 multorum.
479 2707 598 2761 quae
621 2693 674 2746 in
704 2693 929 2750 diversis
954 2696 1245 2752 hteresibus
1270 2698 1583 2766 accipimus,
1610 2714 1710 2768 per

124 2794 266 2847 quas
315 2779 470 2835 fluxit
513 2783 565 2836 in
617 2782 906 2855 )Egyptum
938 2787 1118 2841 saeculi
1168 2787 1322 2843 istius
1365 2796 1417 2844 et
1461 2790 1705 2861 irrigavit

125 2869 338 2923 animas
363 2870 722 2938 seductorum,
741 2889 844 2928 non
867 2874 1062 2943 pluviis
1089 2876 1157 2932 de
1179 2879 1315 2932 coelo
1341 2880 1698 2954 venientibus,

125 2960 226 3013 sed
266 2959 331 3015 de
355 2971 494 3016 terra
523 2965 674 3033 aquis
690 2966 946 3031 turbidis,
977 2983 1109 3036 quas
1133 2968 1315 3023 bibere
1339 2985 1435 3024 nos
1457 2971 1704 3039 prohibet

118 3050 406 3116 Jeremias,
456 3053 638 3107 dicens
673 3069 686 3106 ε
726 3073 744 3105 t
781 3055 918 3121 Quid
973 3058 1065 3111 tibi
1115 3066 1169 3111 et
1211 3060 1313 3113 vim
1357 3059 1598 3129 AEgypti,
1645 3069 1704 3115 ut

121 3140 276 3195 bibas
309 3157 500 3210 aquam
532 3143 678 3198 Geon
696 3142 826 3213 (Je'r.
849 3144 962 3215 11),»
980 3160 1078 3214 pro
1102 3150 1279 3214 quoin
1299 3146 1559 3204 Hebraico
1592 3151 1702 3202 sior

1815 1968 1980 2035 Siloe,
2009 1972 2353 2039 quae/vadunt
2377 1987 2497 2028 cum
2523 1974 2757 2041 silentio,
2780 1980 2872 2032 sed
2907 1975 3150 2036 turbidas
3176 1991 3229 2038 et
3267 1998 3384 2042 cm-

1812 2072 1990 2113 nosas.
2023 2057 2175 2115 Unde
2201 2068 2256 2115 et
2289 2063 2525 2118 extrahit
2547 2081 2667 2119 eum
2702 2067 2957 2124 Dominus
2983 2071 3047 2126 de
3073 2074 3249 2127 medio
3277 2072 3382 2129 ﬂu-

1810 2146 2011 2200 minum
2068 2162 2285 2202 suorum
2314 2190 2327 2214 ,
2381 2159 2440 2205 ut
2486 2167 2824 2224 nequaquam
2883 2158 2961 2213 eis
3012 2160 3229 2216 incubet
3279 2179 3381 2221 nec

1810 2236 1992 2290 sedeat
2025 2236 2079 2290 in
2110 2238 2206 2304 eis,
2238 2247 2292 2293 et
2330 2255 2516 2307 omnes
2541 2244 2716 2313 pisces
2747 2249 2982 2314 squamis
3023 2249 3162 2305 illius
3195 2254 3380 2311 adhae-

1810 2335 1965 2378 reant
2000 2341 2096 2395 pro
2133 2328 2387 2394 qualitate
2413 2331 2687 2405 vitiorum,
2718 2348 2814 2402 per
2839 2327 3003 2391 totum
3033 2353 3226 2408 corpus
3251 2341 3379 2397 dra-

1808 2413 1960 2467 conis
2001 2413 2083 2468 vel
2128 2416 2289 2484 capiti
2336 2418 2420 2472 vel
2457 2419 2630 2473 ventri
2676 2423 2758 2476 vel
2797 2425 2995 2490 caudae,
3030 2435 3082 2481 et
3123 2433 3378 2487 extremis

1807 2502 2052 2569 partibus
2100 2504 2476 2571 adhzerentes;
2523 2517 2581 2561 ut
2632 2518 2873 2566 extracto
2923 2513 3155 2571 dracone
3202 2519 3377 2586 pisces

1806 2603 2048 2659 quoque,
2096 2591 2186 2660 qui
2234 2594 2510 2649 adhaerent
2555 2597 2603 2650 ei
2647 2599 2848 2667 pariter
2890 2604 3260 2658 extrahantur.
3307 2606 3376 2660 Et

1805 2680 2085 2750 projiciam
2114 2692 2180 2746 te,
2211 2683 2402 2754 inquit,
2427 2686 2477 2740 ia
2506 2687 2800 2756 desertum,
2829 2701 2889 2747 ut
2925 2709 3261 2766 nequaquam
3291 2712 3376 2754 re-

1805 2772 2002 2838 perias,
2031 2787 2166 2841 quos
2193 2774 2446 2843 decipias.
2478 2776 2573 2832 Vel
2613 2787 2758 2834 certe
2790 2780 3050 2850 deponam
3089 2794 3140 2838 te
3165 2785 3229 2839 de
3253 2785 3371 2840 cui-

1806 2860 1949 2913 mine
1979 2861 2241 2930 superbice
2267 2871 2389 2928 tua},
2428 2873 2481 2918 et
2509 2866 2770 2935 deponam
2812 2877 2863 2922 te
2889 2870 3165 2926 velociter.
3212 2872 3371 2929 Juxta

1805 2947 1932 3003 illud
1952 2947 2188 3019 Apostoli
2217 2965 2231 3002 :
2259 2969 2277 3001 ι
2304 2952 2450 3034 Deus
2469 2963 2645 3009 autem
2669 2957 2816 3024 pacis
2841 2969 3085 3014 conterat
3114 2959 3369 3017 Satanam

1803 3041 1902 3096 sub
1926 3044 2152 3111 pedibus
2175 3046 2370 3099 vestris
2389 3047 2642 3102 velociter
2664 3048 2832 3119 (Rom.
2858 3051 3032 3125 πατὴρ
3052 3064 3110 3110 ut
3139 3057 3372 3113 dracone

1805 3133 2032 3186 contrito
2054 3141 2212 3203 atque
2239 3135 2502 3203 deposito,
2531 3137 2705 3206 pisces
2729 3155 2940 3210 quoque
2967 3140 3200 3200 ﬂuminis
3229 3146 3372 3203 illius

99 3231 383 3299 scriptum
406 3240 504 3296 est,
543 3234 683 3300 quod
707 3234 927 3288 verbum
957 3227 1012 3288 in
1047 3252 1213 3305 aquas
1245 3238 1482 3310 turbidas
1514 3247 1693 3294 trans-
1723 3223 1767 3284 (ἶ
1801 3223 2158 3292 deponantur,
2204 3235 2259 3280 εί
2302 3227 2457 3281 cadi“
2494 3239 2684 3304 auctor
2727 3232 3034 3300 criminum:
3085 3237 3174 3304 (ἰυῖ
3221 3239 3370 3306 Prius

119 3317 300 3373 fertur
344 3330 503 3392 atque
531 3336 798 3378 ccenosas.
848 3322 916 3378 Ut
945 3333 1122 3378 autem
1162 3311 1543 3397 intelligamus,
1575 3344 1696 3397 qua:

117 3409 232 3463 sint
281 3409 518 3481 [Egyptii
565 3411 809 3467 draconis
849 3411 1064 3468 ﬂumina
1093 3455 1108 3480 ,
1137 3431 1200 3470 ex
1244 3418 1529 3473 contrariis
1557 3421 1698 3474 scire

117 3499 436 3568 poterimus.
491 3500 744 3555 Dominus
795 3502 1031 3570 loquitur
1088 3504 1153 3558 de
1200 3503 1510 3561 ﬂuminibus
1543 3508 1692 3562 suis:

122 3608 141 3639 ‹
175 3588 273 3653 Qui
315 3590 486 3643 credit
533 3591 583 3643 in
632 3606 734 3656 me,
788 3591 1005 3669 flumina
1048 3594 1113 3648 de
1150 3604 1333 3649 ventre
1378 3596 1493 3665 ejus
1531 3596 1697 3651 fluent

117 3693 276 3747 aquae
307 3678 440 3732 viva:
465 3678 643 3749 (Joan.
672 3683 790 3751 vn).
829 3700 847 3732 ι
878 3682 943 3736 Ει
967 3684 1033 3736 ad
1065 3681 1458 3740 Samaritanam
1495 3705 1506 3740 :
1544 3706 1560 3737 ς
1593 3686 1693 3753 Qui

114 3767 316 3822 biberit
344 3768 408 3822 de
435 3785 590 3838 aqua,
622 3785 780 3838 quam
810 3786 909 3839 ego
946 3773 1143 3826 dedero
1179 3775 1224 3828 ei
1248 3813 1263 3837 ,
1315 3776 1604 3830 non‘sitiet
1638 3780 1692 3830 in

116 3869 405 3924 :eternum,
435 3862 526 3914 sed
554 3863 643 3914 lict
672 3862 719 3914 in
748 3876 813 3916 eo
839 3862 956 3916 fons
983 3879 1133 3933 aqua:
1173 3865 1414 3920 salientis
1444 3867 1494 3920 in
1524 3868 1690 3922 vitam

103 3966 372 4021 aeternam
395 3953 572 4026 (Joan.
604 3956 697 4024 tv).
731 3976 748 4007 ι
776 3957 882 4011 Ista
915 3967 1039 4012 sunt
1073 3957 1290 4013 ﬂumina
1321 3960 1385 4013 de
1417 3962 1554 4018 coelo
1593 3977 1687 4016 ve-

113 4044 319 4099 nientia
347 4044 412 4099 de
453 4045 647 4113 quibus
689 4045 853 4114 David
894 4048 1040 4101 canit
1072 4067 1083 4100 :
1123 4067 1138 4098 ι
1172 4049 1432 4103 Fluminis
1461 4051 1690 4118 impetus

113 4131 353 4188 laetificat
395 4134 664 4188 civitatem
701 4135 795 4189 Dei
823 4135 1001 4205 (Psal.
1037 4138 1190 4207 XLV),
1225 4157 1241 4188 ι
1282 4138 1423 4191 haud
1467 4139 1685 4193 dubium

114 4225 246 4294 quin
287 4223 574 4278 Ecclesiam
615 4225 898 4295 significet.
944 4226 1358 4282 Consideremus
1402 4242 1531 4298 ergo
1568 4244 1686 4298 qum

115 4315 365 4370 draconis
386 4331 563 4385 poena,
589 4317 795 4385 quodve
818 4318 1136 4386 supplicium
1159 4319 1248 4372 sit.
1271 4317 1554 4386 Sequitur:
1576 4337 1594 4369 ‹
1621 4320 1685 4374 Et

115 4420 312 4474 ponam
354 4404 560 4458 frenum
598 4405 679 4459 vel
724 4405 971 4476 laqueum
1006 4407 1058 4459 in
1089 4407 1318 4461 maxillis
1357 4408 1481 4462 tuis.
1532 4426 1549 4458 ι
1585 4408 1682 4462 Cui

115 4495 292 4550 simile
329 4506 407 4550 est
439 4496 564 4550 illud
587 4486 733 4551 Job:
775 4515 793 4547 ‹
819 4497 1066 4552 Adduccs
1098 4506 1275 4552 autem
1309 4499 1594 4552 draconem
1629 4498 1678 4551 in

116 4583 298 4645 hamo,
335 4592 390 4638 et
416 4599 581 4652 pones
610 4585 904 4653 capistrum
935 4587 1078 4640 circa
1111 4600 1269 4639 nares
1293 4585 1427 4655 ejus.
1450 4584 1681 4640 Confidit

115 4675 258 4744 quod
273 4677 499 4731 introeat
513 4675 760 4731 Jordanis
775 4677 823 4730 in
840 4693 900 4732 os
913 4677 1049 4747 ejus,
1066 4677 1116 4731 in
1133 4676 1288 4732 oculo
1309 4692 1406 4732 suo
1430 4676 1683 4746 suscipiet

115 4763 262 4818 illum
299 4783 312 4818 :
346 4764 638 4835 perforabit
670 4775 847 4821 autem
875 4767 1005 4821 sude
1029 4781 1184 4821 nares
1216 4765 1360 4835 ejus,
1392 4774 1448 4821 et
1471 4766 1682 4821 armilla

115 4851 313 4907 labium
340 4853 480 4908 illius
513 4853 653 4925 (Job.
683 4854 794 4925 XL).
820 4874 837 4906 ι
866 4855 1040 4926 (σχερ.
1075 4856 1265 4910 Morel.
1302 4872 1492 4922 xxxm,
1524 4871 1572 4910 c.
1602 4855 1680 4928 8.)

116 4944 251 5012 Quid
275 4945 415 4999 aliud
438 4947 613 5009 sudes,
641 4946 692 5000 id
717 4955 798 4999 est
842 4947 990 5014 palos
1004 4948 1314 5016 accipimus,
1333 4949 1420 5017 qui
1437 4948 1684 5003 videlicet

116 5044 448 5090 exacuuntur
479 5045 538 5087 ut
569 5035 816 5105 figantur,
833 5036 934 5090 nisi
956 5046 1107 5091 acuta
1128 5047 1434 5093 sanctorum
1458 5040 1680 5094 consilia

117 5137 232 5190 quae
260 5123 416 5191 hujus
440 5122 726 5179 Behemoth
753 5140 910 5179 nares
931 5125 1224 5194 perforant,
1245 5130 1369 5182 dum
1395 5130 1677 5199 sagacissi-

119 5229 228 5269 mas
243 5215 464 5270 insidias
486 5214 815 5285 etvigilando
838 5217 1291 5288 circumspiciunt,
1310 5227 1364 5272 et
1378 5221 1680 5288 superando

118 5303 468 5373 transfigunt?
491 5304 594 5359 Per
633 5320 791 5359 nares
823 5319 951 5359 vero
986 5307 1119 5360 odor
1149 5308 1399 5372 trahitur,
1432 5318 1484 5362 et
1522 5310 1681 5364 ducto

117 5389 239 5444 flatu
278 5391 381 5446 hoc
420 5392 617 5461 agitur,
663 5401 719 5446 ut
758 5408 846 5447 res
882 5393 1042 5447 etiam
1075 5378 1193 5463 quae
1219 5394 1373 5465 longe
1401 5405 1482 5450 est
1511 5398 1683 5465 posita

120 5490 485 5552 cognoscatur.
527 5477 756 5537 Naribus
795 5497 922 5551 ergo
958 5483 1271 5546 Bchemoth,
1321 5485 1526 5539 CﬂIIidtB
1566 5485 1682 5552 ejus

122 5572 321 5627 insidire
347 5572 715 5642 designantur,-
743 5587 838 5640 per
863 5587 994 5641 quas
1025 5572 1370 5640 sagacissime
1401 5574 1590 5627 nititur
1626 5582 1683 5629 et

122 5650 534 5716 occulta—cordis
560 5662 725 5715 nostri
757 5663 892 5716 bona
922 5675 1265 5728 cognoscere,
1310 5671 1365 5715 et
1405 5664 1516 5716 hcce
1557 5679 1681 5731 pes-

126 5752 250 5808 sima
267 5751 614 5818 persuasione
631 5751 902 5820 dissipare.
920 5751 975 5806 In
994 5750 1213 5805 sudibus
1231 5752 1410 5821 itaque
1425 5752 1681 5805 Dominus

1799 3320 1947 3367 stare
1996 3328 2054 3368 se
2096 3316 2477 3382 arbitrabatur,
2527 3326 2581 3372 et
2626 3319 2679 3372 in
2733 3328 2845 3376 toto
2885 3324 3013 3378 orbe
3044 3325 3365 3383 discurrere.

1795 3400 1966 3456 Cadat
1996 3412 2176 3458 autem
2225 3420 2385 3473 super
2423 3404 2617 3461 faciem
2663 3417 2820 3464 terra:
2865 3425 2993 3474 suae,
3020 3412 3087 3466 ad
3112 3417 3272 3483 quam
3304 3415 3391 3472 de

1795 3493 1933 3548 caelo
1943 3496 2320 3564 praecipitatus
2345 3507 2449 3561 est,
2480 3509 2538 3551 ut
2564 3515 2901 3570 nequaquam
2928 3503 3065 3557 ultra
3103 3505 3156 3559 in
3193 3506 3366 3562 haere-

1795 3582 2022 3639 ticorum
2044 3586 2288 3641 ecclesiis
2313 3579 2590 3655 colligatur
2623 3608 2635 3642 :
2665 3604 2837 3663 neque
2861 3604 3211 3664 congregetur
3253 3598 3368 3653 sive

1794 3673 2083 3747 sepeliatur
2113 3676 2164 3729 in
2196 3677 2299 3742 his,
2331 3678 2419 3746 qui
2453 3679 2793 3734 crediderunt
2818 3682 2866 3736 ei
2909 3699 3032 3737 cum
3058 3686 3124 3738 ab
3155 3701 3220 3740 eo
3252 3687 3364 3742 fue-

1793 3765 1899 3818 rint
1933 3765 2161 3829 liberati,
2196 3767 2287 3821 sed
2315 3768 2470 3822 detur
2509 3769 2574 3822 ad
2602 3770 2962 3828 devorandum
2986 3774 3176 3830 bestiis
3207 3785 3364 3847 terrae

1790 3865 1844 3910 et
1871 3857 2177 3912 volatilibus
2213 3858 2372 3924 cceli;
2405 3859 2590 3915 bestiis
2634 3861 2739 3916 illis
2769 3863 2834 3918 de
2877 3866 3070 3934 quibus
3104 3868 3360 3937 scriptum

1787 3957 1911 4000 est:
1949 3967 1967 3998 (
2002 3947 2080 4002 Ne
2123 3949 2305 4002 tradas
2350 3948 2537 4004 bestiis
2583 3952 2816 4006 animam
2870 3955 3211 4029 confitentem
3263 3958 3360 4013 tibi

1790 4037 1960 4108 (Psal.
1989 4039 2202 4108 Lxxm).
2233 4059 2251 4092 ι
2286 4040 2351 4094 Et
2375 4040 2678 4097 volatilibus
2703 4044 2843 4108 eceli,
2873 4060 2990 4113 qua:
3024 4044 3178 4114 juxta
3217 4047 3359 4102 viam

1789 4125 2083 4182 sementem
2118 4129 2424 4182 comedunt.
2462 4130 2584 4184 Et‘a
2621 4131 2898 4187 Salvatore
2942 4134 3356 4207 interpretantur

1785 4233 1905 4274 esse
1935 4219 2148 4273 diaboli.
2188 4220 2305 4274 Non
2332 4221 2503 4276 solum
2540 4225 2680 4295 enim
2717 4226 2965 4295 princeps
3000 4228 3232 4290 malitiae,
3263 4231 3358 4283 sed

1784 4316 1839 4360 et
1894 4308 2139 4377 discipuli
2184 4309 2300 4378 ejus
2344 4311 2536 4366 diaboli
2594 4315 2956 4370 nominantur.
3006 4315 3163 4371 Juxta
3208 4318 3353 4384 illud,

1783 4399 1924 4466 quod
1963 4399 2029 4453 de
2054 4397 2190 4454 Juda
2233 4401 2426 4470 dicitur
2458 4419 2469 4454 :
2525 4420 2542 4452 ι
2573 4402 2762 4457 Nonne
2800 4419 2898 4473 ego
2943 4421 3035 4460 vos
3067 4406 3360 4476 elegiduo—

1783 4488 1977 4554 decim,
2021 4497 2076 4543 et
2104 4505 2240 4544 unus
2279 4491 2345 4544 de
2384 4491 2534 4546 vobis
2577 4492 2816 4547 diabolus
2851 4494 2967 4548 est?
2996 4513 3014 4545 ›
3043 4494 3224 4572 (loqu)
3256 4497 3354 4565 vi.)

1713 4561 1920 4633 DCteli
1970 4589 2146 4634 autem
2196 4590 2454 4636 vocantur
2491 4581 2752 4649 volatilia,
2798 4584 2922 4653 quia
2963 4585 3063 4639 sibi
3109 4561 3352 4640 sublimia

1788 4671 2185 4738 repromittunt,
2213 4680 2272 4724 ut
2298 4669 2577 4741 postquam
2613 4673 2776 4727 draco
2811 4689 2932 4728 cum
2975 4675 3208 4744 piscibus
3244 4675 3354 4734 suis

1787 4760 2060 4830 depositus
2100 4760 2262 4815 fuerit
2289 4771 2450 4830 atque
2488 4764 2776 4832 projectus,
2805 4772 2861 4818 et
2893 4764 3120 4820 traditus
3157 4768 3222 4821 ad
3263 4766 3356 4822 de-

1788 4851 2081 4906 vorandum
2109 4852 2293 4905 bestiis
2322 4860 2638 4921 terrte,qu'.e
2662 4851 2794 4906 nihil
2820 4853 2873 4906 in
2896 4868 2954 4908 se
2981 4855 3179 4910 habent
3201 4871 3343 4910 man-

1784 4943 2102 5006 suetudinis,
2127 4953 2181 4997 et
2227 4943 2310 4997 bis
2353 4942 2444 5010 qui
2499 4940 2952 4996 circumferuntur
2999 4943 3144 4998 omni
3195 4952 3353 4999 vento

1783 5035 2058 5100 doctrinm,
2093 5043 2217 5088 tunc
2240 5033 2538 5104 intelligant
2585 5032 2924 5090 habitatores
2952 5033 3108 5111 istius
3147 5034 3348 5100 saeculi,

1781 5126 1922 5195 quod
1949 5126 2063 5194 ipse
2085 5124 2440 5178 sitDominus.
2470 5123 2655 5178 Omnis
2679 5133 2858 5177 autem
2883 5111 3041 5178 causa
3066 5137 3348 5191 pinnarum

1781 5224 1884 5277 est,
1914 5215 2052 5282 quod
2084 5213 2283 5267 frustra
2318 5210 2494 5267 domui
2525 5212 2687 5266 Israel
2715 5212 2961 5282 promisit
2989 5211 3264 5274 auxilium,
3295 5219 3352 5266 et

1784 5304 1882 5358 fuit
1913 5305 1960 5357 ei
1991 5305 2146 5373 virga'
2170 5303 2252 5358 vel
2283 5303 2501 5357 baculus
2524 5303 2871 5364 arundineus,
2901 5316 3102 5355 vacuus
3144 5311 3196 5354 et
3230 5301 3347 5353 ina-

1786 5393 1888 5455 nis,
1939 5393 2176 5461 nihilque
2209 5394 2261 5446 in
2306 5407 2364 5446 se
2413 5377 2614 5445 habens
2660 5390 3021 5460 plenitudinis,
3069 5389 3194 5458 quia
3241 5404 3346 5443 non

1785 5490 1994 5548 poterat
2020 5481 2236 5534 dicere:
2275 5499 2292 5530 ‹
2331 5480 2437 5535 Nos
2475 5489 2652 5535 autem
2696 5495 2882 5534 omnes
2927 5480 2991 5533 de
3021 5479 3349 5547 plenitudine

1784 5569 1900 5637 ejus
1929 5572 2232 5638 accepimus
2255 5568 2431 5639 (Joan.
2463 5569 2535 5638 ι);
2569 5589 2588 5621 ι
2621 5585 2740 5624 cum
2772 5569 3048 5638 Scriptura
3083 5581 3352 5637 praecepe-

1789 5659 1856 5712 rit
1874 5676 1916 5710 ;‹
1938 5657 2052 5711 Non
2077 5658 2356 5726 apparebis
2386 5658 2438 5712 in
2462 5668 2746 5727 conspectu
2775 5656 2983 5710 Domini
3015 5655 3107 5709 Dei
3136 5655 3209 5709 tui
3233 5654 3349 5708 ina-

1788 5748 1870 5801 nis
1919 5754 2012 5800 aut
2058 5761 2259 5800 vacuus
2297 5745 2492 5816 (Exod.
2528 5746 2705 5817 xxnt).
2744 5765 2762 5798 ι
2796 5744 2946 5812 Quod
3009 5751 3185 5800 autem
3238 5759 3348 5803 non
