3936 6340
567 373 673 431 799

1205 372 1264 425 Β.
1304 369 1552 424 ιιΑωΝι
1591 370 1810 427 ΜΛΙΠΠ
1848 370 2113 427 ΑΠΟΙῘΙΕ]

2219 370 2518 426 IIOGUNT.
2559 373 2845 430 OPERUM
2883 375 3060 430 PARS
3101 377 3163 429 II.

3732 379 3840 430 80C

564 485 854 541 debeamus
888 485 955 538 oh
999 483 1232 553 Egypto
1276 485 1530 538 auxilium
1578 483 1875 554 postulare,
1917 493 1973 538 et
2014 483 2138 538 aliti
2173 493 2215 548 Α
2251 502 2268 533 ι
2315 499 2576 538 annormn
2627 489 2963 557 congregabo
3010 487 3296 559 .Egyptum
3352 492 3416 544 de
3470 489 3716 561 populis,
3785 494 3841 545 in

563 575 841 645 Scriptura
889 584 1120 630 testatur
1170 594 1181 628 :
1231 595 1248 627 ι
1307 577 1395 631 Vae
1435 576 1514 631 eis
1562 578 1652 645 qui
1701 575 2031 630 descendunt
2083 575 2136 628 in

560 661 852 735 Egyptum
895 665 1264 724 adsuuxilium
1301 664 1436 735 (Iw.
1474 665 1644 733 xxxt).
1677 685 1694 716 ι
1731 664 1805 717 De
1835 665 2135 718 istiusmoli

559 758 750 814 baculo
807 759 1103 814 arundineo
1155 767 1208 814 et
1264 760 1533 814 Rabsaces
1587 758 1788 814 frustra
1847 759 2136 828 exprobrat

559 849 802 904 Ezechias
830 851 941 919 regi
981 849 1152 914 Iudae,
1178 851 1362 906 dicens
1388 865 1401 904 :
1437 869 1454 901 ι
1485 850 1625 905 Ecce
1651 850 1876 904 confidis
1905 849 1957 903 in
1984 850 2136 920 virga

556 943 851 998 arundinea
893 952 1054 1012 atque
1085 943 1361 998 confracta
1408 942 1532 1006 ista,
1573 940 2019 1012 super/Egypto,
2046 942 2132 995 cui

555 1033 649 1103 qui
695 1032 910 1087 innixus
951 1031 1133 1095 fuerit,
1181 1032 1478 1101 ingreditur
1514 1031 1567 1084 in
1614 1045 1830 1084 manum
1866 1031 1982 1100 ejus
2012 1047 2025 1083 :
2055 1030 2133 1084 sic

554 1129 636 1176 est
678 1120 888 1178 Pharao
927 1139 1024 1178 rex
1066 1122 1304 1194 Egypti,
1344 1130 1398 1176 et
1424 1136 1612 1176 omnes
1638 1121 1730 1190 qui
1765 1121 2041 1175 confidunt
2075 1122 2129 1175 in

554 1225 618 1263 eo
642 1210 773 1280 (Ira.
804 1213 1013 1283 xxxvr).
1045 1233 1062 1265 ι
1095 1213 1162 1266 Et
1196 1212 1283 1266 ille
1315 1211 1531 1281 quidem
1562 1211 1627 1266 de
1654 1209 1802 1279 justo
1828 1226 1952 1280 rege
1981 1225 2131 1265 men-

555 1302 790 1356 tiebatur
817 1304 917 1358 ista
949 1319 1396 1368 commemorans,
1412 1303 1502 1372 qui
1527 1303 1908 1372 interpretatur
1932 1303 2130 1358 multus

549 1389 759 1460 poculo.
790 1391 1092 1447 Inebriatus
1118 1393 1262 1446 enim
1302 1400 1419 1447 erat
1457 1391 1522 1446 de
1559 1405 1723 1445 aureo
1765 1390 1932 1445 calice
1959 1390 2131 1461 Baby-

550 1482 708 1547 lonis,
756 1491 811 1538 et
853 1483 1055 1554 idcirco
1108 1500 1229 1554 qua:
1271 1499 1369 1538 sua
1413 1491 1568 1537 erant
1611 1482 1890 1550 ingerebat
1931 1481 2127 1550 populo

547 1574 821 1628 dominum
853 1574 1151 1630 confitenti.
1186 1575 1282 1630 Hic
1312 1589 1438 1630 vero
1479 1561 1836 1642 exprobratur
1856 1573 2126 1628 Pharaoni

546 1664 688 1730 quod
722 1663 884 1719 fuerit
908 1663 1090 1718 domui
1118 1664 1279 1720 Israel
1310 1665 1456 1732 virga
1486 1664 1599 1718 sive
1637 1662 1859 1717 baculus
1901 1664 2124 1717 arundi-

546 1768 698 1817 neus,
727 1768 922 1808 vanum
951 1754 1031 1808 eis
1075 1764 1130 1808 et
1174 1753 1361 1824 fragile
1405 1761 1460 1808 et
1499 1753 1606 1807 cito
1648 1752 2120 1808 comminuendum

2249 592 2268 623 ‹
2311 574 2507 643 quibus
2541 576 2765 643 dispersi
2810 578 3020 630 fuerant
3061 587 3114 632 ct
3158 580 3409 634 reducam
3452 581 3840 650 captivitatem

2244 678 2264 712 ι
2309 661 2548 733 zEgypti,
2597 673 2652 717 et
2693 664 2967 719 collocabo
3010 681 3103 720 eos
3164 669 3215 720 in
3268 676 3407 722 terra
3452 669 3732 723 Phaturcs
3780 669 3840 724 in

2243 768 2260 798 ι
2309 759 2451 803 terra
2506 752 2803 807 natititatis
2847 768 2959 808 sua:
3001 774 3013 808 :
3060 755 3111 809 in
3165 765 3304 810 terra
3359 759 3424 811 de
3467 775 3574 828 qua
3620 761 3836 828 sumpti

2243 855 2260 888 ‹
2307 848 2432 893 sunt
2462 858 2474 892 :
2504 841 2575 895 Et
2627 852 2784 896 erunt
2833 845 2902 898 ibi
2951 845 3003 898 in
3057 862 3280 916 regnum
3331 850 3548 913 humile,
3597 863 3650 905 et
3685 852 3839 904 inter

2242 945 2260 979 ‹
2309 942 2471 997 regna
2508 939 2702 984 extera
2731 934 2835 986 erit
2871 933 3262 999 humillimum;
3291 946 3341 990 et
3378 955 3482 991 non
3514 939 3838 992 elet'abilur

2241 1035 2260 1068 ι
2308 1019 2446 1072 ultra
2477 1036 2640 1091 super
2669 1024 2937 1091 nationes,
2978 1034 3032 1080 et
3061 1026 3371 1081 imminuam
3404 1044 3516 1086 cos.
3549 1046 3616 1083 ne
3643 1032 3833 1097 impe-

2241 1125 2259 1159 ι
2307 1119 2388 1163 ret
2414 1111 2682 1179 gentibus,
2731 1128 2903 1182 neque
2948 1122 3106 1168 erunt
3147 1116 3288 1170 ultra
3335 1117 3513 1171 domui
3558 1118 3737 1174 Israel
3772 1118 3831 1172 in

2238 1214 2258 1248 ‹
2303 1191 2624 1282 confidentia
2667 1203 2928 1282 docentes
2965 1204 3300 1274 iniquitatem
3328 1244 3343 1270 ,
3396 1215 3454 1259 ut
3500 1207 3718 1278 fugiant
3771 1217 3833 1260 et

2238 1305 2256 1337 ι
2302 1276 2598 1359 sequantur
2644 1307 2778 1347 eos:
2812 1276 2866 1350 et
2908 1295 3079 1350 scient
3105 1296 3230 1364 quia
3267 1311 3367 1366 ego
3400 1313 3519 1352 sum
3554 1276 3830 1352 Dominus

2237 1394 2255 1427 ι
2299 1377 2459 1433 Deus.
2497 1400 2514 1432 ι
2551 1380 2818 1453 (Ιιίενοη.)
2842 1382 3013 1454 Iunge
3055 1385 3326 1453 prioribus
3349 1403 3468 1456 qua:
3489 1397 3822 1457 sequuntur.

2230 1463 2366 1529 Quia
2393 1465 2538 1520 fuisti
2571 1469 2794 1526 baculus
2823 1473 3154 1526 arundineus
3187 1473 3365 1527 domui
3404 1475 3586 1540 Israel,
3626 1487 3684 1529 et
3713 1493 3824 1530 non

2229 1554 2402 1607 solum
2429 1555 2739 1612 confractus
2769 1575 2827 1613 es
2866 1560 2919 1613 in
2955 1577 3114 1614 manu
3141 1563 3275 1631 ejus,
3305 1565 3397 1617 sed
3431 1564 3588 1634 juxta
3616 1566 3822 1620 Isaiam

2227 1643 2512 1712 perforasti
2542 1662 2756 1700 manum
2789 1649 2933 1718 ejus,
2969 1661 3023 1704 et
3052 1668 3194 1706 nunc
3221 1652 3466 1707 lacerasti
3502 1655 3815 1715 humerum,

2227 1745 2279 1790 et
2310 1737 2420 1805 ipSe
2441 1741 2801 1795 comminutos
2831 1757 2889 1797 es
2910 1752 2962 1796 et
2991 1743 3332 1798 inuitentium
3351 1761 3514 1814 super
3545 1756 3598 1811 te
3621 1749 3818 1801 dissol~

545 1843 799 1898 “mium
853 1845 1250 1914 repromittens.
1304 1843 1373 1900 Ut
1414 1853 1595 1898 autem
1637 1844 1778 1898 scire
1823 1844 2118 1909 valeamus,
2152 1868 2196 1928 Β
2224 1828 2348 1928 visti
2383 1828 2608 1893 lumbos,
2644 1829 2844 1886 idcirco
2890 1849 2990 1903 ego
3018 1835 3267 1890 inducam
3295 1852 3455 1904 super
3492 1849 3543 1891 te
3574 1839 3815 1892 hostium

544 1935 635 2004 qui
668 1934 739 1990 sit
764 1934 986 1990 baculus
1023 1935 1371 1996 arundinetis.
1414 1950 1579 2004 super
1603 1950 1711 2004 quo
1735 1935 1925 1990 domus
1957 1935 2121 1990 Israel

543 2025 815 2082 confidere
859 2039 966 2080 non
1003 2027 1214 2090 debeat,
1253 2042 1317 2081 ex
1351 2027 1626 2081 contrario
1651 2027 1844 2081 baculo
1873 2033 1939 2081 et
1969 2029 2119 2095 virga

542 2117 752 2172 Domini
793 2116 1088 2186 intelligere
1121 2118 1434 2186 poterimus,
1480 2118 1545 2172 de
1585 2132 1691 2186 qua
1728 2116 1794 2170 ad
1833 2117 2117 2173 Dominum

541 2209 738 2264 dicitur
770 2226 836 2266 ιιι
869 2207 1030 2279 Virga
1068 2217 1155 2262 tua
1183 2217 1236 2264 et
1261 2208 1482 2264 baculus
1511 2218 1634 2264 tuus
1662 2210 1776 2280 ipsa
1807 2225 1892 2264 me
1920 2226 2118 2265 conso-

539 2299 645 2356 lata
673 2309 797 2355 sunt
821 2298 993 2371 (Paul.
1026 2304 1179 2372 xxu).
1212 2301 1406 2356 D'IIIIIIC
1421 2303 1625 2372 virgam
1652 2303 1838 2356 habuit
1858 2314 1910 2357 et
1938 2301 2116 2358 Aaron

537 2405 657 2460 qum
699 2390 960 2444 dracones
996 2389 1279 2460 .ﬁgyptios
1327 2390 1605 2445 devoravit
1652 2390 1847 2461 (Exod.
1887 2407 2002 2455 vm,
2037 2392 2112 2463 x),

535 2490 591 2535 et
621 2481 885 2549 percussit
913 2497 1135 2553 aggeres
1159 2481 1283 2547 Nili,
1316 2484 1645 2553 etcynipbcs
1667 2483 1719 2538 in
1748 2491 1856 2538 tota
1883 2483 2115 2555 Egypto

538 2582 808 2640 generata:
866 2582 1010 2628 sunt.
1067 2573 1274 2644 Moyses
1323 2590 1554 2645 quoque,
1604 2576 1756 2647 juxta
1807 2576 1968 2641 LXX,
2021 2593 2116 2634 ex-

535 2661 704 2716 tendit
723 2661 862 2716 hanc
882 2663 1082 2732 virgam
1107 2672 1162 2716 et
1193 2663 1389 2719 levavit
1414 2666 1466 2719 in
1509 2667 1703 2720 caelum
1724 2707 1737 2732 ,
1772 2679 1825 2720 et
1855 2666 2114 2723 Dominus

533 2751 744 2806 induxit
788 2761 1003 2808 ventum
1047 2763 1288 2809 austrum
1335 2771 1498 2825 super
1527 2765 1725 2812 terram
1767 2765 1878 2812 toto
1907 2758 1997 2813 illo
2025 2753 2121 2813 die

530 2849 587 2895 et
613 2849 722 2896 tota
752 2850 908 2898 nocte
935 2851 988 2898 et
1029 2859 1186 2898 mane
1223 2843 1420 2899 levavit
1449 2854 1660 2912 ventus,
1691 2856 1744 2900 et
1778 2847 2001 2901 adduxit
2031 2848 2110 2902 lo-

531 2940 714 2986 custas
759 2947 922 3002 super
963 2948 1183 3008 omnem,
1221 2946 1421 2989 terram
1469 2935 1704 3007 Egypti.
1749 2937 1823 2992 De
1855 2938 1956 2994 hac
1981 2947 2111 3008 puto

531 3024 680 3094 virga
699 3023 880 3089 scribi,
909 3025 1036 3079 etin
1056 3007 1411 3101 Numerorum
1431 3026 1567 3081 libro
1587 3025 1774 3091 (Num.
1811 3027 1942 3098 xvu)
1967 3007 2111 3098 quod

531 3112 776 3170 floruerit
819 3124 872 3170 et
907 3131 1071 3174 nuces
1111 3115 1222 3172 sive
1249 3117 1557 3188 amygdalas
1594 3118 1925 3188 germinarit.
1963 3118 2114 3174 Hauc

2225 1918 2490 1986 gladium,
2534 1931 2588 1975 et
2637 1939 2758 1976 cum
2801 1924 3106 1980 hominibus
3151 1927 3394 1995 jumenta
3457 1931 3680 1984 vastat-0
3715 1947 3728 1981 :
3761 1941 3818 1984 et

2224 2012 2461 2066 redictur
2511 2023 2653 2068 terra
2697 2013 2912 2086 Aigypti
2961 2017 3012 2070 in
3062 2017 3408 2083 solitudines,
3463 2031 3514 2074 et
3570 2023 3814 2076 secundo

2220 2104 2392 2158 scient
2439 2104 2701 2174 Aigyptii,
2748 2109 2888 2177 quod
2921 2123 3021 2179 ego
3053 2124 3174 2164 sum
3213 2111 3510 2165 Dominus.
3557 2111 3666 2166 Nec
3707 2115 3812 2168 hoc

2219 2209 2312 2248 ero
2345 2195 2448 2250 line
2473 2206 2787 2264 contentus,
2820 2199 2912 2254 sed
2942 2201 3066 2269 quia
3099 2202 3151 2255 in
3184 2211 3387 2257 tantam
3421 2206 3667 2274 prorupit
3696 2207 3812 2259 bla-

2220 2289 2540 2357 sphemiam,
2590 2299 2647 2343 ut
2691 2306 2817 2346 suos
2847 2306 2966 2346 esse
3002 2292 3204 2347 diceret
3238 2293 3449 2360 fluvios,
3487 2305 3558 2350 et»
3587 2311 3808 2351 omnem

2219 2378 2603 2433 abundantiam
2628 2379 2871 2451 A‘Igypti,
2902 2381 3020 2436 ideo
3047 2391 3102 2436 et
3137 2382 3311 2452 ipsum
3342 2384 3604 2451 auferam,
3628 2387 3723 2454 qui
3751 2403 3808 2442 se

2218 2469 2428 2523 dixerat
2455 2478 2776 2534 creatorem,
2813 2479 2867 2539 et
2896 2469 3114 2526 ﬂumina
3145 2488 3262 2540 qu:e
3291 2488 3320 2527 a
3348 2489 3406 2529 se
3431 2475 3807 2543 creatajacta-

2217 2567 2369 2613 verat
2415 2567 2468 2644 et
2507 2559 2768 2630 reliquam
2820 2570 3019 2617 terram
3067 2563 3285 2634 lEgypti
3326 2563 3379 2618 iu
3427 2565 3804 2637 longissimam

2215 2649 2579 2716 solitudinem,
2634 2662 2688 2707 et
2729 2652 2919 2723 'gladio
2975 2656 3291 2726 dissipatam
3344 2673 3373 2711 a
3429 2667 3579 2714 turre
3627 2659 3805 2729 Syene

2215 2752 2384 2817 usque
2412 2740 2478 2793 ad
2523 2741 2780 2796 terminos
2827 2741 3137 2814 Ethiopian.
3179 2745 3282 2799 Pro
3327 2755 3495 2809 turre,
3538 2763 3657 2817 qua:
3704 2750 3802 2804 be-

2213 2813 2395 2883 braice
2430 2829 2640 2899 magdal
2690 2831 2906 2897 dicitur,
2936 2830 3288 2903 Septuaginta
3333 2834 3434 2889 loci
3468 2813 3661 2891 nomen
3709 2853 3802 2906 po-

2214 2928 2465 2982 suerunt,
2537 2928 2594 2973 ut
2657 2922 2938 2992 magdafon
2995 2923 3314 2980 scriberent.
3384 2915 3574 2982 Turris
3620 2939 3800 2984 autem

2215 3007 2391 3081 Syene
2441 3027 2610 3082 usque
2648 3015 2805 3069 hodie
2837 3026 3118 3084 permanet
3161 3028 3396 3072 castrum
3435 3020 3693 3076 Romamn
3721 3023 3798 3076 di-

2214 3103 2345 3158 tioni
2371 3106 2640 3160 subditum
2673 3125 2686 3160 :
2718 3109 2807 3164 ubi
2832 3120 2958 3164 sunt
2981 3109 3084 3165 Nili
3116 3119 3429 3179 cataractas,
3451 3122 3507 3169 et
3538 3131 3710 3184 usque
3732 3117 3798 3169 ad

532 3193 768 3260 habebat
792 3206 849 3260 ει
866 3204 1153 3275 Apostolus
1181 3206 1368 3262 dicens
1401 3224 1416 3260 ε
1455 3225 1474 3257 ι
1514 3206 1651 3274 Quid
1678 3207 1840 3262 vultis
1882 3207 1934 3262 in
1960 3210 2109 3280 virga
2140 3210 2184 3272 ρ
2216 3208 2374 3263 quem
2398 3193 2570 3250 locum
2599 3197 2665 3252 de
2694 3208 2878 3254 nostro
2900 3202 3034 3256 mari
3055 3199 3205 3255 Nilus
3228 3204 3546 3274 navigabilis
3567 3216 3664 3259 est.
3695 3205 3798 3259 To-

527 3295 739 3350 veniam
769 3294 836 3350 ad
859 3295 992 3351 vos?
1024 3316 1042 3348 ι
1074 3296 1126 3367 (1
1154 3295 1276 3351 Cor.
1306 3298 1402 3368 tv.)
1431 3297 1497 3352 Et
1525 3299 1615 3367 qui
1637 3297 1844 3353 Pascha
1866 3298 2106 3355 celebra-

528 3381 661 3438 bant
705 3383 925 3440 baculos
979 3387 1230 3440 tenebant
1275 3386 1525 3442 manibus
1560 3386 1770 3459 (Exod.
1819 3396 1951 3456 xu),
1994 3389 2111 3444 sine

529 3472 724 3540 quibus
770 3472 1190 3529 imbecillitatem
1231 3475 1450 3529 humani
1484 3476 1728 3545 corporis
1759 3478 2109 3555 sustentand-

527 3563 630 3618 bus
661 3579 851 3620 carnes
885 3565 1008 3636 agni
1050 3567 1334 3621 comedere
1373 3581 1479 3620 non
1527 3575 1794 3636 poterant.
1852 3566 1977 3622 Ilaec
2026 3575 2110 3622 est

528 3655 678 3726 virga
723 3655 790 3710 de
835 3657 1017 3712 radice
1062 3655 1236 3722 Iesse,
1267 3673 1427 3726 super
1461 3674 1622 3728 quam
1657 3668 1861 3730 septem
1888 3661 2109 3730 spiritus

532 3748 931 3816 requieverunt.
988 3747 1094 3805 Sed
1143 3766 1247 3804 non
1301 3751 1422 3806 talis
1470 3743 1700 3818 Ph'arao,
1752 3769 1851 3808 nec
1888 3754 2108 3810 baculus

533 3836 777 3909 Egypti,
806 3847 860 3893 et
897 3840 1045 3912 virga
1085 3843 1400 3906 arundinea,
1429 3857 1548 3912 quae
1587 3845 1783 3912 decipit
1811 3846 2110 3914 apprehen-

529 3927 720 3982 dentes
743 3943 824 3993 se,
854 3935 910 3983 et
933 3928 1136 3984 lacerat
1166 3931 1419 3985 humeros
1446 3946 1653 3996 eorum,
1686 3933 1738 3986 id
1765 3941 1866 3996 est,
1896 3933 2109 4015 fortitu-

531 4019 728 4073 dinem.
760 4017 824 4073 Et
863 4020 1166 4090 quicunque
1203 4035 1363 4090 super
1391 4036 1509 4076 eam
1541 4020 1705 4076 fuerit
1742 4022 1966 4088 invisus,
1995 4023 2109 4078 dis-

530 4105 814 4160 solvuntur
847 4105 1013 4160 lumbi
1042 4106 1176 4174 ejus,
1235 4116 1291 4163 et
1336 4118 1482 4163 stare
1522 4124 1625 4164 non
1669 4111 1866 4179 poterit
1897 4125 1995 4165 nec
2020 4127 2110 4166 ac-

535 4197 744 4250 cinctus
775 4195 992 4251 renibus
1017 4196 1224 4271 Pascha
1255 4198 1550 4263 celebrare,
1581 4200 1720 4269 quod
1746 4201 1828 4256 his
1862 4203 2110 4272 congruit

537 4274 764 4356 quorum
791 4294 1063 4342 scrutatur
1088 4288 1248 4342 corda
1277 4296 1332 4343 et
1361 4303 1516 4343 renes
1543 4290 1680 4344 Deus
1710 4287 1879 4360 (Psal.
1909 4290 2024 4362 vn).

613 4393 631 4426 ι
679 4376 966 4445 Propterea
1011 4376 1127 4432 haec
1167 4377 1299 4432 dicit
1339 4379 1594 4433 Dominus
1631 4378 1773 4435 Deus
1805 4399 1816 4433 :
1847 4381 1983 4436 Ecce
2010 4397 2109 4452 ego

540 4485 560 4519 ι
604 4465 865 4522 adducam
912 4483 1073 4537 super
1119 4476 1170 4523 te
1215 4469 1472 4538 gladium,
1507 4477 1561 4524 et
1602 4469 1922 4525 interficiam
1962 4473 2026 4526 de
2053 4482 2104 4527 te

2216 3295 2326 3337 tam
2352 3285 2515 3355 igitur
2535 3286 2822 3358 (Egyptum
2848 3291 2978 3346 dicit
2996 3306 3114 3348 esse
3144 3294 3502 3363 populandam
3533 3312 3704 3365 usque
3730 3299 3794 3350 ad

2214 3378 2472 3432 terminos
2514 3377 2819 3448 .Ethiopite,
2859 3382 3055 3450 quibus
3103 3394 3342 3439 extrema
3387 3383 3610 3456 Egypti
3649 3388 3796 3456 regio

2205 3464 2448 3536 jungitur
2475 3486 2487 3521 :
2517 3467 2588 3523 ita
2607 3477 2664 3522 ut
2693 3484 2788 3538 pes
2809 3469 3042 3527 hominis
3065 3472 3116 3526 in
3136 3471 3370 3543 Egypto
3393 3489 3498 3529 non
3522 3485 3795 3544 pertrans-

2211 3563 2319 3622 eat,
2368 3573 2466 3617 nec
2488 3558 2731 3628 jumenta
2761 3562 3104 3630 reperiantur
3129 3563 3179 3615 in
3203 3578 3284 3625 ea,
3314 3573 3368 3618 et
3393 3581 3496 3620 non
3523 3567 3795 3620 habitetur

2211 3663 2304 3715 per
2316 3650 2667 3720 quadraginta
2683 3651 3276 3708 annos.Parciturenim
3299 3653 3583 3726 Egyptiis,
3602 3665 3656 3710 et
3670 3658 3792 3724 quia

2211 3739 2452 3809 hospites
2473 3742 2743 3810 quondam
2766 3739 2917 3796 fuere
2936 3742 3118 3808 Israel,
3147 3745 3362 3799 brevior
3389 3745 3646 3814 temporis
3667 3761 3794 3801 con-

2211 3830 2478 3884 demnatio
2523 3838 2623 3885 est.
2678 3831 2850 3902 Tyrus
2900 3824 3252 3887 sabbatizat'it
3298 3834 3525 3888 sabbata
3573 3850 3669 3888 sua
3700 3850 3795 3903 per

2209 3935 2378 3974 annos
2407 3921 2742 3990 septuaginta
2783 3929 2838 3975 et
2867 3921 2945 3975 sic
2975 3921 3027 3975 in
3066 3923 3349 3991 antiquunm
3397 3930 3598 3977 statum
3638 3923 3793 3978 resti-

2213 4017 2322 4063 tuta
2353 4021 2454 4066 est.
2481 4011 2773 4088 Capti'yitas
2799 4027 3010 4083 quoque
3038 4012 3233 4069 Iudaea:
3264 4015 3556 4085 templique
3580 4015 3795 4071 snhrer—

2209 4097 2290 4150 sio
2319 4113 2486 4166 usque
2528 4099 2593 4152 ad
2641 4097 2838 4168 Cyrum
2897 4114 3074 4169 regem
3119 4101 3406 4155 Persarum
3454 4107 3788 4174 septuaginta

2210 4186 2493 4255 complevit
2516 4203 2685 4242 annos
2711 4205 2722 4240 :
2755 4207 2772 4239 ι
2801 4197 3045 4258 potentes
3070 4190 3214 4242 enim
3243 4199 3490 4264 potenter
3527 4199 3787 4245 tormenta

2210 4278 2496 4345 patientur.
2522 4296 2538 4329 ι
2558 4279 2709 4344 Quod
2735 4287 2911 4332 autem
2935 4278 3095 4334 dicit:
3129 4299 3146 4328 ι
3173 4279 3317 4333 Dabo
3347 4289 3547 4333 terram
3578 4280 3786 4350 Aigypti

2208 4367 2478 4420 desertam
2500 4367 2553 4420 in
2579 4366 2752 4421 medio
2777 4377 3043 4421 terrarum
3066 4367 3455 4432 desertarum,»
3483 4367 3788 4422 Palaestinos

2210 4459 2495 4529 significat,
2515 4460 2770 4526 Idumtnos
2782 4470 2834 4514 et
2851 4460 3131 4524 Moabitas,
3155 4475 3449 4529 omnesque
3474 4461 3608 4516 alias
3624 4463 3788 4532 regio-

537 4573 557 4607 ι
603 4555 872 4611 hominem
918 4563 975 4612 ει
1001 4557 1324 4628 iumentum.
1369 4558 1438 4612 Ει
1473 4559 1578 4613 erit
1625 4569 1766 4614 lepra
1807 4561 2022 4632 Egypﬁ
2052 4564 2102 4617 in
2136 4554 2185 4612 D
2212 4567 2308 4605 IICS
2354 4554 2635 4608 3(IVCI‘SUIII
2670 4571 2804 4624 quas
2843 4571 3003 4624 supra
3042 4555 3316 4624 prep'nctae
3347 4556 3659 4611 vaticinium
3690 4564 3783 4610 εει.

537 4663 557 4696 α
603 4643 870 4698 desertum
912 4651 968 4698 et
1009 4644 1369 4709 solitudinem,
1410 4657 1465 4701 et
1502 4647 1673 4702 scient
1701 4649 1824 4717 quia
1854 4665 1955 4719 ego
1983 4666 2104 4704 sum

537 4750 559 4785 ι
605 4732 878 4787 Dominus.
907 4733 985 4788 Eo
1010 4735 1152 4803 quod
1181 4736 1376 4790 dixerit
1401 4737 1594 4792 fluvius
1623 4753 1772 4792 meus
1797 4748 1897 4803 est,
1930 4748 1982 4794 et
2006 4756 2106 4810 ego

538 4841 558 4874 ε
605 4821 706 4878 feci
735 4836 889 4888 eum;
940 4823 1142 4878 idcirco
1186 4838 1312 4879 ecce
1355 4840 1454 4895 ego
1498 4827 1562 4878 al
1604 4836 1675 4891 te,
1710 4837 1764 4880 et
1789 4829 1855 4881 ad
1887 4828 2104 4883 flumina

539 4931 558 4964 ι
610 4921 698 4966 tua
743 4913 987 4982 daboque
1029 4921 1228 4967 terram
1259 4913 1476 4984 Egypti
1510 4915 1560 4968 in
1597 4916 1962 4983 solitudinem,
1995 4919 2106 4986 gla~

541 5021 559 5053 ι
606 5003 694 5058 dio
718 5001 1028 5072 dissipatam
1064 5019 1094 5056 a
1135 5012 1282 5058 turre
1313 5004 1520 5075 Syenes
1555 5021 1722 5074 usque
1752 5008 1818 5060 ad
1850 5010 2108 5063 terminos

539 5111 558 5144 ί
601 5091 908 5162 Ethiopize.
961 5092 1075 5149 Non
1120 5095 1381 5149 transibit’
1407 5109 1504 5166 per
1548 5111 1667 5149 eam
1715 5112 1811 5164 pes
1853 5097 2106 5162 hominis,

539 5199 560 5235 ο
607 5197 778 5251 neque
802 5198 896 5252 pes
914 5184 1140 5253 jumenti
1170 5185 1444 5255 gradietur
1469 5187 1520 5240 in
1548 5201 1611 5240 ea
1639 5203 1653 5240 :
1681 5196 1734 5240 et
1763 5205 1866 5243 non
1905 5189 2108 5244 habita-

539 5292 557 5324 ι
605 5272 748 5326 hitur
774 5273 1127 5344 quadraginta
1160 5275 1334 5328 annis.
1370 5275 1622 5344 Daboquc
1663 5284 1861 5331 terram
1892 5277 2110 5348 g’Egypti

539 5383 560 5416 σ
603 5364 870 5418 desertam
895 5364 948 5418 in
980 5366 1156 5420 medio
1187 5375 1449 5420 terrarum
1483 5369 1840 5432 dcsertarmn,
1887 5377 1941 5422 et
1974 5370 2107 5424 civi-

541 5471 559 5504 ι
608 5462 745 5508 tates
777 5452 894 5522 ejus
923 5455 975 5508 in
1006 5456 1180 5510 medio
1211 5456 1420 5509 urhiu:n
1448 5456 1851 5519 suhvcrsarum,
1875 5467 1929 5510 ct
1949 5467 2107 5511 erunt

540 5560 558 5592 ι
608 5542 858 5596 desolata:
900 5543 1251 5613 quadraginta
1291 5544 1464 5597 annis.
1509 5545 1570 5598 Et
1608 5546 1910 5614 dispergam
1943 5543 2107 5614 JEgy-

541 5647 560 5680 ι
608 5631 747 5699 ptios
797 5631 847 5685 in
893 5633 1134 5687 nationes
1159 5643 1211 5686 et
1247 5632 1514 5687 vcntilabo
1544 5648 1633 5686 eos
1672 5635 1722 5685 in
1756 5640 1950 5696 tcrra‘s,
1985 5633 2108 5701 quia

543 5735 561 5768 ι
607 5719 719 5774 haec
764 5721 890 5777 dicit
914 5721 1170 5778 Dominus
1204 5722 1340 5778 Deus
1370 5742 1378 5775 :
1407 5722 1532 5777 Post
1559 5722 1718 5776 linem
1751 5721 2108 5791 quadraginta

2211 4640 2363 4696 Tuuc
2385 4642 2651 4713 disperget
2683 4644 2795 4696 sive
2825 4643 3194 4696 disseminahit
3223 4641 3506 4713 Egyptios
3541 4644 3592 4697 in
3625 4646 3786 4698 natio-

2211 4748 2307 4787 nes
2344 4743 2397 4787 et
2425 4736 2704 4789 ventilabit
2741 4751 2835 4790 eos
2882 4737 2933 4790 in
2972 4746 3163 4790 terras.
3195 4736 3260 4790 Et
3295 4737 3420 4805 quia
3465 4737 3700 4791 clemens
3737 4748 3784 4790 et

2213 4824 2500 4878 miseratur
2525 4836 2605 4879 est
2631 4825 2904 4890 Dominus,
2934 4828 3144 4894 patiens
3171 4835 3222 4881 ct
3250 4828 3544 4880 multarum
3573 4830 3784 4882 misera-

2213 4913 2582 4981 tionum,-post
2598 4915 2951 4984 quadraginta
2973 4930 3138 4969 annos
3154 4913 3372 4984 Egypti
3395 4917 3664 4969 restitutio
3686 4926 3781 4975 est.

2207 5017 2260 5057 et
2281 5007 2561 5058 reducetur
2579 5005 2629 5057 in
2647 5006 2922 5074 antiquum
2945 5005 3115 5059 solum
3133 5006 3381 5058 universa
3407 5006 3714 5073 captivitas,
3735 5014 3784 5059 ct

2209 5093 2557 5147 collocahitur
2594 5093 2645 5147 in
2677 5096 2808 5148 urbe
2841 5094 3145 5162 metropoli,
3175 5109 3295 5163 quae
3325 5093 3625 5161 appellatur
3655 5093 3780 5147 l‘ha-

2212 5194 2262 5238 tu
2274 5200 2376 5247 res,
2400 5184 2486 5237 ubi
2510 5192 2624 5237 orta
2650 5194 2730 5239 est
2752 5197 2806 5238 ct
2828 5186 2966 5238 unde
2982 5184 3216 5253 profecta
3231 5195 3331 5247 est,
3361 5185 3434 5237 ita
3453 5185 3711 5237 duntaxat
3732 5195 3782 5238 ut

2210 5291 2306 5345 pro
2327 5276 2554 5332 utilitate
2576 5292 2669 5330 sua
2692 5279 2907 5330 amittat
2931 5275 3206 5346 antiquam
3229 5276 3559 5344 superbiam,
3580 5285 3631 5329 et
3646 5276 3711 5330 sit
3736 5277 3782 5328 in

2210 5380 2432 5433 regnum
2463 5364 2680 5429 humile,
2707 5367 2812 5419 imo
2830 5364 3122 5418 humillima
3149 5366 3388 5418 omnium
3406 5366 3681 5418 nationum
3701 5384 3712 5417 :
3736 5376 3782 5417 et

2211 5469 2314 5504 non
2331 5452 2719 5508 cleveturultra
2743 5463 2929 5508 contra
2945 5464 3152 5524 gentes,
3169 5470 3266 5508 nee
3287 5456 3338 5508 in
3371 5471 3468 5509 eas
3486 5456 3677 5510 habeat
3701 5474 3783 5525 po-

2213 5551 2482 5606 testatem,
2507 5545 2598 5598 sed
2631 5543 2844 5598 redacta
2874 5545 2924 5598 in
2950 5545 3297 5614 paucitatem,
3329 5561 3669 5612 nequaquam
3702 5549 3783 5599 de-

2212 5631 2372 5699 cipiat
2401 5634 2615 5687 domum
2645 5634 2804 5688 Israel
2845 5635 2924 5687 sui
2959 5634 3320 5698 confidentia;
3354 5651 3453 5688 nee
3486 5636 3676 5688 doceat
3699 5652 3782 5688 eos

2215 5722 2572 5790 iniquitatem,
2596 5726 2704 5778 sive
2723 5725 2921 5795 redigat
2941 5742 3032 5779 cus
3058 5725 3106 5778 in
3132 5725 3446 5778 memoria-4:
3474 5725 3779 5791 iniquitatis,
