3936 6330
126 379 226 436 801

1099 372 1453 428 COMMENT.
1496 372 1563 425 lN
1602 372 2054 427 EZEGIHELEM.
2100 405 2164 414 —
2209 374 2331 430 LIB.
2377 375 2466 429 XI.

3297 378 3403 436 802

130 498 274 565 quod
306 498 525 555 deserto
561 495 759 547 auxilio
801 493 893 545 Dei
930 490 1150 561 (Egypti
1186 491 1515 558 quatsierunt
1552 490 1721 543 admi-
1753 498 1801 554 Α
1834 493 1905 545 tio
1931 491 2171 562 .‘Egypti,
2199 503 2252 545 et
2283 494 2567 547 reducatur
2596 496 2873 564 captivitas
2917 498 3056 567 ejus,
3093 508 3153 553 et
3179 500 3407 558 colloce-

131 586 394 639 nicnlum.
448 585 513 637 Et
554 585 668 638 haec
705 581 883 635 omnia
917 580 1059 639 ﬁent,
1103 588 1159 631 ut
1204 579 1729 648 tertimeognoscant

133 674 381 746 Egyptii
404 674 545 743 quod
578 674 689 745 ipse
719 673 788 725 sit
815 671 1090 724 Dominus.
1122 667 1247 722 llaec
1288 668 1436 721 brevi
1477 682 1732 723 sermone

130 764 553 835 perstrinximus
586 763 819 817 historiae
858 760 1205 813 fundamenta
1242 758 1503 829 iacientes
1543 778 1554 811 :
1586 774 1730 813 nunc

135 853 412 923 allegoria:
447 853 687 907 nubilum
715 850 1087 935 disserendum
1114 858 1219 913 est,
1254 859 1307 902 et
1338 847 1523 901 eadem
1552 846 1731 899 brevi—

135 954 248 999 tate
272 946 445 999 vitare
468 944 769 1005 conabitur,
800 938 1729 1012 etltujusexplanationislongitudi-

134 1052 284 1090 nem.
302 1037 381 1089 Ad
403 1036 690 1089 draconem
716 1048 891 1088 sermo
915 1042 1018 1097 est,
1052 1034 1143 1101 qui
1164 1032 1397 1095 dixerat,
1434 1049 1450 1079 ι
1475 1028 1585 1081 Mea
1604 1034 1731 1080 sunt

132 1126 383 1189 ﬂumina,
407 1134 461 1179 et
485 1140 583 1193 ego
608 1125 704 1178 feci
736 1140 824 1181 ea.
848 1143 865 1173 ›
892 1123 1033 1193 quod
1057 1123 1277 1175 inducat
1299 1134 1459 1189 super
1479 1118 1730 1185 eumipse

136 1219 400 1272 Dominus
427 1217 682 1287 gladium.
714 1217 789 1270 De
803 1216 975 1283 quoin
994 1213 1125 1268 lsaia
1142 1214 1397 1281 scriptum
1424 1219 1538 1263 est:
1573 1226 1589 1257 ι
1613 1207 1729 1260 Ine-

132 1309 346 1361 briatus
381 1315 463 1360 est
502 1305 711 1375 gladius
749 1317 899 1356 meus
928 1302 981 1356 in
1010 1302 1169 1365 coelo,
1200 1321 1219 1352 ›
1254 1313 1397 1353 nunc
1438 1296 1730 1351 descendet

134 1402 188 1453 in
228 1409 452 1460 terram,
484 1406 542 1449 ut
572 1396 759 1465 perdat
797 1410 865 1449 ex
894 1409 957 1447 ea
1000 1394 1271 1447 hominem
1311 1399 1366 1445 et
1398 1387 1729 1457 iumentum,

131 1490 400 1561 quidquid
447 1488 527 1542 vel
580 1488 805 1540 rationis
836 1484 1049 1540 videtur
1074 1484 1275 1537 habere
1304 1480 1383 1533 vel
1418 1478 1733 1547 simplicita-

132 1566 206 1636 tis
242 1600 254 1634 ε
300 1590 353 1635 et
384 1579 573 1649 perdat
611 1577 873 1639 absolute,
910 1575 1001 1629 sed
1034 1573 1277 1635 draconi,
1311 1571 1392 1623 vel
1420 1577 1478 1624 ut
1507 1567 1731 1624 draconi

132 1678 383 1741 pereant,
435 1678 490 1722 et
538 1668 720 1721 vivant
761 1666 887 1719 Deo.
936 1665 1003 1718 Et
1042 1662 1138 1716 tiat
1182 1661 1399 1732 [Egypti
1435 1670 1575 1715 terra
1615 1674 1731 1729 per-

132 1761 273 1815 ditio
324 1757 616 1813 secundum
676 1757 1007 1823 superiorem
1066 1767 1305 1811 sensum,
1352 1764 1457 1820 quo
1509 1746 1729 1804 draconi

1833 591 1917 636 tur
1949 584 1999 635 in
2031 590 2171 636 terra
2200 583 2481 647 Plutturcs,
2519 600 2635 653 quce
2674 587 3059 656 interpretatur
3096 592 3247 658 panis
3272 608 3405 647 con-

1827 674 2071 731 culcatus
2090 694 2103 729 :
2122 677 2211 731 ubi
2240 676 2391 746 panis
2410 675 2515 741 ille,
2542 677 2628 745 qui
2655 678 2891 732 dixerat:
2925 700 2940 728 ι
2972 681 3083 751 Ego
3108 698 3229 735 sum
3252 685 3407 753 panis

1829 767 1918 834 qui
1952 767 2015 819 de
2042 767 2179 822 coelo
2196 768 2469 830 descendi,
2502 788 2518 817 ι
2551 769 2814 837 pravitate
2835 772 3085 827 haeretica
3117 776 3406 831 conculca—

1832 863 1915 909 tus
1939 865 2133 918 est,.ut
2162 873 2282 911 cum
2314 859 2560 912 venerint
2589 860 2653 911 ad
2698 859 3013 926 Ecclesium,
3062 864 3307 920 habitent
3353 867 3405 921 in

1831 958 1970 1011 pane
2000 946 2331 1002 cunculcato.
2358 948 2431 1031 ‘Et
2456 963 2791 1018 nequaquam
2819 952 3097 1007 cleventur
3128 956 3180 1009 in
3221 973 3407 1027 super-

1832 1034 1997 1100 biam,
2038 1037 2131 1090 sed
2178 1038 2285 1089 sint
2328 1038 2380 1090 in
2422 1053 2643 1108 regnum
2690 1039 2888 1095 humile
2920 1060 2931 1093 ε
2962 1050 3016 1101 et
3042 1052 3102 1097 ut
3131 1045 3243 1113 jam
3284 1062 3408 1101 cum

1833 1125 2068 1179 restituti
2097 1125 2297 1180 fuerint
2324 1128 2377 1180 in
2410 1128 2698 1196 pristinum
2725 1137 2948 1195 statum,
2990 1147 3047 1187 se
3067 1150 3166 1204 per
3195 1137 3412 1191 humili-

1833 1218 1997 1272 tatem
2022 1218 2295 1286 dejiciant,
2313 1220 2452 1287 quod
2477 1222 2529 1273 in
2552 1220 2787 1292 {Egypto
2802 1221 3054 1288 vixerint,
3074 1226 3411 1282 etlatericias

1831 1312 2195 1365 exuruxerint
2220 1310 2483 1366 civitates.
2514 1312 2579 1365 Et
2606 1314 2746 1366 inter
2782 1313 2945 1366 multa
2986 1320 3145 1384 regna
3171 1316 3412 1372 ecclesias

1833 1401 1939 1454 sint
1964 1399 2216 1463 humiles,
2244 1409 2297 1454 et
2334 1402 2505 1455 sciant
2532 1401 2582 1453 in
2609 1416 2764 1468 quem
2792 1411 3169 1469 peccaverunt,
3195 1412 3248 1457 et
3270 1404 3408 1458 ultra

1831 1508 1939 1546 non
1981 1492 2220 1547 aleretur
2262 1492 2526 1561 [Egyptus
2574 1508 2732 1561 super
2762 1494 3016 1548 ecclesias
3059 1496 3109 1548 in
3142 1504 3254 1550 toto
3284 1496 3413 1549 orbe

1832 1582 2054 1645 divisas,
2086 1582 2177 1635 sed
2207 1582 2480 1652 redigatur
2510 1582 2560 1635 in
2592 1569 2941 1651 paucitatem,
2974 1592 3030 1637 et
3066 1585 3223 1652 pauci
3268 1586 3317 1638 in
3347 1600 3410 1639 ea

1834 1681 2147 1737 remaneant
2176 1672 2315 1725 inter
2342 1680 2554 1741 gentes;
2618 1680 2669 1725 et
2706 1672 2843 1725 ultra
2889 1674 3290 1743 nondecipiant
3318 1674 3413 1729 do-

1833 1773 1979 1811 mum
2016 1758 2199 1821 Israel,
2231 1758 2281 1811 id
2326 1767 2426 1819 est.
2459 1758 2762 1822 ecclesiam,
2796 1774 2894 1813 nec
2922 1774 3113 1814 vanam
3146 1762 3224 1815 cis
3259 1777 3411 1830 spem

130 1860 345 1923 pereat,
391 1859 445 1903 et
492 1856 615 1917 post
655 1847 1011 1917 perditionem
1062 1843 1337 1912 redigatur
1387 1841 1442 1895 in
1486 1838 1729 1894 solitudi-
1758 1865 1804 1922 Β
1832 1855 1884 1905 et
1918 1846 2296 1917 confidentiam
2344 1847 2718 1917 repromittant
2756 1848 3009 1901 docentes
3050 1849 3407 1918 iniquitatem,

132 1958 303 2003 nem,
360 1940 652 2009 pessimum
709 1937 977 2005 hospitem
1037 1934 1241 1987 habere
1307 1930 1597 1984 desisteus.
1662 1927 1729 1980 Et

133 2032 269 2088 ttinc
314 2035 641 2101 cognoscent
670 2027 921 2081 homines
957 2032 1011 2079 et
1044 2022 1307 2093 iumenta,
1333 2030 1387 2073 et
1434 2028 1576 2072 terra
1620 2016 1727 2070 dis-

130 2123 348 2195 perdita
420 2118 561 2188 quod
616 2118 730 2187 ipse
785 2117 853 2171 sit
913 2114 1191 2168 Dominus.
1258 2110 1351 2164 Illo
1410 2123 1568 2162 sensu
1623 2121 1729 2176 «pro

135 2229 323 2269 Lxxvu
378 2209 586 2279 psalmo
630 2207 893 2275 scriptum
937 2212 1020 2258 est
1055 2221 1067 2256 :
1106 2221 1123 2253 ‹
1160 2200 1292 2256 Cum
1340 2199 1609 2253 occideret
1663 2196 1726 2248 il-

135 2307 240 2371 los,
290 2314 415 2358 tunc
460 2300 772 2371 quaerebant
799 2310 942 2351 eum.
983 2313 1001 2346 ι
1034 2293 1221 2349 Omnis
1260 2290 1407 2345 enim
1456 2288 1545 2357 qui
1584 2302 1729 2355 qua}-

136 2400 255 2462 rit,
300 2396 557 2452 inveniet.
603 2392 805 2459 Deique
847 2384 1235 2441 misericordiae
1284 2390 1388 2445 est,
1436 2390 1494 2432 ut
1544 2376 1729 2432 mundi

138 2490 303 2559 hujus
332 2494 518 2558 pereat
561 2478 912 2541 abundantia,
947 2485 1003 2532 et
1035 2474 1252 2544 Egypti
1288 2470 1485 2525 fluenta
1516 2469 1726 2524 siccen-

138 2589 251 2644 tur,
292 2580 399 2632 imo
450 2586 597 2632 terra
638 2586 827 2627 eorum
879 2569 950 2623 sit
994 2567 1047 2621 in
1088 2563 1410 2620 solitudines
1443 2578 1455 2613 :
1511 2567 1567 2615 et
1599 2573 1728 2614 seno

138 2667 309 2722 tentia
348 2664 558 2720 Domini
605 2660 897 2729 dissipetur
944 2672 973 2709 a
1020 2662 1165 2708 turre
1198 2652 1391 2721 Syene,
1417 2664 1536 2719 quae
1566 2650 1731 2703 inter-

135 2765 385 2827 prctatur
411 2769 590 2825 gyrus,
620 2757 679 2804 ut
706 2728 841 2803 nihil
867 2747 921 2801 in
947 2760 1005 2799 se
1034 2728 1181 2799 recti‘
1204 2740 1426 2804 habeat,
1456 2751 1625 2807 usque
1660 2736 1728 2791 ad

139 2825 342 2903 terram
366 2844 701 2912 Ethiopum,
725 2838 815 2909 qui
836 2834 1068 2892 humiles,
1088 2830 1446 2903 appellantur,
1464 2836 1523 2883 ut
1544 2825 1730 2882 videli-

139 2947 229 2993 cet
253 2936 430 2991 omnis
452 2930 702 3002 superbia
728 2924 848 2998 quae
874 2942 931 2981 se
968 2932 1154 2980 contra
1182 2921 1279 2976 Dei
1308 2919 1589 2976 scientiam
1611 2930 1731 2972 ere-

141 3033 299 3080 xerat
331 3024 663 3085 destruatur,
682 3027 734 3072 et
756 3015 1067 3073 bumilietur
1088 3013 1140 3067 in
1166 3012 1395 3067 salutem
1423 3024 1594 3063 suam.
1618 3004 1729 3061 Nec

140 3137 238 3192 pes
267 3118 516 3180 hominis,
546 3116 648 3170 hoc
670 3120 754 3167 est
774 3106 1036 3164 rationale
1062 3105 1334 3175 quippiam
1368 3108 1609 3156 transeat
1633 3113 1731 3169 per

140 3210 437 3281 IEgypturri
475 3208 696 3271 :‘neque
740 3214 836 3270 pes
874 3196 1104 3267 iumenti
1157 3193 1435 3265 gradiatur
1465 3192 1518 3245 in
1559 3205 1646 3255 ea,
1670 3198 1729 3241 ut

142 3280 414 3370 simplices
444 3308 686 3366 quosque
714 3306 819 3345 non
847 3296 1047 3350 teneat,
1076 3299 1211 3355 quos
1232 3282 1472 3338 dimissis
1494 3280 1731 3336 homini-

140 3392 245 3445 bus
272 3389 483 3463 Ijbarao
512 3386 566 3439 in
593 3382 823 3452 Egypto
866 3388 1048 3434 tenere
1082 3375 1352 3446 cupiebat,
1382 3371 1563 3443 Moyse
1596 3386 1729 3426 con-

138 3461 463 3540 tradicente,
496 3483 551 3530 et
583 3472 791 3527 volente
814 3469 1057 3539 iumenta
1082 3478 1294 3534 quoque
1324 3464 1390 3517 de
1420 3461 1731 3529 captivitate

145 3568 366 3641 Egypti
404 3563 645 3620 liberari.
675 3582 692 3612 ι
730 3560 796 3614 Et
835 3573 965 3621 nou,
1000 3556 1195 3625 inquit,
1237 3552 1569 3605 habitabitur
1597 3563 1745 3619 qua-7

148 3638 397 3731 draginta
428 3654 615 3719 annis;
656 3670 674 3702 ι
726 3650 815 3718 qui
868 3660 1122 3701 numerus
1161 3658 1374 3712 semper
1416 3638 1759 3695 'afllictiouis~

144 3761 203 3805 et
231 3728 405 3820 pecua:
434 3754 535 3801 est.
556 3742 708 3798 Unde
729 3747 784 3794 et
814 3736 1021 3807 Moyses
1044 3733 1239 3806 (Ea-od.
1276 3733 1483 3793 xxxiv),
1511 3738 1565 3782 et
1590 3728 1729 3781 Elias

146 3818 267 3913 (in
298 3838 425 3906 Reg.
458 3834 595 3905 XIX),
623 3842 678 3886 et
717 3831 829 3898 ipse
859 3826 1105 3881 Salvator
1135 3821 1359 3894 (Matth.
1384 3819 1467 3889 tv)
1500 3818 1729 3886 quadra,-

145 3911 299 4001 ginta
343 3926 531 3981 diebus
562 3922 941 3991 jejunaveruut
977 3924 1033 3971 et
1072 3913 1338 3969 noctibus.
1376 3911 1438 3963 Et
1471 3925 1564 3977 per
1600 3923 1730 3975 qua-

147 4018 398 4089 draginta
432 4028 601 4069 annos
630 4010 855 4081 populus
882 4017 999 4061 erat
1028 4006 1081 4059 iu
1122 4002 1435 4065 solitudine,
1462 4009 1521 4053 ut
1547 4008 1729 4067 postea

146 4114 504 4173 circumcisus
554 4110 607 4163 in
650 4104 883 4177 Galgalis
930 4101 1129 4173 (Num.
1176 4097 1320 4169 xw),
1364 4092 1650 4163 opprobrio
1680 4099 1735 4144 et

149 4203 441 4278 ignominia
470 4199 687 4270 Egypti
707 4197 1041 4251 liberaretur.
1080 4188 1305 4256 lucujus
1323 4186 1527 4240 numeri
1555 4197 1737 4238 sacra-

148 4274 336 4351 mento
355 4302 409 4346 et
434 4290 522 4345 hic
566 4290 708 4344 idem
748 4284 1009 4355 propheta
1040 4296 1137 4351 pro
1167 4280 1308 4333 tribu
1340 4276 1476 4331 Juda
1508 4274 1738 4344 quadra-

149 4388 300 4459 ginta
327 4384 518 4439 diebus
539 4380 737 4435 dormit
764 4378 817 4432 iu
842 4378 1029 4459 dextro
1054 4373 1219 4427 latere
1250 4390 1261 4424 :
1295 4380 1347 4426 et
1377 4368 1739 4440 quadringen-

150 4453 225 4533 tis
256 4476 413 4531 annis
454 4471 683 4543 pepulus
732 4453 1036 4524 serviturus
1071 4466 1124 4519 in
1169 4462 1406 4534 Egypto
1435 4460 1738 4522 nuntiatur,

1831 1947 1887 1991 ut
1932 1937 2135 2009 fugiant
2181 1937 2603 1993 ecclesiasticam
2643 1938 2999 2006 disciplinam,
3034 1949 3089 1992 et
3117 1945 3413 2009 sequantur

1772 2092 1773 2095 η
1832 2027 2112 2100 Ᾱὲεξγρῑίθς
2141 2029 2459 2098 voluptates.
2492 2028 2613 2084 Haec
2639 2039 2818 2083 autem
2859 2028 3007 2095 fient,
3042 2038 3097 2083 ut
3133 2033 3290 2087 tertio
3314 2048 3408 2087 co-

1829 2128 2087 2190 gnoscant
2108 2118 2368 2189 .Egyptii,
2400 2120 2539 2188 quod
2565 2120 2677 2188 ipse
2700 2119 2769 2173 sit
2796 2120 3070 2174 Dominus.
3102 2121 3254 2188 Quod
3278 2122 3409 2177 mihi

1827 2220 2109 2280 propterea
2127 2210 2339 2264 videtur
2353 2210 2480 2273 dici,
2508 2217 2562 2262 ut
2590 2210 2823 2279 cognitio
2848 2212 3017 2279 prima
3034 2210 3412 2281 Algyptiorum

1830 2300 1882 2353 in
1928 2314 2092 2353 carne
2130 2299 2218 2362 sit,
2267 2300 2500 2353 secunda
2548 2299 2600 2353 in
2647 2300 2845 2363 anima,
2904 2301 3061 2354 tertia
3102 2282 3154 2355 in
3194 2302 3407 2371 spiritu.

1829 2387 2011 2442 Primo
2036 2402 2196 2456 super
2221 2397 2442 2451 terram,
2466 2388 2703 2448 secundo
2728 2390 2912 2443 mundi
2940 2390 3097 2460 hujus
3124 2406 3414 2446 conversa-

1832 2480 1976 2534 tione
2002 2479 2171 2542 fmita,
2201 2480 2359 2533 tertio
2390 2487 2512 2546 post
2536 2479 3004 2535 resurrectionem.

1905 2588 1923 2621 ι
1953 2570 2019 2625 Et
2050 2569 2248 2623 factum
2277 2578 2358 2623 est
2404 2570 2457 2622 in
2501 2568 2860 2633 vieesimo,,et
2898 2570 3127 2637 septimo
3170 2584 3313 2624 anno
3358 2570 3413 2624 in

1838 2680 1856 2715 ι
1884 2662 2061 2733 primo
2087 2670 2141 2714 et
2182 2676 2286 2714 una
2327 2661 2413 2715 die
2448 2660 2669 2723 mensis,
2701 2660 2903 2719 fatuum
2952 2668 3036 2714 cst
3060 2660 3279 2715 verbum
3310 2661 3415 2715 Do-

1836 2771 1855 2805 r
1889 2752 2100 2807 miniad
2123 2768 2207 2807 me
2236 2752 2423 2807 dicens
2451 2768 2464 2804 :
2499 2749 2597 2805 Fili
2626 2750 2880 2813 hominis,
2922 2749 3417 2807 Nabuchodonosor

1837 2863 1855 2896 ι
1891 2859 1982 2898 rex
2020 2843 2330 2915 Babylonis,
2359 2843 2565 2898 servire
2590 2842 2717 2897 feeit
2744 2845 3044 2898 exercitum
3092 2859 3249 2897 suum
3302 2858 3414 2898 ser-

1837 2952 1855 2984 ι
1890 2934 2059 2988 vitute
2104 2948 2296 3003 magna
2344 2935 2627 2987 adversum
2664 2932 2884 3003 Tyrum.
2922 2932 3091 2987 Omne
3142 2944 3304 3003 caput
3329 2935 3418 2989 de-

1839 3040 1857 3074 ε
1892 3024 2193 3085 calvatum,
2248 3030 2305 3078 et
2362 3023 2538 3076 omnis
2591 3023 2846 3077 humerus
2900 3022 3162 3088 depilatos
3218 3032 3419 3087 cst;et

1838 3133 1855 3164 ‹
1887 3128 2094 3168 merces
2129 3128 2232 3167 nou
2262 3121 2349 3167 cst
2393 3112 2599 3166 reddita
2626 3112 2692 3172 ei,
2723 3128 2897 3182 neque
2920 3112 3180 3167 exercitui
3209 3113 3325 3181 ejus
3349 3116 3419 3170 de

1757 3212 1801 3273 ρ
1838 3225 1855 3255 ι
1894 3204 2038 3276 Tyro
2064 3220 2161 3274 pro
2188 3204 2444 3283 servitute
2468 3244 2481 3267 ,
2530 3218 2631 3272 qua
2684 3204 2903 3258 servivit
2953 3204 3083 3257 mihi
3128 3205 3417 3260 adversum

1840 3312 1858 3345 ι
1892 3310 2031 3349 eam.
2075 3295 2363 3361 Propterea
2413 3294 2528 3347 haec
2558 3293 2688 3347 dicit
2744 3293 2999 3348 Dominus
3054 3293 3195 3349 Deus
3229 3313 3241 3347 :
3277 3295 3418 3350 Ecce

1838 3408 1855 3438 ι
1884 3402 1981 3455 ego
2013 3384 2151 3440 dabo
2164 3385 2659 3441 Nabuchodonosor
2685 3399 2863 3453 regem
2881 3385 3167 3456 Babylonis
3194 3388 3245 3441 in
3276 3397 3417 3442 terra

1838 3497 1856 3528 ‹
1894 3476 2133 3547 .ﬁgypti,
2163 3486 2216 3530 et
2241 3475 2448 3531 auferet
2476 3476 2871 3555 multitudinem
2890 3478 3028 3547 ejus,
3060 3476 3418 3546 et‘depmeda-

1840 3588 1856 3619 ε
1892 3570 2039 3623 bitur
2065 3569 2344 3622 manubias
2374 3567 2509 3647 ejus,
2543 3577 2596 3620 et
2620 3568 2836 3636 diripiet
2863 3567 3028 3636 spolia
3056 3566 3203 3635 ejus;
3240 3578 3294 3621 et
3316 3570 3419 3623 erit

1839 3662 1938 3714 {in
1976 3659 2276 3713 mercedem
2303 3657 2560 3713 exercitui
2591 3657 2747 3718 illius,
2774 3665 2823 3709 et
2858 3658 3029 3725 aperi,
3062 3672 3167 3726 quo
3198 3657 3421 3711 servivit

1838 3767 1855 3799 ι
1891 3749 2022 3803 mihi
2058 3738 2338 3800 adversum
2367 3761 2503 3800 eam.
2551 3745 2677 3800 Dedi
2709 3746 2758 3799 ei
2803 3754 3002 3799 terram
3033 3745 3280 3816 Aﬂgypti,
3322 3760 3421 3815 pro

1836 3858 1854 3887 ε
1892 3853 1957 3891 eo
1990 3837 2128 3906 quod
2154 3835 2481 3889 laboraverit
2508 3834 2657 3897 mihi,
2680 3836 2755 3888 ait
2775 3834 3034 3889 Dominus
3060 3834 3219 3889 Dens.
3247 3834 3301 3889 In
3335 3836 3421 3890 die

1839 3942 1856 3975 ε
1893 3923 1981 3977 illo
2018 3922 2298 3992 pullulabit
2328 3936 2494 3975 cornu
2550 3922 2737 3975 domus
2777 3921 2938 3976 Israel
2966 3962 2979 3985 ,
3039 3930 3093 3976 et
3140 3922 3234 3976 tibi
3282 3922 3420 3977 dabo

1840 4034 1856 4064 ι
1891 4023 2138 4084 apertum
2179 4028 2241 4068 os
2288 4014 2341 4067 in
2372 4012 2549 4067 medio
2578 4028 2784 4066 eorum.
2832 4003 2921 4065 Et'
2947 4012 3121 4066 scient
3157 4013 3413 4081 quoniam

1841 4126 1858 4158 α
1891 4122 1988 4177 ego
2019 4106 2294 4161 Dominus.
2328 4123 2346 4155 ι
2377 4104 2647 4170 Qtueritur
2684 4104 2951 4173 quomodo
2999 4112 3121 4171 post
3148 4102 3414 4157 decimum

1836 4214 2037 4254 annum
2080 4195 2372 4265 superioris
2403 4194 2671 4250 sermonis
2697 4194 2883 4249 statim
2908 4194 3201 4249 vicesimus
3227 4201 3282 4249 et
3330 4208 3419 4248 se—

1835 4291 2037 4359 ptimus
2066 4297 2299 4357 ponatur
2336 4301 2538 4351 annus,
2583 4293 2637 4340 et
2684 4286 2736 4339 in
2786 4286 3134 4353 sequentibus
3176 4284 3421 4338 decimus

1838 4378 2328 4446 duodecimusque:
2360 4384 2414 4431 et
2463 4374 2515 4430 in
2549 4376 2788 4429 extreuta
2830 4372 3191 4444 descriptione
3233 4372 3417 4441 templi

1839 4469 2134 4523 vicesimus
2162 4467 2399 4537 quintus,
2432 4466 2525 4519 sed
2552 4464 2724 4521 facilis
2745 4463 2937 4519 solutio
2964 4472 3066 4518 est.
3101 4462 3236 4529 Quia
3269 4462 3414 4516 enim

150 4568 243 4638 qui
266 4564 477 4620 faciunt
496 4560 850 4632 quadraginta
880 4548 1110 4612 dccadas
1138 4555 1250 4610 sive
1269 4560 1503 4622 quatuor
1533 4551 1737 4606 ἕκατον·
1766 4561 1815 4620 ι)
1839 4557 1906 4613 de
1938 4557 2173 4628 Egypto
2214 4563 2267 4611 et
2312 4554 2558 4624 superior
2607 4562 2663 4608 et
2704 4554 2840 4617 hsce,
2870 4567 2989 4622 qum
3030 4566 3173 4606 nunc
3220 4550 3420 4605 dicitur

150 4658 333 4721 τάδας.
389 4655 589 4711 Pluvite
639 4667 853 4723 quoque
896 4650 1081 4706 diluvii
1132 4646 1485 4718 quadraginta
1542 4644 1732 4699 diebus

153 4749 395 4805 inferunt
418 4745 536 4801 orbi
564 4742 921 4811 naufragium.
958 4740 1166 4795 Justum
1196 4739 1339 4791 enim
1368 4746 1506 4799 erat,
1551 4743 1610 4789 ut
1640 4733 1733 4804 qui

150 4857 253 4913 per
270 4845 504 4911 quatuor
527 4835 789 4903 elementa
821 4832 1027 4896 mundi,
1058 4832 1254 4901 quibus
1278 4830 1457 4891 omnia
1484 4836 1735 4884 constare

152 4939 427 4998 dicuntur,
471 4932 597 4986 dum
642 4945 704 4985 ea
737 4929 912 4998 diligit
958 4940 1012 4983 et
1053 4926 1217 4990 fovet,
1264 4927 1427 4980 Deum
1475 4923 1732 4988 oll'endat,

158 5027 211 5081 in
247 5008 365 5095 ipso
407 5036 634 5077 numero
669 5020 983 5091 puniretur,
1012 5027 1060 5071 et
1093 5015 1257 5070 Israel
1288 5014 1378 5084 qui
1413 5022 1735 5083 peccaverat

160 5116 212 5170 in
234 5114 535 5174 sabbatum,
568 5119 769 5180 septem
795 5109 1141 5169 decedarum,
1159 5107 1259 5159 hoc
1286 5113 1369 5159 est
1396 5103 1736 5173 septuaginta

160 5219 427 5261 annorum
447 5202 762 5271 supplicium
785 5200 1092 5254 sustineret.
1117 5200 1389 5267 Daturquc
1412 5204 1555 5251 terra
1575 5194 1737 5265 Egy—

159 5298 236 5369 pti
276 5295 489 5349 deserta
533 5302 589 5345 et
630 5291 876 5345 civitates
917 5284 1036 5359 ejus
1074 5289 1127 5342 iu
1166 5287 1343 5341 medio
1387 5294 1648 5340 terrarum
1684 5292 1738 5339 et

158 5385 374 5439 urbium
419 5381 817 5442 subversarum,
862 5392 981 5446 qurc
1037 5392 1141 5429 non
1184 5382 1309 5430 sunt
1354 5380 1642 5428 exstructa:
1669 5370 1735 5425 de

161 5473 458 5544 lzpidibus,
487 5471 580 5525 sed
620 5469 785 5524 latere
814 5476 866 5523 et
903 5467 1071 5537 paleis
1103 5476 1161 5521 ut
1196 5466 1535 5534 dispergatur
1563 5460 1732 5532 Egy-

163 5574 307 5635 ptus.
339 5576 459 5631 qua:
508 5559 646 5613 male
687 5560 790 5613 sibi
838 5557 1013 5612 fuerat
1049 5556 1319 5625 copulata,
1354 5563 1408 5608 ct
1450 5551 1739 5607 vcntiletur

165 5656 216 5708 in
247 5665 440 5714 terras,
467 5666 574 5720 quo
598 5650 802 5704 scilicet
823 5648 1145 5702 frumentum
1170 5663 1199 5699 a
1222 5645 1388 5715 paleis
1414 5653 1695 5714 separetur
1720 5659 1734 5693 :

162 5757 217 5800 et
256 5744 606 5814 quadraginta
645 5756 904 5796 annorum
948 5739 1049 5793 fine
1085 5737 1367 5805 completo,
1410 5738 1478 5790 sit
1518 5734 1734 5789 restitu—

1842 4648 2121 4720 prOphetia
2167 4646 2493 4711 contexitur,
2524 4645 2649 4699 licet
2685 4644 2910 4701 diversis
2949 4643 3020 4697 sit
3048 4642 3186 4699 facta
3217 4651 3424 4711 tempo—

1842 4741 2013 4803 ribus,
2036 4744 2214 4791 tameu
2234 4737 2364 4804 quia
2390 4735 2454 4790 de
2474 4749 2578 4788 una
2602 4732 2875 4803 provincia
2901 4732 3271 4801 prophetatur,
3292 4728 3421 4799 jun-

1841 4840 1940 4887 cta:
1975 4827 2076 4885 sibi
2104 4833 2248 4881 sunt.
2294 4824 2446 4891 Quod
2488 4834 2543 4879 et
2570 4822 2624 4877 in
2665 4821 2897 4876 Ieremia
2948 4822 3140 4875 crebro
3172 4818 3417 4889 legimus,

1841 4929 1899 4976 ut
1927 4926 2254 4989 prtepostero
2277 4914 2466 4971 ordine
2515 4922 2755 4982 tempora
2804 4912 3198 4968 describantur.
3256 4908 3417 4965 Prius

1839 5012 1983 5066 enim
2033 5008 2270 5063 Sedeciae
2327 5006 2380 5059 in
2423 5003 2741 5074 quibusdam
2788 5009 2936 5072 gesta
2981 4998 3314 5063 referuntur,
3363 5006 3420 5055 et

1838 5109 2025 5171 postea
2072 5097 2334 5160 Joachim,
2360 5095 2451 5163 qui
2478 5102 2601 5147 ante
2648 5107 2770 5146 eum
2804 5092 2920 5146 fuit.
2970 5092 3025 5145 ln
3056 5090 3283 5145 Psalmis
3320 5105 3417 5143 au-

1840 5202 1946 5245 tem
1974 5230 1988 5253 ,
2037 5189 2159 5257 quia
2209 5201 2427 5241 cannon
2464 5192 2549 5252 cst
2592 5184 2819 5252 lyricum
2872 5181 3108 5237 historiae
3135 5180 3268 5235 ordo
3308 5195 3413 5234 non

1839 5286 2003 5355 qutcri
2013 5294 2114 5337 tur.
2134 5283 2380 5361 Dicemus
2392 5294 2519 5349 ergo
2531 5278 2681 5347 prius
2688 5276 2841 5346 justa
2855 5275 3108 5331 litteram.
3128 5272 3415 5328 Nabucho-

1840 5378 2072 5431 donosor
2086 5387 2208 5427 cum
2228 5360 2560 5439 oppugnaret
2574 5368 2796 5438 Tyrum,
2814 5373 2866 5421 et
2885 5364 3097 5426 arietes,
3113 5360 3415 5426 machinas,

1839 5467 2151 5531 vineasque,
2191 5477 2255 5515 eo
2292 5462 2433 5531 quod
2482 5460 2658 5514 cincta
2701 5456 2836 5511 mari
2957 5461 3122 5517 esset,
3246 5451 3414 5505 muris

1841 5570 1946 5608 non
1984 5559 2165 5621 posset
2191 5550 2505 5620 adjuugerc,
2542 5546 2803 5602 infinitam
2854 5544 3126 5600 exercitus
3170 5539 3415 5596 multitu-

1840 5643 2017 5698 dinem
2039 5639 2203 5708 jussit
2237 5653 2366 5693 saxa
2400 5646 2455 5692 et
2496 5651 2719 5706 aggeres
2756 5641 3111 5703 comportare,
3137 5638 3192 5685 et
3227 5628 3412 5697 exple-

1842 5742 1897 5787 to
1924 5731 2096 5787 medio
2121 5730 2274 5791 mari,
2294 5730 2401 5783 imo
2432 5726 2566 5781 freto
2588 5726 2982 5795 angustissimo,
3009 5724 3242 5778 vicinum
3264 5724 3413 5777 littus
