3936 6380
532 391 636 449 805

1169 390 1231 445 Β.
1272 390 1525 446 [MBAN]
1566 389 1786 449 MAURI
1823 386 2142 445 ARCHIEP.
2187 384 2496 442 MOGUNT.
2534 384 2819 442 OPERUM
2856 384 3036 441 PARS
3068 385 3134 441 ll.

3690 385 3806 441 805

530 504 721 563 insulto
776 504 905 563 fecit
951 505 1280 575 contiguum.
1315 504 1468 571 Quod
1514 521 1636 561 cum
1664 504 1910 561 viderent
1956 505 2103 575 Tyrii
2132 505 2181 565 Α
2211 499 2479 555 Romanos
2524 499 2721 556 Paulus
2749 499 3024 571 apostolus
3068 500 3324 570 disputat.
3364 500 3445 556 Ae
3495 516 3564 558 ne
3591 501 3811 573 aliquid

527 598 637 669 jam
664 599 883 669 jamque
913 595 1233 668 perfectum,
1261 605 1317 652 et
1366 585 1713 667 percussione
1740 596 1969 664 arietum
1989 610 2110 650 mu-

533 706 715 747 rorum
774 689 1121 744 fundamenta
1169 692 1541 758 quaterentur,
1602 688 1861 759 quidquid
1908 689 2110 759 pretio-

531 796 652 839 sum
683 782 741 851 in
772 795 924 846 auro,
953 780 1177 851 argento
1205 778 1551 849 vestibusque
1590 788 1647 835 et
1690 777 1839 832 varia
1875 774 2109 846 supelle-

531 858 645 927 (ὲιὶιί
675 846 929 925 nobilitas
955 846 1162 933 habuit,
1201 846 1512 939 impositum
1554 867 1782 923 navibus
1811 867 1879 921 ad
1906 864 2110 920 insulas

534 959 848 1031 asportavit,
889 958 962 1013 ita
993 966 1053 1013 ut
1096 966 1254 1028 capta
1303 959 1435 1013 urbe
1479 957 1613 1012 nihil
1663 957 1883 1028 dignum
1926 955 2112 1011 labore

533 1066 634 1108 suo
675 1052 938 1107 inveniret
967 1050 1476 1106 Nabuchodonosor.
1520 1050 1588 1103 Et
1624 1049 1749 1119 quia
1778 1048 1871 1103 Dei
1916 1048 1971 1103 in
2010 1046 2112 1101 bac

533 1148 686 1211 parte
706 1140 982 1195 obedierat
1000 1139 1257 1195 voluntati
1282 1146 1398 1209 post
1417 1137 1619 1206 aliqum
1641 1152 1811 1192 annos
1833 1136 2114 1206 captivita-

534 1230 605 1285 tis
624 1229 818 1301 Tyriae,
833 1229 990 1284 datur
1017 1230 1066 1285 ei
1095 1229 1376 1300 Egyptus.
1408 1228 1681 1298 Multoque
1715 1227 1907 1283 saevior
1935 1225 2111 1297 Tyrus

532 1321 784 1394 Egypto.
813 1322 907 1377 llla
932 1322 1076 1376 enim
1102 1321 1446 1391 oppugnabat
1465 1317 1819 1383 Hierusalem,
1853 1318 1969 1376 hac
2016 1330 2111 1370 va-

532 1428 661 1469 num
688 1412 1043 1482 pollicebatur
1073 1410 1354 1466 auxilium.
1382 1409 1541 1464 Aliud
1566 1420 1649 1465 est
1679 1409 1823 1463 enim
1861 1406 1979 1477 spei
2006 1406 2110 1460 im-

530 1503 823 1559 becillitate
851 1504 1130 1572 decipere,
1178 1501 1323 1557 aliud
1386 1501 1667 1556 adversum
1726 1498 1818 1553 Dei
1858 1497 2110 1569 populum

533 1593 810 1649 dimicare.
839 1593 951 1649 Hoc
970 1602 1053 1649 est
1080 1608 1230 1664 ergo,
1267 1591 1571 1662 quod.dicit
1617 1588 2114 1644 Nabuchodonosor

535 1696 629 1736 rex
656 1680 942 1752 Babylonis
970 1680 1022 1734 in
1039 1680 1434 1752 oppugnatione
1452 1679 1578 1749 Tyri
1604 1695 1618 1731 :
1650 1677 1817 1732 Suum
1843 1678 1971 1731 mihi
2000 1692 2114 1732 ser-

535 1770 652 1824 vire
681 1768 811 1825 fecit
843 1770 1165 1833 exercitum,
1196 1778 1257 1823 ut
1278 1768 1527 1838 impleret
1556 1767 1882 1823 voluntatem
1912 1781 2107 1821 meam.

2207 591 2484 662 prmterire
2509 591 2812 656 videamur,
2844 591 3138 647 secundum
3186 591 3595 662 intelligentiam
3624 593 3811 663 spirl-

2208 680 2371 734 talem
2400 680 2691 749 quaerimus
2739 680 2828 735 ubi
2857 670 3001 737 h’un'c
3035 695 3358 753 numerum,
3400 683 3505 739 hoc
3538 693 3666 749 est,
3723 685 3817 739 vi-

2208 770 2341 839 ginti
2382 777 2586 840 septem
2610 769 2917 841 legerimus.
2941 770 2999 825 lu
3028 769 3298 826 Geneseos
3326 770 3465 827 libro
3487 770 3644 844 (Gen.
3672 774 3812 844 vn),

2211 858 2487 929 Scriptura
2502 868 2727 915 testatur
2743 861 3138 916 sexcentesimo
3162 876 3304 917 anno
3317 862 3439 917 vita:
3451 862 3584 927 Noe,
3606 878 3816 918 secun-

2209 952 2277 1005 do
2296 966 2499 1019 mense,
2514 952 2770 1009 vicesimo
2786 952 3015 1022 septimo
3029 953 3118 1008 die
3136 954 3341 1009 mensis
3362 956 3608 1021 secundi,
3630 970 3813 1026 super

2210 1042 2404 1098 faciem
2435 1052 2594 1099 terra)
2635 1058 2804 1114 aquas
2851 1043 3098 1101 inductas
3122 1060 3242 1102 esse
3270 1045 3475 1113 diluvii,
3501 1056 3558 1103 et
3600 1058 3809 1118 poetea

2209 1135 2438 1204 septimo
2472 1150 2656 1192 mense
2695 1134 2937 1206 ejusdem
2982 1136 3137 1203 anni,
3164 1137 3257 1208 qui
3298 1137 3508 1194 vicinus
3541 1147 3626 1194 est
3672 1140 3809 1194 sab-

2209 1225 2355 1292 bato,
2370 1234 2426 1280 et
2448 1226 2703 1281 vicesima
2725 1226 2953 1297 septima
2974 1226 3061 1282 die
3082 1225 3322 1294 ejusdem
3348 1228 3550 1282 mensis
3570 1227 3808 1297 septimi

2210 1335 2380 1390 aquas
2406 1336 2649 1377 cessasse
2685 1320 2902 1387 diluvii,
2950 1328 3006 1377 et
3034 1322 3239 1378 sedisse
3263 1337 3445 1378 aream
3472 1322 3584 1378 Noe
3627 1339 3813 1393 super

2211 1419 2419 1466 montes
2444 1411 2661 1475 Ararat,
2693 1410 2785 1481 qui
2810 1412 3231 1482 interpretantur
3254 1412 3547 1468 Armeniae.
3578 1413 3659 1468 Ex
3691 1429 3812 1483 quo

2212 1500 2569 1573 intelligimus
2580 1501 2815 1555 medium
2844 1509 2963 1557 eSse
2984 1517 3291 1568 numerum,
3314 1504 3387 1558 et
3407 1503 3476 1557 ad
3502 1512 3807 1573 utrumque

2209 1606 2370 1661 posse
2391 1589 2626 1647 conferri
2652 1608 2666 1645 :
2696 1592 2911 1662 quando
2953 1592 3006 1647 in
3058 1591 3161 1646 hoc
3199 1600 3255 1648 et
3294 1592 3376 1647 ira
3405 1592 3498 1647 Dei
3546 1593 3744 1662 incipit
3770 1609 3807 1647 a

2211 1680 2431 1745 diluvio,
2460 1688 2514 1735 et
2560 1679 2850 1734 clementia
2874 1678 2991 1749 ejus
3015 1680 3245 1751 septimo
3289 1696 3477 1737 mense
3516 1682 3571 1736 in
3602 1681 3803 1737 eodem

2211 1770 2420 1825 dierum
2469 1784 2694 1825 numero
2742 1768 3163 1824 demonstratur.
3209 1769 3277 1823 Et
3323 1770 3445 1840 quia
3497 1770 3639 1840 apud
3694 1769 3806 1826 He-

532 1858 724 1922 Omne,
751 1860 947 1929 inquit,
986 1867 1146 1931 caput
1166 1858 1523 1925 decalvatum,
1548 1867 1603 1912 et
1646 1860 1821 1914 omnis
1852 1852 2111 1913 humerus
2145 1869 2189 1928 B
2215 1860 2391 1917 brrcos
2407 1860 2627 1923 mensis,
2656 1859 2747 1929 qui
2778 1858 2917 1929 apud
2943 1873 3042 1914 nos
3066 1858 3322 1915 Kalendis
3340 1866 3396 1913 et
3414 1859 3573 1914 nonis
3594 1858 3809 1915 idibus-

533 1950 796 2019 depilatos
823 1960 924 2005 est.
942 1949 1280 2005 Gestantium
1303 1950 1549 2005 videlicet
1570 1951 1829 2020 cophinos
1855 1958 2035 2017 terrae,
2058 1959 2113 2005 et

532 2038 756 2109 lapides,
785 2038 979 2109 quibus
1012 2040 1272 2094 raduntur
1319 2040 1529 2095 humeri
1580 2048 1636 2094 et
1678 2040 1989 2095 deealvatur
2028 2055 2116 2095 ea-

530 2125 739 2204 put.Et
774 2140 949 2215 tamen
992 2146 1092 2186 nec
1123 2132 1240 2202 ipse
1285 2147 1387 2188 nec
1430 2132 1707 2215 exercitus
1744 2132 1861 2201 ejus
1909 2132 2112 2202 aliquid

530 2222 750 2290 dignum
781 2206 984 2278 invenit
1005 2223 1057 2278 in
1072 2222 1233 2295 Tyro.
1252 2222 1319 2276 Et
1340 2224 1393 2277 in
1416 2206 1518 2279 hoc
1541 2238 1663 2277 cum
1687 2224 1817 2278 mihi
1841 2224 2107 2297 servierit,

529 2322 586 2365 et
611 2326 787 2367 meam
824 2320 1013 2367 contra
1048 2312 1248 2383 Tyrum
1302 2311 1600 2383 impleverit
1647 2312 1997 2377 voluntatem,
2032 2312 2112 2367 id-

530 2398 678 2454 circo
706 2398 847 2455 dabo
868 2399 919 2454 ei
957 2409 1159 2454 terram
1186 2397 1425 2471 Egypti.
1469 2399 1622 2466 Quod
1668 2401 1883 2470 quidam
1926 2402 2112 2457 dicunt

532 2490 635 2547 sub
657 2490 1151 2547 Nabuchodonosor
1172 2504 1293 2546 esse
1308 2486 1665 2563 completum.
1696 2491 1799 2545 Alii
1830 2492 1931 2547 sub
1952 2490 2111 2547 Cam-

533 2580 662 2652 byse
690 2580 801 2636 tilio
827 2580 972 2652 Cyri,
995 2581 1087 2651 qui
1130 2580 1419 2653 Egyptum
1448 2596 1618 2652 usque
1666 2582 1733 2637 ad
1775 2581 2106 2651 Ethiopiam

533 2671 787 2737 vastavit,
817 2670 891 2725 ita
919 2680 981 2726 ut
1026 2670 1180 2741 Apim
1226 2671 1572 2735 interficeret,
1605 2680 1658 2726 et
1692 2672 1874 2728 omnia
1919 2686 2106 2727 eorum

532 2759 819 2815 simulacra
840 2760 1059 2816 deleret.
1088 2760 1258 2828 Quam
1281 2762 1350 2816 oh
1378 2776 1597 2817 causam
1614 2772 1807 2833 putant
1834 2778 1956 2819 eum
1991 2777 2108 2818 ver-

510 2864 650 2905 sum
674 2851 726 2904 in
752 2851 1040 2905 amentiam
1068 2866 1199 2907 casu
1235 2852 1358 2920 equi
1384 2860 1439 2906 et
1464 2852 1682 2922 proprio
1713 2854 1944 2925 pugione
1977 2870 2107 2910 con-

530 2940 755 2997 fossum.
793 2941 1111 2998 Plenissime
1156 2943 1294 2998 hanc
1323 2943 1605 2998 historiam
1656 2954 1840 2999 narrat
1869 2944 2108 3001 Herodo-

540 3039 649 3096 tus,
673 3032 763 3086 ubi
784 3039 841 3085 et
857 3032 1034 3087 omnis
1057 3030 1325 3102 .‘Egyptus
1350 3047 1445 3102 per
1471 3046 1638 3102 pagos
1668 3042 1723 3088 et
1747 3033 1896 3089 vicos
1932 3043 1988 3089 et
2010 3049 2105 3089 ea-

530 3121 684 3177 stella
706 3121 1054 3188 describitur,
1074 3130 1129 3177 et
1153 3120 1254 3177 Nili
1274 3122 1424 3193 origo
1443 3124 1723 3193 gentisque
1759 3124 1876 3195 ejus
1894 3124 2101 3194 populi,

2216 1963 2320 2019 quc
2349 1947 2671 2012 devolvitur,
2686 1947 2983 2002 secundum
3022 1946 3161 2003 lunai
3203 1962 3420 2003 cursum
3448 1957 3801 2017 supputatur,

2211 2042 2355 2097 unde
2379 2048 2435 2096 et
2475 2039 2666 2095 ϐινεοο
2691 2039 2953 2095 vocabulo
2978 2042 3127 2111 μήνη,
3160 2039 3212 2094 id
3251 2047 3335 2094 est
3367 2038 3511 2103 luna,
3546 2055 3577 2093 a
3608 2054 3805 2095 mense

2212 2146 2407 2187 nomen
2438 2131 2666 2201 accepit,
2714 2131 2820 2185 hoc
2853 2130 3052 2184 dictum
3079 2139 3167 2185 est
3194 2131 3248 2184 in
3276 2130 3535 2185 vicesimo
3565 2131 3803 2199 septimo

2211 2220 2350 2276 lunae
2372 2221 2457 2276 die
2480 2235 2671 2290 parum
2699 2219 2829 2289 quid
2854 2219 3073 2275 luminis
3103 2220 3446 2285 remansisse,
3484 2235 3556 2275 ne
3584 2220 3802 2289 penitus

2212 2312 2292 2367 ira
2312 2312 2431 2382 ejus
2459 2311 2661 2380 absque
2688 2309 3058 2366 misericordia
3078 2309 3169 2364 sit.
3196 2308 3420 2377 Quando
3442 2319 3622 2390 autem
3651 2317 3800 2364 totus

2210 2402 2351 2457 lunae
2389 2401 2537 2457 orbis
2572 2401 2844 2471 impletur,
2874 2410 3001 2456 tunc
3038 2410 3094 2457 et
3128 2399 3336 2456 Pascha
3365 2400 3706 2465 celebratur,
3745 2409 3801 2454 et

2210 2506 2397 2548 omnes
2418 2492 2653 2547 maxime
2673 2491 3062 2558 solemnitates,
3083 2491 3227 2562 quod
3248 2492 3476 2547 strictim
3493 2491 3795 2562 posuimus,

2208 2590 2271 2637 ut
2284 2582 2518 2637 sciamus
2541 2580 2595 2636 in
2617 2583 2720 2637 hoc
2741 2596 2965 2636 numero
2982 2590 3037 2636 et
3056 2582 3193 2636 bona
3215 2588 3271 2638 et
3289 2581 3429 2636 mala
3451 2583 3800 2651 paritereou—

2209 2673 2389 2739 tineri,
2414 2672 2554 2729 bona
2579 2671 3069 2728 Nabuchodonosor
3082 2670 3235 2741 cujus
3257 2672 3426 2727 labori
3450 2671 3800 2728 mercesred—

2208 2764 2353 2819 ditur
2378 2804 2393 2831 ,
2437 2763 2576 2818 mala
2607 2760 2893 2835 Egyptiis,
2949 2777 3180 2834 quorum
3218 2763 3443 2818 vastitas
3491 2762 3793 2817 nuntiatur.

2790 2876 3017 2933 CAPUT
3054 2876 3223 2932 XXX.

2208 2969 2489 3043 Plangitur
2514 2971 2795 3053 destructio
2825 2969 3043 3053 ὥρμηκε
3064 2980 3113 3053 et
3135 2971 3340 3053 urbium
3373 2987 3514 3053 ejus,
3538 2986 3658 3024 cum
3686 2986 3791 3040 qua

2418 3050 2727 3095 corruerunt
2763 3041 3044 3111 provinciae
3068 3041 3169 3111 ipsi
3189 3041 3576 3110 confcederatre.

2286 3148 2304 3181 ‹
2342 3129 2408 3185 Et
2431 3129 2629 3186 factum
2657 3139 2741 3185 est
2764 3129 2987 3184 verbum
3005 3129 3217 3185 Domini
3245 3130 3312 3185 ad
3330 3144 3415 3184 me
3436 3130 3663 3185 dicens:
3693 3129 3792 3184 Fili

527 3221 585 3266 et
604 3225 854 3267 mensura
884 3221 1044 3267 terrae
1069 3226 1167 3281 per
1205 3212 1490 3268 circuitum
1518 3228 1691 3283 usque
1719 3215 1787 3269 ad
1830 3215 2099 3271 desertum
2130 3217 2173 3280 C
2211 3240 2229 3271 ι
2259 3220 2494 3275 hominis
2521 3260 2535 3281 ,
2588 3221 2848 3291 propheta
2911 3230 2966 3277 et
3021 3222 3145 3276 dic:
3172 3220 3297 3276 Haec
3347 3220 3481 3275 dicit
3536 3221 3795 3276 Dominus

527 3300 819 3372 Ethiopim
838 3310 893 3357 et
920 3301 1099 3356 littora
1126 3303 1289 3356 maris
1311 3303 1509 3374 magni,
1536 3302 1826 3375 Libyaeque
1868 3313 1923 3359 et
1963 3304 2100 3360 Ara-

527 3393 629 3448 bia:
652 3392 881 3449 conﬁnia
901 3382 1352 3448 demonstrantur.
1376 3390 1548 3448 Causa
1571 3403 1747 3448 autem
1772 3394 1867 3449 ira:
1891 3395 2104 3450 Domini

528 3489 716 3572 contra
758 3478 1046 3572 [Egyptum
1079 3480 1167 3535 illa
1205 3489 1308 3547 est,
1332 3484 1476 3552 quod
1496 3483 1747 3552 populum
1765 3483 1858 3538 Dei
1886 3499 1984 3539 suo
2007 3486 2103 3572 de-I-

529 3570 735 3641 ceperit
763 3571 982 3637 auxilio,
1010 3587 1081 3626 ne
1104 3582 1349 3641 speraret
1370 3573 1421 3626 in
1448 3572 1752 3638 Dominum,
1777 3585 1832 3629 et
1854 3574 2003 3629 illum
2038 3570 2105 3630 ad

529 3659 858 3714 iracundiam
915 3660 1238 3729 provocarit.
1297 3659 1355 3714 ln
1415 3661 1546 3727 illo,
1608 3662 1813 3735 inquit,
1869 3663 1955 3718 die
2000 3679 2105 3733 quo

529 3745 795 3818 Egyptus
818 3755 973 3816 capta
1004 3746 1162 3803 fuerit
1192 3747 1473 3817 pullulabit
1492 3765 1659 3805 cornu
1694 3752 1884 3807 domus
1918 3752 2102 3809 Israel.

531 3834 683 3889 llaud
725 3835 944 3890 dubium
986 3837 1113 3904 quin
1144 3838 1348 3907 regium
1403 3854 1571 3908 genus
1618 3840 1904 3911 signiﬁcet.
1952 3841 2107 3909 Quod

531 3926 749 3997 quidam
788 3927 854 4007 ad
878 3926 1173 3981 Zorobabel
1202 3929 1370 3983 tilium
1412 3928 1691 3996 Salathiel,
1735 3932 1825 4000 qui
1875 3948 1974 4001 per
2018 3932 2109 3987 Je-

534 4016 747 4071 coniam
767 4016 833 4069 de
869 4014 1036 4070 David
1062 4016 1229 4087 stirpe
1272 4028 1561 4088 generatus
1585 4029 1687 4075 est.
1735 4021 1839 4076 Alii
1872 4023 1941 4076 ad
1984 4023 2109 4078 ulti-

530 4119 677 4159 mum
732 4113 941 4174 tempus
986 4103 1255 4172 referunt,
1308 4107 1522 4176 quando
1566 4118 1777 4178 “putant
1822 4120 1877 4165 et
1920 4111 2108 4166 'Eliam

530 4211 651 4251 esse
678 4192 980 4250 venturum.
1008 4195 1114 4252 Nos
1140 4207 1317 4253 autem
1345 4214 1513 4254 cornu
1541 4200 1749 4255 Domini
1770 4217 1869 4271 pro
1893 4202 2109 4260 Christo

530 4285 889 4358 intelligentes
926 4298 1243 4357 praesentem
1293 4290 1565 4360 carpimus
1613 4292 1912 4348 historiam.
1948 4294 2109 4351 Cum-

530 4392 657 4447 que,
696 4379 791 4441 ait,
833 4393 867 4433 ο
913 4379 1194 4448 prapheta,
1232 4380 1334 4435 hoc
1384 4382 1537 4451 prius
1584 4380 1751 4437 fuerit
1795 4383 2105 4454 expletum:

534 4477 659 4523 tunc
700 4467 969 4537 aperietur
1004 4482 1065 4521 os
1095 4474 1262 4534 tuu‘m,
1289 4478 1344 4524 et
1384 4470 1694 4525 vaticinium
1726 4479 1877 4526 tuum
1905 4488 2111 4543 nequa-

531 4566 695 4627 quam
755 4557 913 4612 dubia
968 4559 1323 4627 promissione
1381 4561 1669 4630 pandebit,
1712 4565 1806 4619 sed
1854 4577 2103 4621 cernetur
2134 4560 2183 4619 ι)

529 4643 693 4718 opere
720 4656 1105 4718 perpetratum,
1135 4659 1194 4704 ut
1233 4650 1427 4713 sciant,
1454 4654 1545 4720 qui
1584 4654 1849 4709 audierint
1877 4673 1962 4713 me
1988 4674 2108 4715 esse

534 4740 840 4803 Dominum,
876 4737 1027 4807 cujus
1053 4738 1252 4794 dixisse
1285 4738 1477 4795 fecisse
1510 4750 1611 4797 est.
1652 4743 1778 4799 lltec
1811 4750 2104 4804 secundum

532 4828 784 4891 litteram,
814 4828 921 4883 imo
961 4828 1113 4898 juxta
1140 4828 1419 4883 veritatem
1462 4831 1602 4885 dicta
1639 4834 1745 4887 sint
1789 4839 2102 4907 prophetiae.

534 4917 797 4973 Caeterum
851 4934 915 4973 ex
966 4932 1051 4983 eo,
1078 4920 1219 4989 quod
1267 4919 1757 4981 Nabuchodonosor
1800 4928 2104 4984 mercedem

532 5009 800 5079 acceperit
864 5009 988 5063 boni
1051 5011 1248 5078 operis,
1301 5006 1645 5083 intelligimus
1712 5018 1875 5071 etiam
1924 5021 2106 5074 ethni-

533 5113 649 5163 cos,
679 5098 722 5153 si
751 5098 876 5167 quid
902 5098 1028 5153 boni
1066 5098 1310 5163 fecerint,
1351 5117 1455 5156 non
1483 5105 1686 5174 absque
1722 5110 1970 5163 mercede
2011 5110 2104 5165 Dei

528 5190 729 5261 judicio
755 5190 1039 5260 prmteriri.
1072 5189 1223 5246 Unde
1252 5203 1307 5246 et
1349 5208 1444 5261 per
1477 5192 1768 5249 Jereminm
1820 5198 2105 5254 Nabucho-

531 5281 763 5334 donosor
788 5278 1033 5334 columba
1065 5280 1157 5335 Dei
1203 5282 1516 5351 appellatur.
1545 5303 1609 5339 eo
1640 5288 1778 5356 quod
1817 5290 2102 5345 adversum

531 5367 784 5437 populum
835 5377 1174 5437 peccatorcm
1211 5370 1303 5424 Dei
1363 5374 1610 5427 servierit
1648 5376 1924 5431 voluntati.
1970 5398 1987 5429 ι
2042 5381 2109 5433 iit

532 5455 816 5520 adducam,
843 5457 1035 5525 inquit,
1063 5474 1275 5513 servum
1325 5478 1355 5513 ιι
1382 5476 1501 5515 eum
1536 5462 2042 5521 Nabttclmdunosor.
2081 5491 2100 5521 ι

536 5545 610 5599 Ex
644 5559 750 5614 quo
798 5547 1135 5616 perspicuum
1164 5558 1246 5603 est
1290 5552 1631 5606 condcimznri
1679 5571 1775 5609 nos
1828 5572 2105 5626 compara-

536 5636 678 5691 tione
727 5639 1040 5709 gentilium,
1084 5641 1127 5695 si
1164 5642 1235 5695 illi
1286 5642 1399 5712 lege
1433 5647 1627 5698 tat-inut
1670 5650 1928 5711 naturali,
1984 5667 2104 5719 quae

534 5743 632 5783 nos
652 5729 813 5785 etiam
844 5732 1041 5802 scripta
1079 5732 1414 5803 negligimus.
1443 5736 1517 5790 De
1546 5754 1652 5805 quo
1695 5740 2000 5808 plenissime
2036 5746 2102 5797 ad

2211 3330 2230 3362 ι
2260 3310 2402 3366 Deus
2434 3329 2449 3364 :
2475 3310 2711 3376 Ululate,
2734 3326 2832 3377 vae,
2855 3326 2937 3366 va:
2966 3312 3095 3377 diei,
3117 3311 3243 3382 quia
3265 3310 3419 3380 juxta
3452 3319 3539 3366 est
3576 3311 3715 3377 dies,
3741 3322 3798 3368 et

2211 3421 2230 3453 ι
2258 3403 2686 3472 appmpinqnant
2732 3402 2847 3458 dies
2901 3402 3147 3469 Domini,
3207 3403 3325 3459 dies
3368 3404 3547 3468 nubis,
3582 3413 3795 3473 temp

2212 3514 2230 3545 ι
2257 3494 2494 3563 gentium
2525 3493 2651 3558 erit,
2676 3501 2732 3547 et
2784 3494 2967 3549 veniet
3017 3494 3227 3564 gladius
3276 3494 3329 3547 in
3358 3492 3686 3564 IEgyptum,
3740 3502 3795 3548 et

2213 3601 2231 3633 ι
2267 3584 2369 3637 erit
2392 3598 2556 3653 pavor
2587 3584 2640 3637 in
2658 3582 2954 3653 Ethiopia,
2973 3598 3094 3637 cum
3122 3583 3419 3638 ceciderint
3446 3583 3714 3638 vulnerati
3738 3582 3789 3636 in

2211 3693 2229 3725 ι
2259 3672 2510 3744 Egypto,
2528 3682 2582 3728 et
2604 3673 2781 3727 ablata
2810 3673 2973 3727 fuerit
3001 3673 3285 3727 multitudo
3305 3673 3471 3737 illius,
3499 3681 3554 3727 et
3578 3672 3787 3728 destru-

2212 3783 2229 3814 ι
2260 3774 2344 3818 cta
2372 3764 2716 3819 fundamenta
2732 3761 3180 3834 ejusriEtbiOpia,
3199 3772 3253 3818 et
3274 3763 3463 3834 Libya,
3481 3772 3536 3818 et
3556 3764 3712 3834 Lydi,
3739 3772 3790 3817 et

2200 3873 2231 3903 ·«
2254 3870 2414 3909 omne
2440 3855 2701 3924 reliquum
2731 3855 2939 3924 vulgus,
2972 3863 3027 3909 et
3044 3853 3291 3920 Chub,et
3319 3853 3412 3907 ﬁlii
3439 3862 3597 3909 terra:
3626 3853 3790 3909 [cede-

2212 3962 2231 3994 α
2265 3946 2338 3997 ris
2382 3959 2505 3998 cum
2558 3946 2638 3999 eis
2688 3944 2863 4021 gladio
2906 3943 3119 3997 cadent.
3182 3942 3305 3997 Haec
3353 3943 3485 3998 dicit
3530 3944 3786 3997 Dominus

2214 4052 2232 4084 ι
2268 4033 2437 4088 Deus:
2492 4033 2558 4087 Et
2607 4042 2859 4088 corruent
2903 4032 3183 4087 fulcientes
3234 4030 3563 4102 Egyptum,
3615 4039 3673 4087 ct
3704 4033 3790 4086 de-

2214 4143 2233 4175 ‹
2263 4133 2502 4180 struetur
2553 4125 2819 4195 superbia
2862 4126 3069 4195 imperii
3105 4124 3221 4193 ejus
3250 4164 3265 4188 ,
3311 4138 3342 4178 a
3394 4133 3545 4180 turre
3584 4124 3787 4196 Syenes

2216 4234 2233 4265 α
2264 4213 2438 4282 gladio
2481 4215 2673 4269 cadent
2718 4213 2770 4267 in
2807 4227 2894 4277 ea,
2918 4213 2992 4267 ait
3018 4211 3282 4268 Dominus
3316 4214 3674 4268 exercituum.
3724 4214 3786 4269 Et

2214 4324 2233 4356 ‹
2263 4305 2662 4374 dissipabuntur
2707 4304 2760 4357 in
2806 4303 2981 4358 medio
3007 4311 3273 4357 terrarum
3322 4303 3704 4364 desolatarum,
3736 4315 3784 4358 et

2214 4412 2233 4444 ‹
2262 4394 2423 4450 urbes
2449 4391 2565 4460 ejus
2607 4394 2659 4447 in
2698 4393 2873 4447 medio
2914 4393 3191 4447 civitatum
3221 4392 3559 4449 desertarum
3605 4404 3778 4449 erunt.

2216 4502 2234 4534 ι
2263 4484 2331 4538 Et
2377 4485 2550 4538 scient
2601 4482 2855 4553 quoniam
2908 4496 3008 4552 ego
3058 4480 3354 4559 Dominus,
3416 4497 3537 4537 cum
3586 4482 3781 4537 dedero

2215 4593 2234 4625 ι
2268 4574 2445 4644 ignem
2483 4574 2534 4627 in
2560 4571 2813 4643 Egypt»,
2840 4580 2895 4625 et
2914 4572 3086 4626 attriti
3117 4571 3316 4626 fuerint
3343 4586 3533 4627 omnes
3559 4572 3780 4627 auxilia-

2214 4686 2232 4719 ι
2269 4675 2411 4720 tores
2432 4664 2565 4733 ejus.
2589 4664 2647 4718 ln
2670 4665 2755 4720 die
2770 4664 2859 4718 illa
2884 4664 3229 4734 egredientur
3250 4664 3424 4719 nuntii
3454 4680 3483 4719 a
3509 4664 3646 4719 facie
3665 4680 3777 4720 mea

2214 4775 2231 4806 ι
2265 4756 2315 4810 in
2341 4756 2591 4811 tricribus
2613 4758 2679 4810 ad
2705 4756 2979 4809 terendam
2997 4753 3288 4825 [Ethiopim
3311 4751 3715 4819 conﬁdentiam,
3731 4766 3779 4809 et

2214 4865 2233 4897 α
2266 4848 2371 4901 erit
2403 4854 2568 4916 pavor
2596 4846 2649 4899 in
2676 4847 2755 4900 eis
2802 4847 2856 4899 in
2886 4845 2971 4900 die
3007 4834 3224 4917 Egypti
3243 4885 3257 4911 ,
3306 4846 3431 4914 quia
3460 4846 3663 4916 absque
3690 4848 3777 4901 dti-

2215 4954 2233 4986 ‹
2263 4936 2351 4989 bio
2377 4936 2575 4991 veniet.
2598 4923 2733 4989 ‘lltrc
2755 4935 2883 4989 dicit
2914 4935 3172 4989 Dominus
3198 4935 3357 4989 Deus.
3380 4934 3448 4988 Et
3471 4948 3685 4989 cessare
3707 4934 3778 4987 fa-

2214 5044 2233 5075 ‹
2265 5027 2406 5080 ciam
2436 5025 2827 5079 multitudinem
2864 5023 3083 5095 Egypti
3130 5024 3187 5078 in
3233 5040 3393 5078 manu
3425 5022 3775 5079 Nabuchodo-

2215 5134 2231 5164 ι
2262 5129 2422 5168 nosor
2454 5116 2595 5182 regis
2634 5114 2936 5183 Babylonis,
2970 5114 3081 5183 ipse
3119 5122 3176 5167 et
3224 5112 3455 5182 populus
3495 5112 3612 5181 ejus
3659 5128 3771 5167 cum

2211 5224 2229 5253 ε
2258 5220 2341 5267 eo,
2377 5204 2653 5260 fortissimi
2677 5205 2912 5274 gentium
2935 5205 3267 5260 adducentur
3285 5204 3352 5259 ad
3373 5204 3770 5273 disperdendam

2213 5312 2230 5344 ι
2261 5304 2483 5357 terram,
2512 5303 2565 5348 et
2597 5293 2958 5363 evaginabunt
3000 5293 3204 5363 gladios
3259 5308 3386 5347 suos
3426 5307 3589 5362 super
3611 5291 3760 5361 dig;-

2215 5401 2232 5433 c
2264 5391 2511 5450 ptuin,et
2553 5382 2845 5451 implebunt
2880 5391 3079 5436 teriam
3119 5381 3435 5436 interfectis.
3480 5379 3543 5434 Et
3586 5378 3770 5435 faciam

2213 5490 2230 5520 ι
2262 5470 2442 5525 niveos
2470 5472 2744 5524 ﬂuminum
2776 5471 2973 5535 aridos,
3005 5481 3060 5525 et
3084 5471 3292 5525 tradam
3324 5480 3525 5524 terram
3573 5471 3626 5524 in
3671 5486 3772 5523 ma-

2214 5578 2231 5609 ς
2268 5576 2336 5613 nu
2381 5562 2756 5629 pessimorum,
2786 5571 2840 5614 et
2886 5560 3158 5628 dissipabo
3212 5569 3413 5614 terram
3460 5570 3513 5613 et
3551 5560 3772 5627 plenitu-

2210 5670 2228 5701 ς
2258 5651 2435 5704 dinem
2460 5652 2573 5721 ejus
2624 5654 2673 5705 in
2728 5667 2887 5704 manu
2916 5652 3229 5713 alienorum,
3260 5666 3357 5721 ego
3412 5648 3665 5705 Dominus
3702 5652 3771 5703 lo-

2212 5764 2227 5792 ς
2261 5752 2411 5797 cuius
2440 5758 2578 5797 sum.
2603 5742 2726 5799 llaec
2751 5738 2879 5799 dicit
2910 5743 3164 5798 Dominus
3183 5744 3357 5798 Deus:
3392 5743 3453 5797 Et
3479 5745 3771 5814 disperdat]
