3936 6358
226 420 330 473 805

1171 413 1523 470 COMMEN'I‘.
1566 413 1630 466 1N
1668 412 2121 470 EZECIHELEM.
2162 447 2231 458 —
2264 419 2390 473 LIB.
2429 420 2522 475 XI.

3361 434 3466 489 806

230 550 247 583 ι
280 530 591 587 simulacra.
613 538 669 583 ct
695 542 906 584 cessare
936 527 1126 583 l‘aciam
1154 528 1292 582 idola
1335 529 1401 583 de
1436 528 1715 599 Memphis,
1739 539 1793 582 et
1823 532 1870 590 Λ
1898 530 2176 601 Tantaque
2223 533 2325 587 erit
2362 533 2440 588 ira
2463 534 2692 602 Domini,
2726 545 2782 591 ut
2812 537 3079 595 siccentur
3120 544 3254 598 alvei
3300 544 3471 603 ﬂumi-

230 639 250 674 ι
279 622 385 675 dux
420 621 473 674 in
503 628 649 675 terra
693 616 910 689 λεωριί
957 632 1061 672 non
1102 616 1207 671 erit
1246 617 1495 686 amplius.
1548 619 1615 671 Et
1660 619 1798 673 dabo

229 730 247 766 ι
282 720 545 767 terrorem
575 712 630 766 in
666 720 807 765 terra
857 708 1074 779 Egypti
1095 748 1111 774 ,
1139 716 1194 763 et
1234 708 1541 779 disperdam
1596 717 1797 764 terram

230 821 249 855 ι
276 800 568 866 Phatures,
589 808 645 854 et
663 799 799 854 dabo
831 798 1007 868 ignem
1043 797 1096 851 in
1123 796 1383 867 Taphnis,
1414 808 1471 852 et
1503 796 1697 852 faciam
1718 796 1803 866 ju-

229 908 249 942 ι
280 890 421 946 dicia
458 889 515 944 in
553 887 876 943 Alexandria
902 925 917 953 ,
958 893 1013 941 et
1059 884 1329 941 ell'undam
1382 885 1801 957 indignationem

229 996 250 1031 ι
280 992 457 1034 meam
511 991 672 1046 super
700 974 969 1030 Pelusium
1023 974 1189 1029 robur
1236 972 1473 1044 .‘Egyptl,
1506 981 1561 1028 et
1597 973 1801 1031 interli-

228 1088 249 1122 ε
279 1069 420 1125 ciam
450 1066 841 1122 multitudinem
864 1064 1220 1119 Alexandriae.
1252 1063 1320 1118 Et
1359 1063 1499 1120 dabo
1542 1064 1719 1133 ignem
1744 1064 1798 1118 in

228 1177 249 1211 ι
277 1158 734 1230 Ᾰεὶεγριοειιιιειεί
781 1157 1091 1227 parturiens
1136 1154 1338 1211 dolebit
1384 1155 1694 1221 Pelusium,
1747 1165 1801 1212 et

229 1268 248 1301 ι
279 1248 605 1303 Alexandria
629 1247 734 1303 erit
759 1246 1039 1316 dissipata,
1069 1254 1125 1301 et
1167 1244 1220 1298 in
1252 1244 1512 1314 Memphis
1542 1245 1801 1316 angustiae

228 1356 248 1389 ι
280 1337 627 1406 quotidianae,
659 1333 888 1403 juvenes
936 1333 1274 1402 Heliopoleos
1297 1340 1352 1388 et
1375 1324 1593 1388 Bubasti
1624 1332 1799 1404 gladio

226 1445 246 1479 ι
275 1425 489 1491 cadent,
510 1434 566 1480 et
593 1425 720 1495 ipsa:
747 1408 973 1493 captiva;
994 1423 1278 1489 ducentur,
1299 1418 1353 1479 et
1377 1423 1430 1477 in
1448 1423 1687 1493 'l‘apbnis
1720 1425 1801 1478 ni-

227 1534 247 1566 ‹
276 1522 487 1587 grescct
510 1515 644 1580 dies,
679 1529 800 1569 cum
823 1513 1131 1569 contrivero
1155 1513 1226 1568 ibi
1253 1521 1464 1584 sceptra
1484 1511 1722 1583 IEgypti,
1748 1521 1803 1567 et

224 1626 242 1657 ι
278 1605 538 1661 defecerit
559 1607 612 1659 in
634 1620 696 1660 ea
720 1605 970 1676 superbia
990 1604 1243 1676 potentia:
1257 1605 1372 1675 ejus
1398 1619 1413 1659 :
1436 1605 1607 1674 ipsam
1628 1605 1800 1659 nubes

223 1718 241 1747 ι
275 1698 498 1767 opcriet.
534 1696 681 1751 Filize
707 1706 884 1751 autem
906 1696 1023 1766 ejus
1045 1695 1099 1749 in
1120 1695 1486 1765 captivitatem
1516 1695 1796 1749 ducentur.

224 1805 243 1835 ι
280 1785 348 1839 Et
380 1784 573 1839 faciam
598 1785 800 1857 judicia
834 1785 886 1838 in
915 1782 1149 1854 Egypto
1170 1824 1184 1849 ,
1233 1791 1287 1838 et
1330 1783 1501 1838 scient
1546 1783 1669 1852 quia
1700 1797 1799 1853 ego

1897 638 2044 689 num,
2068 623 2168 679 hoc
2181 633 2263 678 est
2284 623 2386 678 Nili
2422 625 2696 702 διώρυχες,
2715 644 2881 698 usque
2903 630 2968 684 ad
2992 632 3182 700 solum,
3198 643 3253 690 et
3276 635 3326 690 in
3350 644 3467 692 mal-

1896 726 1967 766 nu
1988 713 2355 782 pestilentium
2383 715 2495 769 sive
2521 717 2794 771 hominum
2821 720 3169 789 pessimorum
3194 725 3469 793 plenitudo

1897 800 2113 872 Egypti
2149 803 2437 869 desoletur,
2467 820 2584 860 mea
2623 807 2765 861 enim
2794 809 2953 871 verba
3002 812 3151 869 irrita
3196 830 3316 872 esse
3362 833 3469 872 non

1898 902 2136 960 possunt.
2186 891 2422 964 lllucque
2457 894 2703 965 proﬁciet
2743 897 3053 969 indignatio,
3089 912 3145 957 ut
3179 896 3468 962 simulacra

1898 980 2115 1053 Egypti
2138 982 2536 1053 disperdantur,
2561 995 2616 1041 et
2653 997 2865 1043 cessent
2893 990 3033 1046 idola
3072 991 3140 1048 de
3184 993 3468 1065 Memphis,

1897 1086 2018 1142 quae
2048 1087 2214 1143 usque
2234 1075 2393 1129 hodie
2418 1077 2725 1146 metropolis
2766 1087 2851 1133 est
2887 1080 3279 1149 superstitionis
3304 1085 3470 1158 Egy-

1900 1164 2044 1236 ptiae,
2072 1165 2185 1233 sive
2205 1167 2489 1235 optimates
2510 1176 2564 1221 et
2614 1168 2883 1238 principes
2919 1170 2985 1224 de
3024 1170 3283 1242 Memphis
3308 1184 3362 1229 et
3405 1157 3472 1231 de

1901 1264 2044 1310 terra
2074 1253 2313 1327 Egypti.
2347 1255 2550 1309 Tantus
2596 1265 2776 1310 autem
2807 1267 2982 1312 terror
3011 1270 3256 1315 cunctam
3301 1262 3487 1335 [Egyl

1899 1355 2045 1415 ptum
2073 1345 2383 1415 possidebit,
2416 1355 2475 1399 ut
2494 1354 2635 1400 terra
2656 1346 2919 1403 Phatures
2954 1351 3131 1406 omnis
3158 1364 3343 1420 pereat
3364 1363 3476 1420 ,‘et

1902 1434 2041 1504 ignis
2082 1442 2256 1488 vastet
2302 1434 2573 1503 Taphnis,
2613 1435 2747 1501 sive,
2777 1442 2833 1490 ut
2880 1436 3022 1491 LXX
3060 1441 3471 1510 transtulerunt,

1904 1521 2093 1576 Tanin.
2151 1522 2497 1593 Faciamque,
2529 1525 2626 1590 ait,
2646 1524 2846 1594 judicia
2898 1527 2950 1580 in
2972 1526 3321 1599 Alexandria,
3352 1548 3472 1601 quae

1900 1612 2058 1666 hodie
2094 1611 2172 1667 sic
2199 1623 2457 1667 vocatur:
2489 1622 2742 1669 caeterum
2772 1615 3059 1684 pristinum
3082 1633 3276 1673 nomen
3302 1620 3465 1676 habet

1901 1697 1999 1763 No,
2026 1700 2166 1768 quod
2190 1701 2381 1769 Aquila
2413 1700 2765 1773 Symmachus
2804 1714 2858 1758 et
2889 1705 3204 1771 Theodotio,
3247 1710 3387 1765 sicut
3411 1712 3467 1765 in

1903 1788 2126 1843 llebrzeo
2154 1789 2389 1858 positum
2425 1798 2507 1844 est
2555 1788 2959 1848 transtulerunt.
2989 1795 3093 1851 Pro
3132 1812 3242 1869 quo
3266 1790 3474 1856 ‘nescio

225 1895 245 1925 ι
283 1875 556 1932 Dominus.
592 1896 610 1929 ι
664 1875 794 1930 Post
831 1875 1143 1930 vicesimum
1192 1883 1247 1930 et
1293 1875 1579 1943 septimum
1604 1888 1803 1928 annum
1832 1869 1877 1926 Β
1906 1876 2033 1943 quid
2067 1876 2309 1933 volentes
2356 1876 2703 1950 Septuaginta
2758 1882 2944 1939 dixere
2984 1883 3296 1955 Diospolim,
3355 1906 3478 1959 quae

218 1969 555 2039 captivitatis
578 1968 720 2039 regis
744 1966 987 2022 Joachim
1012 1966 1300 2045 revertitur
1327 1968 1393 2022 ad
1409 1981 1645 2036 praesens
1673 1975 1802 2021 tem-

214 2076 325 2129 pus
370 2059 583 2129 quando
625 2063 811 2114 centra
852 2052 1143 2128 Egyptum
1184 2064 1421 2129 coeperat
1454 2058 1799 2125 prophetare,

214 2149 274 2204 id
309 2158 410 2216 est,
438 2148 503 2202 ad
531 2161 730 2201 annum
755 2145 1021 2201 decimum
1046 2154 1100 2200 et
1126 2123 1676 2218 decimum’mensem,
1705 2160 1802 2198 un-

214 2241 432 2297 decima
457 2238 655 2315 mensis
676 2238 779 2292 die.
795 2236 861 2291 Et
884 2236 1013 2291 dicit
1037 2235 1137 2290 sibi
1165 2242 1489 2304 praeceptum
1504 2250 1531 2287 a
1552 2234 1796 2298 Domino,

215 2343 281 2387 ut
310 2332 555 2402 loquatur
578 2330 643 2385 ad
664 2343 850 2384 omnes
891 2328 1152 2389 nationes,
1178 2335 1379 2380 etcum
1404 2325 1654 2379 omnibus
1683 2340 1801 2393 spe-

214 2422 432 2479 cialiter
458 2422 524 2475 ad
548 2419 858 2491 ZEgyptum.
886 2416 1015 2485 Quae
1049 2424 1173 2471 sunt
1204 2430 1332 2486 ergo
1370 2430 1489 2484 qua:
1528 2414 1802 2485 loquitur?

220 2536 242 2569 ι
276 2515 509 2577 Ululate,
534 2528 634 2578 vae,
667 2527 746 2567 va:
776 2510 903 2575 diei,
942 2507 1067 2578 quia
1114 2508 1268 2578 juxta
1318 2513 1403 2561 est
1444 2506 1578 2568 dies,
1599 2496 1662 2559 et
1704 2518 1804 2575 ap-

216 2605 542 2675 propinquat
579 2588 703 2662 ,dies
724 2598 957 2661 Domini,
992 2616 1011 2649 υ
1065 2610 1171 2649 non
1201 2595 1347 2649 claro
1388 2592 1500 2647 s'ole
1550 2593 1800 2659 rutilans,

218 2694 317 2750 sed
350 2700 533 2762 operta
562 2690 811 2752 nubibus,
842 2697 897 2742 et
930 2682 1273 2756 Babyloniain
1298 2682 1550 2737 adferens
1593 2692 1803 2753 tempe-

218 2791 436 2840 statem.
466 2780 707 2848 Cumque
728 2776 933 2849 gladius
972 2774 1198 2844 casperit
1233 2782 1443 2828 vastare
1487 2764 1799 2853 Aigypwm,

216 2889 389 2946 pavor
406 2873 512 2927 erit
533 2872 586 2926 in
612 2869 887 2939 Ethiopia
911 2882 1029 2937 qua:
1061 2867 1234 2922 vicina
1264 2872 1346 2919 est
1366 2863 1620 2934 Egyplo,
1643 2878 1711 2919 ne
1734 2864 1801 2919 ad

217 2978 279 3021 se
308 2975 477 3031 usque
516 2958 839 3029 Babylonius
874 2970 1061 3011 mucro
1105 2953 1397 3024 perveniat.
1428 2951 1633 3007 Cadent
1659 2951 1799 3012 enim

218 3050 275 3106 in
300 3050 537 3119 Egypto
554 3045 836 3110 vulnerati,
864 3053 918 3099 et
958 3042 1232 3099 auferetur
1258 3040 1544 3096 multitudo
1576 3040 1721 3101 illius
1748 3046 1802 3094 et

216 3155 392 3210 usque
418 3139 499 3193 ad
520 3137 861 3191 fundamenta
896 3134 1074 3189 omnia
1122 3134 1469 3187 destrucntur
1496 3170 1510 3195 ,
1567 3130 1641 3184 ita
1670 3138 1728 3184 ut
1755 3131 1799 3185 si

1901 1964 2118 2036 Egypti
2140 1982 2305 2036 parva
2324 1968 2517 2023 civitas
2544 1978 2642 2023 est.
2669 1967 2777 2024 Nos
2802 1979 2979 2025 autem
2999 1987 3096 2042 pro
3140 1973 3221 2030 No
3246 1976 3477 2033 Alexan-

1903 2055 2071 2110 driam
2121 2058 2397 2126 posuimus
2422 2098 2438 2123 ,
2482 2074 2581 2128 per
2618 2060 3086 2129 anticipationem,
3136 2080 3253 2135 quae
3291 2066 3477 2124 Grzrce

1900 2144 2161 2215 prolepsis
2196 2146 2489 2217 appellatur
2510 2188 2524 2212 ,
2568 2150 2721 2219 juxta
2753 2150 2879 2206 illud
2916 2150 3266 2223 Virgilianum
3295 2171 3332 2210 εκ
3365 2157 3472 2212 La-

1901 2234 2118 2305 vinaque
2144 2236 2278 2289 venit
2320 2235 2499 2290 lirtora
2527 2253 2546 2290 :
2596 2252 2699 2291 non
2725 2253 2831 2307 quo
2870 2252 2934 2295 eo
2963 2250 3222 2312 tempore,
3264 2249 3476 2315 quando

1901 2322 2047 2377 venit
2079 2321 2281 2378 [Encas
2317 2323 2369 2378 in
2398 2324 2607 2379 Latium
2640 2325 2858 2382 Lavinia
2888 2329 3213 2397 dicerentur,
3241 2336 3333 2389 sed
3356 2351 3477 2405 quae

1901 2420 2088 2483 postea
2111 2412 2330 2467 Lavinia
2366 2424 2671 2484 nuncupata
2720 2426 2866 2483 sunt,
2889 2427 2949 2472 ut
2972 2421 3303 2477 manifestior
3329 2423 3476 2479 locus

1904 2500 2056 2557 fleret
2103 2501 2321 2558 lectoris
2369 2504 2750 2575 intelligentiae.
2790 2526 2809 2560 ι
2850 2508 2917 2562 Ει
2962 2508 3250 2577 eﬂ'undam,
3281 2513 3473 2582 inquit,

1903 2591 2321 2662 indignationem
2368 2607 2541 2648 meam
2588 2610 2747 2665 super
2801 2595 2952 2664 Sain,
2994 2619 3014 2651 ι
3058 2597 3218 2670 quam
3267 2618 3365 2658 nos
3421 2606 3475 2659 in

1902 2682 2173 2741 Pelusium
2210 2688 2470 2744 vertimus
2500 2706 2514 2744 :
2546 2699 2603 2746 et
2630 2676 2801 2746 robur.
2816 2694 3111 2763 appellatur
3144 2695 3364 2769 Egypti
3409 2715 3475 2755 eo

1901 2774 2045 2843 quod
2082 2784 2297 2845 portum
2334 2777 2531 2832 habeat
2574 2780 2899 2835 tutissimum
2924 2822 2939 2847 ,
2976 2794 3029 2838 et
3085 2787 3475 2856 negotiationes

1903 2865 2068 2920 maris
2117 2865 2188 2920 ibi
2219 2865 2303 2921 vel
2349 2869 2580 2924 maxime
2627 2881 2997 2927 exerceantur.
3034 2874 3184 2931 Unde
3220 2885 3276 2932 et
3317 2885 3475 2945 poeta

1901 2953 2233 3038 Pelusiacam
2261 2956 2492 3026 appellat
2532 2959 2754 3027 lentem,
2796 2976 2901 3015 non
2928 2964 3069 3032 quod
3096 2964 3165 3018 ibi
3199 2979 3364 3035 genus
3393 2954 3485 3019 te:

1901 3044 2133 3115 guminis
2162 3046 2412 3116 gignatur
2450 3047 2534 3102 vel
2561 3050 2814 3116 maxime,
2844 3053 2938 3107 sed
2974 3053 3115 3122 quod
3144 3070 3176 3109 e
3203 3054 3475 3111 Thebaide

1902 3142 1956 3190 et
1985 3136 2132 3192 omni
2160 3136 2390 3207 Egypto
2419 3152 2514 3206 per
2539 3139 2709 3193 rivum
2740 3138 2848 3194 Nili
2897 3140 3022 3195 illuc
3049 3142 3337 3211 plurimum
3380 3144 3473 3200 de-

214 3205 343 3300 qnis
380 3229 431 3283 in
458 3226 690 3298 Egypto
719 3225 1014 3296 reperiatur
1051 3224 1118 3280 de
1147 3221 1422 3292 Ethiopia
1449 3229 1504 3276 et
1539 3219 1705 3291 Libya
1740 3230 1793 3277 et
1820 3205 1863 3265 (ἶ
1896 3222 2122 3279 feratur.
2154 3242 2173 3276 ι
2218 3205 2285 3279 Et
2308 3205 2665 3292 linterlieiam,
2694 3229 2792 3292 ait,
2819 3205 3212 3285 multitudinem
3241 3231 3474 3295 Alexan-

213 3320 409 3393 Lydia,
435 3327 490 3374 et
516 3320 566 3373 in
600 3332 882 3385 commune
928 3317 993 3373 de
1040 3316 1204 3371 variis
1246 3314 1455 3385 populis
1510 3323 1567 3368 et
1604 3312 1790 3379 Chub,

215 3406 729 3479 quodSymmachus
747 3405 905 3459 vertit
925 3404 976 3458 in
1001 3403 1273 3467 Arabiam,
1303 3412 1356 3456 et
1391 3401 1455 3456 de
1492 3400 1615 3455 ﬁliis
1640 3409 1795 3456 terrae

214 3498 461 3561 fmderis,
486 3496 593 3551 hoc
619 3489 723 3558 est,
747 3494 814 3549 de
841 3494 1036 3563 populo
1059 3492 1383 3555 Judteorum,
1409 3507 1528 3545 cum
1560 3490 1664 3544 illis
1684 3490 1795 3560 gla-

214 3590 312 3645 dio
357 3588 531 3643 cadat.
580 3585 687 3640 Pro
737 3584 932 3654 quibus
1001 3582 1249 3653 gentibus
1292 3579 1431 3635 LXX
1496 3576 1794 3649 posuerunt

218 3699 238 3731 ι
279 3677 456 3732 Persae
500 3683 554 3731 et
582 3674 865 3730 Cretenses
912 3682 967 3727 ct
1012 3672 1142 3744 Lydi
1174 3681 1227 3728 et
1275 3672 1471 3743 Libyes
1502 3682 1554 3727 et
1607 3688 1795 3728 omnes

214 3767 496 3826 commixti
523 3783 537 3820 :
570 3774 625 3821 et
661 3765 754 3819 lilii
785 3764 1110 3819 Testamenti
1145 3764 1268 3826 mei,
1298 3778 1419 3818 enm
1472 3763 1585 3831 ipsa
1616 3763 1793 3834 gladio

212 3860 433 3915 cadent.
468 3875 487 3908 ι
521 3855 587 3908 Ει
608 3863 666 3908 ιιι
704 3853 964 3909 sciremus
986 3853 1082 3906 has
1107 3865 1295 3906 omnes
1320 3858 1505 3921 gentes
1539 3850 1703 3905 fuisse
1738 3851 1791 3905 in

213 3948 422 4006 auxilio
450 3946 692 4017 Egypli,
721 3959 950 4017 sequens
979 3958 1157 3999 sermo
1191 3944 1542 3998 demonstrat.
1573 3942 1638 3996 Et
1669 3954 1791 3997 cor-

213 4048 381 4095 ruent
409 4037 686 4092 fulcientes
700 4034 1007 4106 IEgyptum,
1029 4034 1141 4089 sive
1163 4033 1525 4089 sustentacula
1547 4033 1791 4105 Egypti,

214 4130 273 4185 id
297 4138 399 4194 est,
424 4128 574 4185 socii.
611 4128 679 4182 Et
704 4126 879 4182 omnis
919 4125 1169 4195 superbia
1211 4124 1445 4194 imperii,
1469 4125 1581 4179 sive
1601 4132 1792 4179 contu-

214 4219 380 4278 melia
407 4218 732 4292 fortitudinis
762 4216 903 4271 illius
933 4217 1237 4271 destruetur
1281 4230 1345 4270 ac
1388 4216 1700 4284 dcponetur.
1746 4214 1791 4268 A

215 4320 373 4366 turre
403 4308 577 4379 Syene
600 4349 616 4373 ,
657 4322 817 4378 quam
863 4308 915 4361 in
945 4307 1203 4362 extremis
1250 4307 1445 4360 linibus
1474 4306 1688 4377 Egypti
1722 4307 1791 4361 si-

216 4410 335 4455 tam
373 4399 624 4461 diximus,
664 4398 778 4452 sive
834 4415 854 4448 ι
901 4412 932 4451 a
976 4395 1221 4467 Magdalo
1261 4411 1431 4465 usque
1494 4395 1728 4466 Syenen,
1767 4414 1784 4447 ι

215 4491 365 4547 sicut
426 4489 773 4559 Septuaginta
818 4486 1250 4551 transtulerunt,
1304 4502 1491 4541 omnes
1546 4487 1791 4541 civitates

214 4578 437 4651 l{'ngpti
468 4578 693 4632 desertae
746 4584 942 4639 erunt,
992 4583 1052 4631 ut
1102 4585 1425 4645 cognoscant
1475 4575 1786 4637 Dominum;

214 4667 435 4739 quando
464 4667 602 4739 ignis
620 4666 988 4722 Chaldaeorum
1016 4667 1267 4721 universa
1296 4667 1601 4731 vastaverit,
1633 4676 1686 4720 ct
1709 4677 1791 4720 at—

216 4760 336 4814 ttiti
392 4756 954 4830 fucrintauxiliatorcs
980 4756 1113 4825 ejus,
1142 4766 1198 4812 et
1239 4758 1581 4826 pervenerint
1620 4757 1789 4811 nuntii

212 4858 367 4920 juxta
399 4846 643 4915 Aquilam
681 4857 735 4900 et
759 4845 1179 4901 'l‘hcodotioncm
1209 4846 1351 4908 siitn,
1381 4861 1515 4914 quos
1543 4845 1789 4916 Symma-

216 4948 358 4995 chus
404 4937 674 4991 transtulit
715 4934 1047 5000 festinantes,
1075 4951 1173 4991 nos
1199 4938 1249 4990 ia
1280 4936 1470 4991 tricrcs
1500 4938 1783 5003 vertimus;

217 5042 298 5085 ita
330 5022 473 5082 enim
516 5028 583 5082 ab
614 5026 850 5081 llebrtcis
886 5028 1188 5095 accepimus
1210 5067 1224 5090 ,
1283 5036 1341 5080 ut
1380 5030 1556 5083 omnis
1582 5028 1790 5085 Αἰιιιὶοο

219 5125 325 5193 piae
352 5107 542 5175 liducia
576 5129 901 5186 conteratur,
935 5128 989 5175 et
1032 5122 1244 5189 quando
1276 5120 1435 5174 fuerit
1466 5119 1640 5174 vicina
1669 5134 1792 5187 pro-

216 5214 397 5268 sincia
421 5213 677 5277 desolata,
709 5227 875 5282 pavor
914 5221 1092 5266 teneat
1134 5197 1450 5280 proximam.
1500 5210 1565 5263 Ut
1610 5218 1789 5263 autem

218 5307 488 5362 sciremus
511 5305 629 5373 quis
654 5312 797 5358 esset
842 5304 942 5356 iste
975 5302 1199 5369 gladius,
1247 5302 1335 5369 qui
1364 5310 1598 5354 vastaret
1626 5299 1790 5369 Aigy—

215 5408 396 5469 ptnm,
419 5403 472 5463 et
502 5402 728 5448 lcrrcrct
774 5392 1122 5461 :Ethiopiam,
1146 5392 1384 5459 sequitur
1432 5388 1786 5443 manifestius.

224 5508 244 5539 4
289 5486 354 5540 Et
388 5500 601 5540 cessare
643 5482 836 5537 l‘acimn
868 5481 1255 5535 multitudinem
1285 5478 1500 5549 :Egypti
1523 5480 1575 5531 in
1626 5493 1787 5531 manu

220 5573 716 5632 Nabuchodonosor
763 5572 902 5642 argis
948 5569 1251 5639 Babylonis,
1287 5588 1305 5619 ι
1346 5569 1435 5636 qui
1483 5583 1586 5621 non
1619 5566 1787 5621 solum

220 5666 418 5727 veniet,
444 5661 537 5717 sed
567 5660 744 5714 vcnict
768 5660 948 5713 multis
968 5658 1252 5713 comitatus
1286 5657 1606 5720 natioaibus,
1631 5656 1703 5709 ita
1733 5665 1791 5709 ut

218 5771 395 5809 mutus
425 5749 688 5820 .ngyptus
720 5749 1116 5803 interl'cctorum
1151 5744 1409 5817 sanguine
1439 5744 1784 5813 compleatur.

1819 4538 1869 4596 D

1894 3313 2042 3377 drim,
2081 3333 2099 3366 ι
2135 3329 2254 3383 quae
2305 3331 2517 3370 rursum
2562 3317 2617 3370 in
2662 3316 2887 3372 Hebraeo
2914 3319 3086 3387 posita
3118 3330 3202 3374 est
3234 3321 3336 3386 No,
3372 3337 3471 3392 pro

1894 3418 1998 3472 qua
2030 3417 2366 3475 nequaquam
2386 3398 2683 3474 Diospolim
2732 3414 2789 3471 ut
2819 3421 2979 3476 supra
3003 3447 3019 3473 ,
3069 3409 3163 3463 sed
3190 3408 3470 3482 Μεηιριιίιη

1896 3490 2247 3563 Septuaginta
2273 3493 2676 3549 transtulerunt.
2710 3493 2775 3547 Et
2802 3504 2859 3548 ut
2886 3497 3133 3552 ostendat
3160 3498 3469 3567 populos:tm

1884 3585 2001 3655 jam
2035 3584 2125 3639 illo
2180 3591 2419 3654 tempore
2448 3583 2611 3639 fuisse
2657 3586 2867 3661 urbem;
2912 3585 3162 3653 Perdam,
3190 3588 3283 3653 ait,
3328 3590 3467 3644 mul-

1896 3673 2174 3728 titudinem
2191 3673 2290 3739 No,
2307 3683 2359 3728 ct
2381 3675 2519 3728 dabo
2541 3674 2739 3744 ignem,
2758 3675 2856 3729 hoc
2872 3684 2951 3749 est
2979 3690 3156 3745 regem
3182 3676 3469 3748 Babylonis

1894 3762 1949 3816 in
1986 3761 2251 3834 Egypto,
2281 3764 2369 3831 qui
2396 3766 2566 3817 instar
2601 3764 2738 3834 ignis
2764 3772 2958 3819 cuncta
2981 3766 3280 3835 populetur.
3299 3767 3466 3835 Quasi

1892 3854 2197 3923 parturiens
2217 3852 2414 3907 dolebit
2428 3852 2578 3918 Saiu,
2596 3853 2647 3907 id
2660 3852 3033 3919 est,Pelusium
3054 3872 3067 3908 :
3086 3856 3195 3910 sive
3208 3858 3467 3913 turbatio-

1894 3958 1961 3997 ne
1986 3944 2304 4006 turbabitur,
2323 3944 2443 3996 etin
2466 3942 2809 4008 Alexandria,
2829 3943 2878 3998 id
2899 3952 3002 4010 est,
3020 3945 3071 3999 in
3093 3944 3193 4012 No,
3208 3948 3311 4001 crit
3332 3948 3466 4004 scis-

1894 4034 2123 4088 sura.~Et
2149 4032 2512 4117 diffundentur
2537 4048 2708 4101 aquae,
2736 4047 2839 4102 pro
2858 4050 2962 4103 qua.
2994 4051 3204 4090 rursum
3247 4036 3469 4108 Septua-

1894 4126 2038 4195 ginta
2070 4123 2356 4193 Diospolt'm
2403 4117 2812 4178 transtulerunt.
2858 4124 3020 4182 Moris
3068 4137 3247 4182 autem
3299 4127 3465 4199 Egy-

1893 4214 2126 4284 ptiorum
2170 4222 2273 4277 est,
2302 4222 2517 4282 propter
2566 4213 2972 4269 inundationem
3025 4215 3174 4282 Nili,
3224 4217 3464 4275 excelsos

1894 4316 2115 4373 aggeres
2143 4289 2456 4357 construere
2490 4318 2553 4357 ac
2601 4303 2765 4372 ripas
2802 4303 2928 4370 Nili,
2955 4305 3047 4374 qui
3093 4307 3138 4360 si
3186 4308 3465 4363 custodum

1894 4391 2213 4461 negligentia
2270 4391 2353 4446 vel
2404 4391 2565 4447 nimia
2611 4408 2870 4462 aquarum
2913 4396 3279 4465 magnitudine
3322 4401 3463 4469 rupti

1895 4482 2467 4551 fuerint,subjacentes
2495 4499 2711 4553 campos
2730 4498 3065 4553 nequaquam
3096 4489 3267 4558 rigant
3288 4504 3459 4558 aqua),

1896 4571 1988 4625 sed
2019 4572 2327 4641 opprimunt
2348 4582 2505 4641 atque
2536 4572 2874 4641 populantur.
2906 4574 3008 4630 Per
3030 4576 3168 4645 quod
3196 4579 3460 4648 signiﬁca-

1894 4671 2001 4725 tur,
2027 4662 2106 4717 sic
2125 4661 2490 4718 Chaldaeorum
2510 4663 2747 4716 exercitu
2764 4666 3123 4733 occupandam
3146 4651 3453 4737 Egyptum,

1891 4755 2158 4824 quomodo
2188 4753 2566 4809 inundantibus
2594 4752 2696 4806 Nili
2744 4754 2919 4823 aquis,
2946 4765 3001 4811 et
3027 4770 3188 4824 super
3235 4753 3449 4812 modum

1889 4845 2253 4902 crescentibus
2278 4844 2471 4911 operiri
2510 4843 2818 4911 soletatque
2844 4843 3133 4911 corrumpi.
3162 4842 3264 4897 Pro
3286 4844 3444 4899 inun-

1890 4935 2103 4989 datione
2128 4949 2383 5003 aquarum
2423 4943 2483 4994 et
2526 4934 3011 5003 irruptione'atque‘
3039 4934 3267 4988 scissura
3298 4933 3454 5005 agge-

1896 5040 2033 5089 rum,
2067 5025 2117 5077 in
2143 5023 2365 5078 Hebraeo
2383 5025 2617 5095 positum;
2641 5030 2740 5077 cst.
2771 5042 2789 5072 ι
2828 5022 2903 5075 Et
2924 5031 3083 5077 erunt
3113 5024 3163 5076 in
3195 5022 3455 5091 Memphis

1893 5114 2151 5183 angustia:
2167 5114 2512 5181 quotidianae,
2535 5133 2553 5164 ι
2576 5121 2633 5165 ιιι
2658 5112 2798 5165 unde
2822 5111 2972 5166 Nilus
2994 5111 3266 5176 dividitur,
3289 5121 3342 5166 et
3366 5114 3453 5167 ubi

1892 5206 2021 5275 Apis
2044 5204 2295 5275 templum
2316 5214 2417 5267 est,
2443 5212 2491 5257 et
2515 5203 2757 5258 consulta
2780 5201 3101 5272 respondent
3126 5201 3360 5268 oracula,
3381 5202 3451 5258 ibi

1893 5296 2217 5366 quotidianae
2243 5295 2497 5365 angustiae
2534 5292 2685 5348 (tam.
2714 5292 2945 5348 Iuvenes
2976 5307 3186 5362 quoque
3208 5291 3453 5363 Heliopo-

1894 5388 2024 5449 Icos,
2054 5403 2170 5455 qua:
2187 5386 2444 5441 llcbraice
2471 5385 2768 5455 appellatur
2792 5390 2882 5448 ori,
2907 5395 2961 5439 et
2984 5384 3202 5438 Bubasti
3231 5383 3454 5438 alterius

1888 5454 2143 5539 civitatis,
2178 5474 2349 5544 gladio
2372 5454 2648 5538 corruent,
2670 5473 2743 5527 ita
2781 5484 2837 5526 ut
2864 5474 2989 5542 ipsa:
3017 5471 3197 5535 urbes,
3216 5472 3319 5527 hoc
3345 5454 3451 5537 est:

1891 5564 2241 5627 habitatores,
2270 5564 2380 5617 sive
2407 5561 2659 5617 mulieres
2687 5572 2877 5617 earum
2898 5563 3160 5615 ducantur
3201 5562 3254 5614 in
3284 5565 3453 5629 capti-

1891 5652 2133 5715 vitatem,
2163 5652 2253 5721 qui
2276 5666 2434 5706 sexus
2462 5648 2667 5717 injuriae
2696 5649 2951 5718 subjacct.
2972 5649 3029 5704 ln
3064 5649 3298 5718 Taphnis
3323 5664 3449 5704 vero

1891 5761 2009 5815 qua-
2038 5753 2117 5798 est
2136 5743 2297 5813 regia
2323 5740 2512 5796 civitas
2539 5751 2880 5797 conterentur
2898 5752 3106 5813 sceptra
3136 5740 3372 5813 .Egj'pti,
3394 5741 3448 5797 id
