3936 6346
506 405 615 463 807

1199 403 1260 459 Β.
1302 403 1557 459 ΒᾹΒΑΝΙ
1592 402 1810 459 MAURI
1849 402 2169 460 ARCHIEP.
2213 402 2823 463 MOGUNT.OPERUM
2850 402 3031 459 PARS
3068 403 3137 459 ll.

3666 405 3761 462 808

505 523 605 579 est,
636 528 798 571 omne
829 515 1032 584 regium
1084 527 1270 583 genus.
1304 509 1547 585 Cumque
1595 515 1831 585 potentia
1861 513 1979 583 ejus
2001 515 2085 568 in-
2115 518 2161 577 Α
2191 532 2307 571 non
2343 516 2608 585 plantavit
2646 514 2882 569 caelestis
2935 524 3091 584 pater
3136 512 3506 570 eradicabitur
3558 514 3765 586 (Matth.

505 607 747 664 terfectis
796 607 1132 679 principibus
1188 607 1467 672 defecerit,
1493 619 1619 663 tunc
1667 608 1939 679 nigreseet
1970 609 2085 663 dies

503 707 557 754 et
609 695 838 769 caligine
891 711 957 751 ac
1010 698 1253 753 tenebris
1293 701 1473 754 omnia
1542 699 1971 769 complebuntur,
2009 700 2084 754 ita

505 796 564 842 ut
591 790 703 857 ipsa
735 786 865 843 urbs
892 789 1171 857 cperiatur
1219 791 1361 845 nube
1401 790 1655 845 mmroris
1702 806 1767 844 ae
1793 789 1988 844 luctus.
2021 790 2059 844 F

506 878 629 936 filia:
649 878 782 948 ejus,
815 878 869 933 id
892 887 997 942 est,
1018 879 1213 949 oppida
1238 880 1443 949 reliqua
1474 879 1743 934 ducantur
1772 879 1825 932 in
1860 880 2086 949 captivi-

506 978 693 1034 tatem,
725 978 782 1024 ut
812 978 1093 1038 postquam
1142 968 1320 1024 fecero
1360 968 1621 1037 judicium
1666 970 1719 1022 in
1750 968 2001 1040 Egypto,
2033 975 2087 1023 et

504 1057 558 1113 in
588 1060 795 1113 cunctis
818 1057 1053 1127 judicem
1080 1059 1544 1121 demonstrat-ero,
1576 1068 1701 1114 tunc
1723 1059 1896 1113 sciant
1920 1058 2087 1130 Egy-

498 1150 595 1219 ptii
645 1149 787 1218 quod
834 1164 934 1217 ego
978 1148 1080 1203 sim
1124 1148 1400 1202 Dominus.
1455 1149 1583 1203 [huc
1640 1150 1795 1219 quasi
1847 1149 2083 1219 parvulis

497 1241 764 1297 elementa
795 1241 1195 1310 descripsimus,
1230 1250 1288 1294 ut
1312 1256 1410 1311 per
1438 1241 1666 1303 litteras,
1696 1242 1951 1311 syllabas,
1982 1258 2084 1295 no-

498 1332 666 1396 mina,
689 1332 1083 1399 verborumque
1109 1340 1418 1386 contextum
1448 1334 1656 1400 possint
1685 1334 1752 1387 ad
1798 1333 2081 1387 lectionem

496 1435 669 1489 prosa:
692 1420 775 1474 vel
800 1420 1061 1474 carminis
1077 1421 1382 1490 pervenire.
1407 1420 1558 1476 Nunc
1573 1421 1948 1491 aggrediamur
1973 1431 2083 1475 tro-

494 1510 783 1580 pologiam,
810 1519 865 1565 et
895 1509 1220 1564 latissimum
1242 1509 1624 1580 disputationis
1666 1510 1888 1581 pelagus
1930 1510 2081 1565 brevi

495 1602 649 1669 quasi
674 1600 898 1669 pictura:
930 1598 1112 1653 tabula
1136 1599 1586 1653 demonstremus.
1628 1597 1820 1653 Sermo
1848 1598 2078 1663 Domini,

492 1690 583 1760 qui
615 1699 736 1744 erat
778 1704 994 1759 semper
1024 1690 1076 1741 in
1112 1698 1287 1757 patre,
1316 1689 1485 1759 factus
1514 1700 1598 1745 est
1636 1691 1703 1745 ad
1739 1692 2078 1760 prephetam,

491 1790 545 1837 et
567 1788 864 1837 voeateum
890 1795 1231 1849 nequaquam
1255 1781 1475 1835 nomine
1501 1797 1622 1845 suo,
1655 1782 1751 1835 sed
1780 1780 1945 1835 lilium
1985 1781 2080 1837 ho-

2188 606 2299 676 ειν).
2339 626 2359 659 ι
2389 605 2540 661 Unde
2567 615 2619 660 et
2661 604 2924 660 Jeremias
2950 606 3230 661 destruere
3262 606 3486 673 jubetur
3504 622 3626 677 quas
3650 622 3767 663 con-

2185 705 2389 753 structa
2419 708 2608 760 erant,
2650 705 2709 750 ut
2738 695 2971 751 aedificet
2997 695 3236 751 meliora.
3266 695 3529 753 Peribunt
3556 714 3766 769 quoque

2185 790 2239 842 in
2263 788 2500 859 [Egypto
2530 786 2832 857 Ethiopes,
2868 787 3063 859 Libyes
3089 799 3142 843 et
3171 787 3326 860 Lydi,
3351 788 3466 843 sive
3484 787 3643 856 juxta
3669 789 3766 845 Se-

2147 904 2150 907 η
2184 879 2482 948 ptuaginta,
2511 877 2708 943 Persae,
2739 876 3059 943 Cretenses,
3090 885 3145 933 et
3192 877 3361 949 Lydi,
3393 886 3449 932 et
3478 876 3677 950 Libyes
3715 889 3769 935 et

2184 966 2357 1031 Clmb,
2396 968 2449 1021 id
2498 966 2600 1033 est,
2643 968 2893 1033 Arabes,
2941 976 2997 1020 et
3044 981 3205 1022 omne
3259 967 3530 1038 reliquum
3560 967 3766 1039 vulgus,

2183 1074 2318 1129 quos
2350 1078 2368 1110 ι
2396 1059 2662 1131 liybridas
2692 1066 2853 1129 atque
2873 1057 3145 1113 mixticios
3171 1057 3310 1112 LXX
3338 1058 3765 1115 transtulerunt:

2184 1138 2321 1219 quos
2354 1166 2543 1205 omnes
2567 1166 2663 1220 pro
2688 1150 3000 1205 diversitate
3030 1149 3292 1204 vitiorum
3326 1150 3770 1220 interpretatione

2184 1241 2479 1305 nominum,
2506 1258 2627 1312 qua:
2664 1240 2718 1294 in
2748 1241 2956 1296 visione
2996 1240 3125 1312 Tyri
3168 1242 3447 1310 posuimus
3472 1281 3489 1307 ,
3533 1243 3773 1299 diversas

2182 1346 2471 1401 possumus
2528 1331 2827 1400 intelligere
2886 1331 3151 1386 nationes.
3233 1331 3387 1388 Unde
3439 1330 3768 1401 Apostolus:

2191 1443 2209 1473 ‹
2253 1422 2381 1486 Vos,
2414 1422 2609 1491 inquit,
2635 1430 2821 1493 gentes
2870 1422 2925 1475 in
2964 1436 3146 1487 carne,
3180 1442 3199 1474 ι
3244 1421 3335 1491 qui
3365 1422 3610 1477 dicimini
3638 1437 3771 1493 prae.

2181 1514 2389 1584 putium
2421 1512 2638 1585 (Ephes.
2671 1512 2766 1583 tt);
2792 1526 3084 1581 numquam
3109 1511 3255 1567 enim
3286 1512 3514 1567 dixisset
3541 1512 3597 1565 in
3619 1529 3770 1565 cam

2182 1614 2393 1674 gentes,
2428 1603 2531 1662 nisi
2560 1613 2745 1658 essent
2771 1602 2980 1657 alize'in
3005 1602 3218 1672 spiritu.
3252 1601 3325 1658 Ut
3358 1602 3413 1656 in
3458 1601 3568 1655 alio
3608 1600 3725 1656 loco
3753 1619 3766 1655 :

2188 1714 2205 1745 ι
2248 1693 2432 1747 Videte
2452 1693 2617 1748 Israel
2644 1693 2938 1748 secundum
2961 1705 3179 1747 carnem
3205 1689 3258 1763 (Ι
3286 1689 3409 1745 Cor.
3458 1691 3537 1759 x).
3574 1711 3592 1742 ι
3624 1691 3768 1747 Unde

2184 1798 2510 1855 magnopere
2552 1783 2943 1853 providendum
2984 1790 3089 1847 est,
3113 1797 3180 1837 ne
3211 1782 3374 1837 corde
3430 1792 3768 1837 revertamur

491 1875 692 1928 minis:
721 1872 865 1942 quod
889 1872 943 1926 in
974 1870 1269 1940 Scripturis
1299 1872 1500 1927 sanctis
1527 1873 1581 1926 in
1625 1874 1822 1928 bonam
1870 1883 2079 1944 partem
2110 1867 2156 1925 B
2186 1874 2240 1928 in
2268 1872 2581 1945 Aﬂgyptum,
2605 1874 2671 1929 dc
2686 1888 2790 1943 qua
2819 1871 2985 1928 semel
3010 1872 3277 1933 exivimus
3298 1882 3353 1928 et
3380 1870 3518 1928 inter
3546 1881 3767 1927 exteras

490 1981 706 2037 semper
734 1965 999 2034 accipitur
1046 1965 1308 2019 duntaxat
1359 1981 1585 2021 numero
1630 1965 1912 2036 singulari,
1938 1965 2079 2020 utin

490 2057 595 2111 hoc
624 2056 813 2111 eodem
850 2040 1113 2125 propheta
1143 2065 1199 2110 et
1229 2055 1294 2109 'in
1329 2055 1544 2110 Daniele
1569 2065 1625 2111 et
1674 2056 1728 2110 in
1757 2056 2076 2127 Evangelia;

489 2148 728 2216 alioquin
771 2145 969 2215 plurali
1020 2160 1249 2200 numero
1282 2147 1335 2199 in
1365 2146 1702 2200 contrarium
1734 2146 1931 2218 legitur
1957 2187 1971 2213 ,
2022 2155 2081 2202 ut

488 2248 571 2294 est
604 2237 767 2292 illud:
805 2254 823 2288 ι
858 2235 977 2290 Filii
1021 2237 1324 2299 hominum,
1370 2237 1558 2291 dentes
1596 2252 1785 2292 eorum
1822 2252 1974 2292 arma
2027 2245 2081 2293 et

486 2336 715 2406 sagittze,
737 2342 792 2390 et
810 2335 991 2405 lingua
1016 2349 1202 2389 eorum
1225 2332 1434 2404 gladius
1456 2345 1667 2389 acutus.
1693 2354 1711 2384 ι
1733 2334 1797 2387 Ει
1820 2348 2029 2388 rursum
2063 2352 2074 2387 :

494 2442 512 2475 ι
548 2425 671 2479 Filii
705 2424 1009 2501 hominum,
1042 2436 1324 2492 usquequo
1346 2423 1498 2492 gravi
1521 2424 1718 2478 corde?
1743 2444 1759 2474 ι
1781 2418 1952 2491 (Psal.
1978 2422 2078 2492 tv.)

486 2516 596 2571 Leo
631 2517 777 2571 enim
822 2515 1088 2586 rugiet,et
1121 2514 1245 2583 quis
1284 2529 1393 2569 non
1420 2514 1957 2569 timebit‘fDominus
2003 2512 2081 2567 lo-

486 2608 645 2661 cutus
695 2613 779 2662 est
822 2617 879 2661 et
931 2606 1053 2675 quis
1100 2619 1205 2658 non
1259 2603 1640 2674 prophetabit?
1674 2623 1692 2656 ι
1739 2604 1917 2675 (Amos
1968 2599 2079 2673 ut.)

491 2714 509 2747 ι
545 2694 779 2759 Ululate,
802 2693 995 2763 inquit,
1020 2708 1119 2757 vae,
1152 2707 1231 2747 vae
1266 2692 1392 2758 diei,
1425 2694 1548 2762 quia
1572 2692 1729 2762 juxta
1755 2702 1839 2749 est
1867 2694 2002 2760 dies,
2025 2688 2081 2749 et

484 2786 902 2857 appropinquat,
927 2785 1059 2839 dicit
1080 2783 1358 2851 Dominus,
1381 2786 1495 2841 dies
1517 2786 1695 2851 nubis,
1730 2796 1939 2856 tempus
1965 2786 2079 2843 sive

488 2875 613 2930 finis
662 2876 900 2946 gentium
930 2876 1054 2932 erit.
1107 2895 1128 2928 ι
1164 2875 1368 2946 Duplex
1399 2874 1795 2930 consummatio
1821 2881 1943 2929 est:
1984 2882 2077 2928 aut

487 2966 816 3038 generaliter
857 2968 1134 3033 omnium,
1188 2965 1403 3036 quando
1439 2964 1564 3020 finis
1600 2963 1782 3018 mundi
1814 2960 2074 3017 ‘advene-

488 3060 595 3112 rit:
642 3065 737 3112 aut
787 3057 1096 3128 specialiter
1158 3055 1494 3129 singulorum
1527 3094 1543 3117 ,
1595 3054 1809 3124 quando
1868 3060 2078 3121 tempus

486 3145 677 3201 mortis
724 3146 999 3201 institerit.
1037 3145 1206 3200 Juxta
1235 3154 1416 3199 autem
1446 3143 1661 3207 dicitur,
1695 3142 1822 3211 quia
1857 3141 2075 3195 aeterni-

2181 1972 2371 2035 gcntes
2398 1964 2758 2029 inveniamur,
2790 1974 2844 2031 et
2873 1978 3158 2033 pereamus
3198 1964 3395 2036 gladio.
3458 1965 3537 2019 De
3582 1980 3691 2035 quo
3720 1966 3767 2019 in

2181 2056 2638 2125 consequentibus
2659 2055 2859 2110 dicitur
2884 2073 2897 2109 :
2926 2073 2947 2107 ι
2969 2053 3203 2110 Iuvenes
3225 2054 3570 2125 Heliopoleos
3595 2067 3651 2111 et
3670 2055 3769 2111 Bu-

2179 2146 2321 2201 basti
2370 2144 2547 2215 gladio
2586 2146 2797 2210 cadent,
2841 2164 2860 2197 ι
2907 2144 3142 2201 maxime
3179 2161 3301 2201 eum
3339 2143 3625 2217 jungatur,
3677 2159 3771 2204 «et

2181 2236 2275 2290 lilii
2306 2244 2464 2291 terra:
2485 2234 2705 2292 fcederis
2731 2236 2846 2291 sive
2872 2235 3207 2291 Testamenti
3237 2236 3342 2291 mei
3369 2237 3532 2292 simul
3561 2253 3770 2295 mucro-

2180 2341 2250 2380 ne
2274 2325 2556 2381 ferientur.
2600 2346 2618 2379 ι
2667 2325 2745 2381 De
2789 2329 2983 2396 quibus
3019 2328 3281 2398 scriptum
3333 2337 3453 2383 est:
3486 2346 3507 2381 ι
3557 2330 3650 2385 Vae
3683 2332 3769 2401 qui

2180 2416 2513 2471 descendunt
2543 2418 2597 2470 in
2626 2416 2916 2488 {Egyptum
2943 2418 3011 2471 ad
3031 2419 3291 2473 auxilium
3318 2420 3370 2474 in
3394 2421 3555 2491 equis
3576 2432 3632 2476 et
3655 2437 3766 2477 cur-

2180 2504 2329 2561 ribus
2355 2506 2684 2564 coutidentes
2709 2505 2843 2579 (Isa.
2863 2507 3037 2580 xxxi).
3069 2528 3088 2561 ι
3121 2507 3217 2563 Sin
3240 2518 3421 2565 autem
3447 2521 3767 2571 ceterarum

2180 2600 2418 2669 gentium
2443 2599 2689 2655 homines
2716 2601 3051 2655 trucidantur
3077 2600 3131 2655 in
3144 2599 3400 2673 Egypto,
3430 2614 3639 2673 quanto
3662 2621 3769 2659 ma-

2177 2690 2258 2761 gis
2283 2688 2379 2745 lilii
2411 2690 2630 2745 fmderis
2653 2698 2709 2745 et
2736 2690 3068 2745 Testameuti
3095 2690 3213 2756 Dei,
3239 2691 3334 2761 qui
3356 2701 3765 2749 contemnentes

2178 2779 2492 2853 angelorum
2512 2794 2709 2850 panem
2739 2797 2752 2834 :
2784 2778 3001 2851 IEgypti
3024 2795 3295 2851 peponum
3329 2789 3381 2835 et
3422 2796 3687 2853 ceparum
3717 2793 3768 2838 et

2178 2869 2445 2932 alliorum,
2461 2879 2876 2925 etcucumerum
2893 2871 3163 2925 recordati
3188 2880 3330 2926 sunt.
3352 2871 3505 2929 Tunc
3516 2884 3769 2930 corruent

2176 2960 2543 3015 sustentacula
2563 2968 2620 3016 et
2645 2959 2819 3016 fulcra
2846 2959 3087 3032 Egypti,
3114 2976 3237 3031 qua:
3279 2977 3399 3017 eam
3433 2963 3487 3018 in
3528 2966 3767 3035 nequitia

2177 3053 2593 3107 sustentabant:
2633 3050 3039 3107 dialecticorum
3073 3042 3300 3122 argu'tize
3333 3061 3387 3108 et
3424 3052 3768 3126 philosopho-

2180 3164 2301 3203 rum
2337 3149 2594 3218 strophte,
2618 3148 3068 3205 contumeliosum
3110 3163 3326 3220 quoque
3356 3162 3420 3203 ac
3473 3148 3766 3219 superbum

486 3216 583 3291 tati
633 3246 1003 3307 comparatum
1050 3250 1210 3291 omne
1249 3246 1463 3304 tempus
1499 3223 1666 3289 breve
1694 3210 1984 3298 est.AUnde
2020 3240 2075 3285 et
2105 3210 2149 3271 (ἶ
2182 3210 2469 3308 imperium
2495 3210 2825 3302 destruetur,
2848 3238 2939 3307 qui
2969 3210 3152 3293 omnia
3176 3210 3471 3308 loquuntur
3498 3253 3517 3307 ι
3543 3210 3600 3291 er
3623 3248 3767 3291 arma

484 3327 650 3384 Iacob
687 3337 908 3382 centum
954 3337 1011 3382 et
1057 3328 1279 3399 triginta
1331 3341 1545 3399 annos,
1606 3324 1801 3394 quibus
1841 3323 2077 3376 vixerat:

492 3418 736 3481 «Pauci,
781 3418 999 3488 inquit,
1052 3428 1104 3473 et
1162 3418 1381 3487 pessimi
1432 3424 1559 3474 sunt
1602 3416 1718 3470 dies
1766 3410 2069 3484 mei\(Cen.

487 3508 674 3578 xtvu).
722 3527 741 3561 ι
787 3509 853 3562 Ει
903 3508 1191 3563 Psalznista
1229 3508 1295 3563 de
1316 3506 1557 3567 universi
1611 3504 1821 3576 generis
1850 3503 2072 3585 immani

479 3598 777 3668 fragilitate
807 3599 1107 3669 disputans,
1140 3599 1255 3652 ait:
1297 3616 1314 3649 ι
1350 3598 1475 3652 Dies
1509 3597 1678 3651 nostri
1705 3596 1858 3663 quasi
1883 3594 2074 3649 umbra

484 3696 865 3757 pet-transeunt
887 3686 1060 3758 (Psal.
1088 3687 1182 3757 Cl).
1223 3706 1241 3739 ι
1286 3685 1440 3754 Quod
1462 3697 1775 3755 reputantes
1796 3725 1810 3748 ,
1852 3700 1952 3739 nec
1980 3698 2076 3753 po-

487 3781 652 3835 tentia
679 3779 975 3847 erigemur,
1000 3793 1101 3833 nec
1126 3778 1330 3833 divitiis
1357 3777 1753 3840 incubabimus,
1778 3791 1879 3830 nec
1903 3774 2074 3830 felici-

486 3878 594 3926 tate
622 3870 945 3936 laatabimur,
969 3871 1076 3927 cito
1101 3870 1286 3925 omnia
1308 3867 1602 3923 auferenda
1626 3877 1929 3922 noscentes.
1950 3866 2076 3921 Pul—

483 3955 719 4031 c'fireqite
745 3960 857 4016 dies
894 3960 1091 4016 dicitur
1127 3957 1339 4012 Domini
1370 3998 1385 4021 ,
1427 3957 1642 4027 quando
1667 3956 1846 4010 omnis
1890 3954 2072 4011 suaculi

484 4052 828 4108 conversatio
854 4051 1186 4116 destruetur,
1210 4060 1264 4104 et.
1290 4062 1478 4104 errore
1498 4046 1711 4102 sublato
1738 4061 1844 4101 una
1870 4046 2074 4100 veritas

485 4140 784 4212 apparebit.
826 4141 1057 4210 Diesque
1094 4140 1253 4195 nuhis
1280 4148 1334 4194 et
1362 4136 1587 4202 nebula,
1614 4136 1793 4192 nullus
1831 4136 1975 4192 enim
1999 4137 2075 4191 in-

486 4230 730 4300 trepidus
760 4230 1108 4299 ineertusque
1127 4228 1203 4291 de
1237 4228 1509 4283 sententia
1534 4226 1738 4296 absque
1753 4238 1964 4295 ‘pavore
1988 4225 2076 4296 ju-

485 4322 657 4376 dicem
682 4317 1042 4389 praestolatur.
1064 4318 1131 4373 Et
1153 4326 1388 4388 tempus,
1404 4316 1519 4373 sive
1542 4315 1667 4371 linis
1686 4316 1926 4387 gentium
1949 4316 2071 4379 erit,

486 4427 592 4466 non
619 4411 781 4465 unius
808 4410 984 4480 gentis
1008 4408 1301 4481 Egyptize,
1334 4410 1429 4466 sed
1453 4410 1850 4474 universarum,
1882 4416 1940 4464 ut
1968 4424 2077 4462 ma-

485 4500 741 4556 nifestum
773 4499 864 4554 flat
892 4500 958 4555 de
985 4501 1196 4556 cunctis
1232 4500 1483 4569 gentibus
1523 4499 1852 4570 prophetari.
1885 4497 2076 4570 Sequi-

487 4598 611 4643 tur:
648 4607 666 4640 ι
696 4587 888 4644 Veniet
914 4587 1127 4660 gladius
1154 4589 1209 4643 in
1237 4588 1553 4662 Egyptum.
1590 4610 1610 4641 ι
1641 4590 1867 4646 Gladius
1888 4604 2073 4646 versa-

487 4680 614 4740 tilis,
645 4686 703 4732 et
741 4676 1041 4743 flammeus,
1080 4693 1262 4734 sermo
1286 4678 1521 4744 divinus,
1554 4679 1644 4751 qui
1670 4679 1843 4736 bonos
1862 4694 1892 4733 a
1914 4680 2073 4735 malis

485 4768 706 4833 dividet,
742 4776 796 4824 et
828 4768 1094 4838 pessimos
1119 4784 1247 4826 suos
1280 4770 1403 4842 igne
1433 4778 1717 4826 consumat
1745 4790 1758 4825 :
1793 4770 1871 4825 'ln
1904 4770 2072 4843 Egy-

483 4855 634 4926 ptuin
662 4856 1227 4928 autembujussteculi,
1246 4861 1317 4916 ita
1334 4870 1394 4916 ut
1411 4876 1579 4932 pavor
1611 4861 1683 4918 sit
1712 4862 1767 4916 in
1795 4862 2071 4934 Ethiopia

486 4948 576 5019 qui
608 4957 757 5005 trans
778 4951 1069 5023 Aigyptum
1094 4953 1148 5007 in
1170 4962 1329 5009 nocte
1349 4956 1563 5010 erroris
1579 4964 1634 5010 et
1664 4955 1903 5011 tenebris
1923 4970 2072 5012 eom-

486 5049 789 5105 morantur,
810 5051 865 5096 et
888 5058 1118 5112 quorum
1142 5043 1362 5113 nigredo
1392 5044 1445 5098 in
1491 5046 1779 5102 candorem
1811 5054 1906 5100 aut
1937 5046 2073 5101 dim-

486 5131 677 5196 cnlter,
715 5142 809 5186 aut
863 5148 1202 5205 nequaquam
1250 5136 1603 5191 convertitur.
1650 5136 1962 5208 Cadeutque
2017 5138 2069 5193 in

487 5222 720 5295 Egypto
747 5223 1027 5287 vulnerati,
1074 5225 1164 5294 qui
1217 5226 1357 5280 male
1394 5235 1657 5282 steterant
1708 5228 1762 5282 in
1808 5228 2066 5298 nequitia.

493 5330 511 5362 ι
549 5313 613 5365 Et
638 5312 912 5368 auferetur
964 5315 1251 5370 multitudo
1297 5315 1536 5388 lEgypti.
1579 5338 1596 5369 ι
1649 5317 1781 5373 Lata
1828 5319 1972 5374 enim
2017 5328 2071 5373 et

487 5402 723 5470 spatiosa
760 5403 844 5455 via
875 5414 979 5469 est,
1024 5422 1145 5475 qua:
1195 5405 1343 5460 ducit
1378 5406 1446 5461 ad
1478 5417 1728 5463 mortem.
1783 5409 1850 5463 Et
1878 5410 2070 5465 funda-

488 5505 669 5549 menta
715 5495 858 5550 illius
905 5498 1269 5563 tlestruentur,
1305 5510 1364 5556 ut
1393 5502 1527 5556 nihil
1584 5502 1635 5556 in
1678 5501 1913 5573 Algypto
1963 5504 2071 5574 pri-

485 5583 641 5638 stina:
669 5586 904 5642 resideat
934 5589 1204 5645 firmitatis
1227 5631 1241 5654 ,
1287 5592 1382 5645 sed
1431 5592 1661 5647 desertis
1709 5592 2069 5649 fundamentis

487 5676 737 5745 pessimis
786 5689 1016 5746 ponatur
1067 5680 1471 5735 fundamentum
1521 5682 1743 5748 Christi,
1773 5699 1937 5755 super
1964 5700 2071 5753 quo

487 5771 779 5824 aedilicetur
811 5767 1070 5825 licetuéia.
1112 5790 1129 5821 ι
1165 5770 1354 5825 Omnis
1380 5772 1576 5843 quippe
1608 5774 2076 5843 plantatio,qnau\

2178 3328 2437 3399 gantiam,
2464 3336 2520 3382 et
2553 3327 2979 3383 ecclesiasticam
3009 3326 3410 3397 simplicitatem
3442 3327 3649 3382 ducunt
3675 3340 3767 3396 pro

2178 3416 2364 3473 nihilo.
2384 3435 2402 3468 ι
2438 3416 2484 3471 Α
2510 3425 2661 3472 turre
2679 3417 2824 3471 enim
2857 3415 3062 3488 Syenes
3082 3417 3277 3472 cadent
3297 3418 3349 3471 in
3386 3430 3475 3480 ea,
3500 3434 3519 3469 ι
3566 3430 3687 3486 qua:
3718 3415 3766 3469 in

2175 3508 2435 3561 extremis
2482 3508 2725 3562 terminis
2745 3506 2983 3578 Egypti,
3014 3505 3307 3578 .‘Ethiopias
3343 3506 3767 3577 Blemmyarum-

2175 3610 2283 3667 que
2321 3597 2549 3652 confinis
2586 3606 2691 3663 est,
2737 3598 2828 3652 ubi
2863 3596 3013 3652 Nilus
3043 3597 3439 3668 innavigabilis,
3477 3605 3535 3651 et
3560 3604 3767 3651 catara—

2176 3696 2395 3749 ctarum
2416 3686 2618 3757 fragor,
2651 3697 2707 3749 et
2728 3689 2913 3755 omnia
2952 3686 3095 3741 invia
3127 3687 3391 3757 plenaque
3431 3686 3763 3756 serpentium

2176 3786 2233 3833 et
2257 3787 2645 3832 venenatorum
2692 3777 3068 3832 animantium.
3123 3776 3221 3833 Sin
3266 3786 3467 3842 autem,
3502 3785 3564 3831 ut
3610 3790 3768 3845 supra

2176 3866 2431 3933 diximus,
2457 3866 2732 3938 Magdalus
2761 3865 3237 3937 magniﬁcentiam,
3284 3875 3339 3921 et
3369 3865 3548 3937 Syene
3577 3880 3765 3936 gyrum

2176 3971 2355 4027 sonat,
2390 3962 2736 4031 perspicuum
2766 3968 2871 4027 est,
2898 3961 3043 4033 quod
3080 3959 3350 4033 Egyptia:
3376 3975 3531 4031 opes,
3556 3970 3613 4017 et
3643 3973 3766 4014 con-

2178 4051 2457 4107 tumeliosa
2474 4049 2729 4107 fortitudo
2744 4060 2800 4107 et
2814 4050 3231 4122 magnificentia,
3249 4051 3301 4106 id
3318 4060 3424 4117 est,
3438 4049 3705 4118 jactantia
3718 4057 3768 4104 et

2175 4140 2533 4196 exultationes
2586 4141 2963 4210 vituperentur
3007 4155 3129 4210 qua:
3180 4141 3249 4196 ad
3294 4155 3486 4213 gyrum
3542 4139 3763 4212 Egypti

2174 4233 2468 4303 pertinent,
2491 4233 2580 4288 ubi
2614 4233 2748 4288 nihil
2786 4233 2981 4289 stabile
3010 4240 3117 4299 est,
3150 4232 3245 4288 sed
3288 4232 3498 4289 incerto
3532 4232 3765 4287 volvitur

2176 4326 2327 4396 lapsu
2373 4334 2426 4382 et
2470 4324 2716 4396 pervenit
2759 4326 2829 4380 ad
2876 4325 3109 4380 ruinam.
3156 4323 3309 4379 Tunc
3360 4323 3764 4395 dissipabuntur

2177 4416 2451 4487 Egyptia:
2488 4416 2754 4481 civitates,
2782 4423 2838 4469 et
2883 4407 3037 4470 terra
3059 4415 3271 4469 deserta
3318 4414 3462 4481 erit,
3518 4423 3573 4469 et
3622 4412 3760 4468 nulla

2178 4508 2518 4579 congregatio
2556 4508 2873 4571 remanebit,
2910 4506 3113 4561 habens
3145 4504 3347 4575 aliquid
3370 4504 3665 4568 firmitatis,
3705 4512 3761 4557 ut

2179 4616 2358 4656 rerum
2403 4600 2508 4655 fine
2572 4606 2902 4668 cognoscant
2955 4596 3099 4667 quod
3164 4597 3278 4667 ipse
3333 4598 3406 4651 sit
3466 4596 3757 4657 Dominus,

2177 4692 2391 4763 quando
2428 4690 2636 4744 miserit
2675 4689 2851 4759 ignem
2897 4688 2950 4743 in
2995 4686 3266 4760 IEgypto,
3311 4702 3477 4756 quem
3507 4688 3757 4743 Dominus

2177 4779 2368 4833 ardere
2432 4777 2743 4842 desiderat,
2820 4786 2880 4831 ut
2961 4775 3181 4839 fenum,
3262 4775 3448 4847 ligna,
3514 4776 3754 4846 stipulas,

2177 4884 2297 4939 qua:
2361 4882 2524 4937 supra
2585 4866 2993 4923 fundamentum
3051 4866 3254 4946 Christi
3290 4867 3557 4923 aediﬁcata
3614 4875 3752 4931 sunt,

2176 4968 2613 5023 concrementur,
2662 4968 2716 5015 et
2768 4976 2955 5015 omnes
2997 4960 3347 5015 auxiliatores
3379 4974 3752 5030 perversurum

2176 5049 2484 5118 degulatutn
2527 5059 2895 5104 conterantur.
2941 5050 3019 5104 Ex
3062 5065 3168 5119 quo
3204 5050 3606 5120 intelligendum
3642 5050 3748 5105 falsi

2174 5139 2407 5193 nominis
2444 5138 2744 5205 scientiam,
2784 5151 2841 5194 et
2873 5155 2968 5195 eos
3007 5142 3074 5195 de
3108 5142 3304 5211 quibus
3331 5142 3593 5212 scriptum
3621 5153 3701 5198 est
3736 5159 3748 5192 :

2181 5250 2199 5282 ι
2248 5231 2455 5300 Dissipa
2504 5247 2692 5286 omnes
2740 5242 2944 5303 gentes,
2992 5250 3115 5304 qua:
3160 5233 3298 5289 bella
3346 5234 3537 5289 volunt
3583 5232 3744 5305 (Psnl.

2174 5320 2364 5387 van),
2396 5341 2413 5371 ι
2461 5322 2637 5377 socios
2677 5331 2731 5376 et
2773 5323 3122 5379 auxiliatores
3164 5322 3385 5395 Egypti
3434 5323 3744 5396 nuncupari.

2178 5430 2195 5463 ι
2224 5411 2280 5465 lu
2310 5413 2414 5476 die,
2443 5412 2632 5481 inquit,
2664 5412 2749 5465 illa
2779 5414 3125 5483 egredientur
3154 5416 3329 5469 nuntii
3352 5430 3383 5469 a
3407 5416 3550 5472 facie
3569 5430 3701 5478 mea,
3726 5432 3743 5464 ι

2172 5503 2237 5557 de
2271 5503 2467 5571 quibus
2504 5503 2556 5556 in
2593 5502 2885 5573 Evangelio
2919 5505 3178 5574 scriptum
3218 5515 3301 5560 est
3333 5524 3345 5559 :
3382 5525 3402 5557 ι
3429 5505 3619 5577 Angeli
3660 5518 3747 5558 eo-

2172 5609 2289 5647 rum
2321 5600 2532 5663 Semper
2560 5594 2744 5649 vident
2770 5593 2959 5648 faciem
2988 5594 3166 5651 Patris
3192 5596 3320 5660 mei,
3344 5596 3437 5666 qui
3465 5605 3550 5651 est
3572 5597 3622 5650 in
3645 5610 3747 5649 cu:-

2172 5681 2237 5735 lis
2269 5681 2482 5752 (Matth.
2514 5682 2685 5755 xviii).
2721 5703 2738 5733 ι
2793 5683 2861 5738 Ει
2889 5684 2942 5737 in
2977 5686 3236 5741 sementis
3264 5686 3521 5756 parabola
3554 5700 3748 5739 mussri-

2174 5793 2259 5829 res
2291 5777 2484 5841 angeli,
2518 5778 2695 5842 idest,
2727 5778 2817 5847 qui
2858 5778 3029 5831 nuntii
3056 5790 3202 5843 sunt,
3236 5781 3528 5834 mittuntur
3559 5790 3616 5834 ut
3646 5777 3749 5830 uni-
