3936 6356
149 402 251 459 809

1094 410 1445 467 COMMENT.
1490 412 1555 466 ΙΝ
1594 412 2045 469 EZECHIELEM.
2088 444 2153 453 —
2188 414 2309 468 LIB.
2355 414 2443 469 XI.

3292 415 3392 469 8l0

150 532 295 573 versa
323 519 575 575 scandala
614 533 960 593 congregem,
1005 533 1058 578 et
1100 525 1319 578 mittant
1354 539 1419 579 ea
1456 524 1510 578 in
1551 524 1720 578 cami-
1753 542 1801 600 Α
1826 526 1926 580 bus
1945 528 2154 582 diversa
2181 527 2550 580 haereticorum
2572 534 2626 580 et
2646 526 2823 580 omnia
2847 524 3242 581 mendaciorum
3262 542 3391 581 Cun-

150 624 270 664 num
302 609 477 680 ignis:
506 630 523 661 ι
552 611 643 665 ubi
673 623 758 667 est
786 611 942 667 fletus
965 612 1264 679 oculorum,
1297 620 1351 667 et
1374 613 1576 667 stridor
1600 612 1728 666 den-

150 704 275 759 tium
307 704 521 777 (Matth.
552 706 674 777 xm)
703 721 719 761 :
755 727 773 758 ι
813 707 1247 777 festinabuntquc
1271 706 1490 777 implere
1521 720 1724 777 praece-

146 804 324 865 ptum,
357 805 417 851 ut
440 797 752 853 deterreant
775 798 887 853 sive
914 807 1197 853 conteram
1236 798 1521 871 Ethiopize
1553 798 1723 854 conti-

147 884 377 940 dentiam
394 927 409 951 ,
441 886 533 955 qui
559 887 628 942 ad
653 903 922 941 summum
949 887 1166 942 malitiae
1191 888 1446 943 verticem
1466 901 1727 957 pervene-

148 986 290 1041 runt,
310 984 371 1031 ut
399 976 451 1031 in
476 978 757 1033 eversione
783 976 1004 1048 Algypti
1031 976 1309 1048 (Ethioma
1334 986 1645 1033 conteratur
1670 986 1727 1031 et

143 1076 356 1135 paveat,
389 1082 454 1122 eo
479 1067 624 1137 quod
647 1066 763 1122 dies
783 1067 995 1122 Domini
1021 1066 1090 1121 sit
1116 1066 1335 1121 ultionis
1362 1074 1525 1137 atque
1551 1065 1727 1123 vindi-

143 1168 239 1210 cat:
274 1173 379 1226 qua
419 1157 673 1228 fugentur
714 1158 947 1213 tenebra:
984 1168 1362 1228 peccatorum,
1402 1164 1460 1211 et
1494 1153 1588 1210 lux
1619 1156 1729 1225 vir-

144 1255 314 1300 tutum
348 1257 624 1302 rcmaneat
659 1267 672 1301 :
711 1267 730 1299 ‹
760 1247 827 1303 Ει
852 1262 1097 1313 cessare,
1127 1248 1299 1316 inquit
1324 1287 1339 1313 ,
1368 1246 1565 1303 faciam
1592 1246 1729 1301 mul-

144 1336 423 1392 titudinem
467 1336 689 1409 (Egypti
731 1340 785 1392 in
835 1354 996 1392 manu
1047 1338 1541 1395 Nabuchodonosor
1585 1338 1728 1409 regis

140 1425 461 1498 Babylonis,
504 1446 521 1478 ι
570 1428 659 1483 cui
700 1427 882 1482 traditi
922 1437 1048 1495 sunt
1086 1428 1149 1483 ad
1189 1428 1521 1499 puniendum
1561 1442 1577 1481 :
1613 1429 1726 1498 ipse

140 1526 219 1571 cst
251 1518 395 1572 enim
423 1517 673 1573 inimicus
709 1525 765 1574 et
801 1519 995 1573 vindex
1017 1560 1031 1584 ,
1075 1518 1168 1589 qui
1213 1519 1381 1576 etiam
1420 1518 1726 1573 mercedem

140 1610 384 1680 accepit,
438 1625 503 1666 eo
553 1609 696 1680 quod
743 1611 993 1667 servierit
1049 1612 1104 1667 in
1155 1613 1550 1684 expugnatione
1598 1610 1723 1682 Tyri

139 1696 359 1769 Λίδη)ιὶ
383 1699 802 1768 multitudinem,
831 1711 891 1756 ut
930 1702 1084 1757 multi
1126 1703 1181 1757 in
1217 1702 1452 1775 Egypto
1481 1717 1601 1759 esse
1638 1702 1728 1758 de-

137 1792 354 1855 sistant,
392 1792 484 1861 qui
519 1807 732 1864 semper
774 1796 828 1848 in
875 1809 939 1849 ea
983 1804 1125 1849 sunt.
1172 1794 1265 1850 Sin
1307 1804 1489 1851 autem
1531 1792 1726 1865 aliquis

1828 614 2075 671 ciliahula
2100 615 2555 680 demonstrantur,
2598 617 2688 685 qui
2728 616 3045 671 conculcant
3082 630 3273 684 panem
3315 631 3398 671 ec-

1826 704 2185 761 clesiasticum
2218 714 2380 775 atque
2413 714 2778 769 contemnunt,
2818 716 2872 760 et
2904 717 3202 776 sequuntur
3242 722 3396 760 inan-

1827 793 2009 847 datum
2033 794 2234 848 humile
2255 802 2311 849 et
2329 794 2395 848 ad
2416 793 2654 849 cmlestia
2679 810 2781 847 non
2802 796 3098 865 perducens
3120 805 3173 850 et
3195 795 3401 849 deliciis

1828 891 2039 947 vacant,
2078 892 2134 937 et
2159 891 2283 937 sunt
2322 884 2372 937 in
2402 882 2606 952 requie,
2637 884 2848 952 qualem
2874 886 2927 938 in
2957 885 3240 953 Evangelia
3270 885 3400 957 legi-

1829 988 1948 1027 mus
2002 973 2202 1028 habere
2255 974 2475 1045 divitem
2522 985 2873 1045 purpuratum
2916 986 2970 1031 et
3018 978 3401 1033 tentatiouibns

1827 1062 2142 1124 inserviunt,
2176 1078 2406 1132 quorum
2432 1079 2571 1119 unus
2596 1066 2853 1140 expetivit
2877 1080 2909 1120 a
2930 1066 3156 1122 Domino
3185 1067 3324 1139 (Job.
3356 1070 3397 1138 ι)

1828 1159 1887 1204 ut
1912 1151 2150 1204 tentandi
2175 1149 2276 1206 Job
2302 1152 2527 1207 haberet
2549 1152 2889 1223 potestatem.
2938 1154 3062 1210 llaec
3094 1160 3271 1212 omnia
3297 1158 3399 1213 Do—

1829 1242 2007 1296 minus
2032 1241 2304 1311 disperdet
2326 1252 2486 1313 atque
2498 1247 2799 1307 succendet,
2824 1244 3123 1301 eteﬂ'undet
3149 1262 3307 1316 super
3336 1264 3397 1303 ea

1830 1330 2248 1402 indignationem
2271 1346 2446 1401 suam,
2473 1342 2528 1388 et
2556 1336 2720 1389 robur
2742 1335 2956 1406 IEgypti
2982 1336 3264 1407 dissipabit
3298 1356 3311 1389 :
3345 1347 3401 1391 ut

1829 1423 2033 1478 redacti
2068 1423 2137 1478 ad
2172 1422 2399 1477 nihilum
2434 1438 2771 1494 nequaquam
2798 1426 3048 1495 populum
3075 1426 3171 1482 Dei
3207 1427 3401 1481 sollici-

1829 1520 1961 1579 tent,
1987 1520 2043 1567 et
2070 1513 2124 1567 in
2149 1527 2248 1569 suo
2275 1504 2493 1583 sperare
2517 1512 2716 1567 faciant
2744 1515 2963 1580 auxilio,
2994 1526 3050 1570 ut
3078 1517 3288 1570 deserta
3315 1532 3402 1569 ve-

1827 1602 1986 1660 ritate
2012 1613 2255 1673 qua:rant
2280 1604 2640 1670 mendacium,
2667 1612 2722 1660 et
2770 1607 2921 1676 quasi
2953 1624 2982 1661 a
3026 1608 3212 1662 baculo
3240 1624 3401 1661 arun-

1825 1691 1985 1748 dineo
2004 1692 2083 1747 sic
2104 1706 2201 1747 suo
2220 1693 2470 1763 praesidio
2491 1694 2859 1750 vulnerentur.
2889 1695 3018 1751 Post
3036 1697 3148 1751 inec
3171 1698 3361 1751 dicitur
3383 1713 3397 1750 :

1832 1800 1850 1833 ε
1881 1782 1947 1838 Et
1974 1783 2290 1839 iuteriiciam
2327 1785 2443 1839 sive
2469 1785 2769 1856 disperdam
2808 1786 3197 1842 multitudinem
3236 1787 3401 1843 Meni-

137 1883 455 1952 Opposucrit
487 1884 757 1952 quomodo
792 1884 921 1939 illud
951 1885 1161 1940 dicatur
1187 1886 1240 1939 in
1267 1885 1682 1942 Deuteronomis
1712 1902 1725 1939 :

1835 1874 2019 1942 plteos.
2061 1891 2081 1925 ι
2110 1872 2217 1928 Pro
2244 1888 2349 1943 qua
2385 1873 2440 1929 in
2469 1874 2732 1931 Hebraico
2772 1874 2931 1932 habet
2958 1877 3042 1933 No
3072 1895 3089 1931 :
3116 1892 3277 1948 quam
3306 1895 3400 1933 su-

143 1989 159 2019 ι
193 1969 255 2023 In
290 1972 626 2042 septuaginta
661 1972 942 2029 animabus
979 1974 1373 2029 descenderunt
1408 1984 1592 2044 patres
1624 1989 1724 2028 no-

139 2061 237 2115 stri
291 2061 344 2115 in
392 2060 706 2133 Egyptum,
756 2079 899 2119 nunc
944 2073 1125 2119 autem
1155 2063 1282 2141 facti
1320 2063 1452 2120 estis
1479 2072 1539 2118 ut
1563 2063 1727 2119 stellae

137 2154 263 2208 οωιὶ
300 2153 351 2207 in
387 2154 731 2209 multitudine
762 2154 939 2226 (Deut.
971 2156 1047 2228 ι),
1081 2175 1100 2208 ι
1138 2154 1295 2212 facile
1331 2156 1555 2211 solvitur
1584 2175 1596 2211 :
1627 2173 1726 2212 ne-

138 2257 244 2312 quc
272 2243 415 2296 enim
443 2243 747 2312 exemplum
775 2254 1000 2299 terrena:
1028 2244 1386 2301 multitudinis
1405 2244 1602 2314 posuit,
1633 2244 1726 2301 sed

137 2332 398 2397 caelestis,
425 2348 544 2401 quae
567 2333 850 2388 virtutibus
875 2332 1076 2404 fulgeat
1098 2342 1153 2389 et
1174 2333 1330 2404 plena
1352 2334 1421 2391 sit
1441 2334 1724 2390 luminum.

140 2421 319 2491 Super
364 2436 525 2492 quam
575 2421 967 2478 multitudinem
1020 2422 1282 2495 Egypti,
1332 2443 1353 2477 ι
1389 2425 1730 2480 adducuntur

140 2513 421 2567 fortissimi
449 2514 705 2583 gentium,
738 2534 754 2567 ι
792 2523 847 2569 ut
873 2515 1187 2585 disperdant
1219 2524 1441 2591 terram,
1476 2532 1575 2587 pro
1609 2516 1730 2588 qui-

136 2603 239 2656 bus
280 2601 626 2673 Septuaginta
675 2604 965 2664 pestilentes
1007 2606 1342 2677 interpretati
1391 2618 1546 2675 sunt,
1587 2608 1731 2679 quod

136 2693 326 2747 nescio
375 2693 641 2762 quomodo
688 2694 974 2748 conveniat
1021 2695 1105 2750 his
1160 2698 1252 2766 qui
1300 2696 1638 2751 adducuntur
1698 2712 1726 2751 a

137 2782 371 2837 Domino
446 2782 551 2837 nisi
577 2780 712 2838 forte
742 2783 895 2854 juxta
933 2785 1061 2843 illud
1088 2787 1392 2858 exemplum
1426 2808 1438 2843 :
1478 2806 1496 2838 ι
1527 2788 1734 2845 immis-

138 2872 350 2930 sionem
372 2890 468 2945 per
493 2875 709 2946 angelos
733 2875 1178 2949 pessimos(Psal.
1195 2880 1419 2950 LXXVII).
1448 2899 1466 2931 ι
1487 2879 1588 2947 Qui
1611 2896 1731 2935 eva-

138 2966 404 3038 ginabunt
442 2959 647 3037 gladios
697 2981 825 3021 suos
870 2982 1033 3037 super
1082 2967 1404 3040 IEgyptum,
1452 2978 1508 3022 et
1544 2969 1729 3038 imple-

142 3060 279 3111 bunt
326 3066 524 3110 terram
560 3055 876 3122 interfectis,
903 3058 1017 3111 sive
1047 3057 1367 3124 vulneratis,
1417 3067 1477 3112 ut
1522 3060 1733 3112 occisos

141 3150 560 3214 vulneratosque
598 3159 657 3200 se
697 3160 815 3200 esse
858 3147 1110 3211 sentiant,
1154 3157 1209 3201 et
1253 3146 1521 3201 intantum
1560 3146 1727 3219 Egy-

1826 1978 1924 2031 pra
1955 1962 2116 2017 iidem
2148 1959 2494 2034 Septuaginta
2523 1963 2810 2036 Diospolim
2853 1965 3259 2035 transtulerunt,
3286 1984 3403 2037 qua:

1828 2053 2214 2123 interpretatur
2244 2054 2462 2124 requies.
2509 2052 2658 2108 Multi
2687 2070 2828 2110 enim
2865 2065 2992 2111 sunt
3031 2058 3120 2126 qui
3159 2068 3404 2127 qua:rant

1831 2143 2088 2211 requiem,
2105 2151 2160 2196 et
2174 2139 2358 2211 jacere
2370 2142 2534 2197 velint
2552 2158 2713 2212 super
2735 2144 2902 2199 lectos
2925 2146 3209 2212 eburneos,
3224 2155 3284 2203 et
3307 2162 3401 2202 co-

1828 2232 2043 2285 medere
2056 2246 2222 2302 agnos
2234 2231 2495 2288 lactentes
2513 2252 2525 2287 :
2545 2234 2679 2299 sive,
2693 2235 2847 2306 juxta
2864 2236 3026 2302 LXX,
3042 2240 3130 2307 qui
3147 2240 3405 2309 interpre-

1830 2322 1925 2374 tati
1960 2333 2088 2376 sunt
2122 2320 2440 2393 Memplteos,
2469 2323 2624 2378 multi
2658 2334 2783 2379 sunt
2807 2325 2897 2396 qui
2927 2327 3214 2397 loquantur
3245 2330 3400 2385 aliis:

1835 2430 1853 2464 ι
1884 2411 2106 2468 Dimitte
2136 2421 2195 2469 ut
2231 2414 2471 2471 auferam
2505 2405 2763 2471 festucam
2794 2417 2860 2472 de
2887 2418 3041 2472 oculo
3067 2426 3158 2473 tuo
3186 2418 3399 2491 (Matth.

1830 2508 1951 2579 vn),
1977 2522 2139 2563 tcum
2158 2508 2259 2579 ipsi
2283 2509 2461 2564 trabes
2490 2509 2722 2564 habeant
2742 2508 2796 2565 in
2828 2524 2943 2565 suo.
2969 2508 3240 2581 Daturque
3264 2512 3405 2583 ignis

1829 2599 1886 2655 in
1902 2599 2264 2674 Egypto,qui
2281 2602 2659 2659 verbositatcm
2681 2610 2842 2672 atque
2856 2602 3073 2659 delicias
3094 2618 3189 2657 suo
3213 2604 3405 2659 ardore

1829 2700 2143 2749 consumat:
2164 2709 2185 2745 ι
2206 2691 2417 2748 Dolebit
2433 2693 2680 2748 universa
2705 2692 2945 2759 tentatio,
2968 2693 3094 2748 etin
3116 2692 3367 2763 Diospoli,
3381 2714 3400 2745 ι

1829 2795 1949 2852 quae
1968 2797 2181 2839 sursum
2206 2783 2259 2837 in
2281 2781 2543 2839 Hebraico
2571 2781 2650 2839 No
2669 2783 2901 2854 ponitur,
2932 2800 2949 2833 ι
2980 2784 3083 2837 erit
3100 2784 3349 2847 scissura,
3382 2804 3402 2836 ›

1829 2883 1890 2928 ut
1924 2873 2269 2930 eﬂ‘undantur
2310 2888 2462 2944 aqua:
2493 2873 2773 2944 omnisque
2804 2874 3035 2943 pessima
3065 2876 3406 2945 congregatio

1830 2965 2143 3035 dissipetur,
2167 2972 2225 3020 et
2254 2965 2357 3019 huc
2376 2963 2608 3034 illucque
2649 2962 2936 3034 dispereat.
2973 2964 3066 3023 Vel
3105 2965 3260 3035 juxta
3308 2965 3406 3019 lle—

1830 3051 2071 3107 braicum
2104 3069 2118 3106 :
2153 3072 2170 3104 ι
2191 3051 2249 3107 In
2276 3052 2537 3124 Memphis
2552 3061 2713 3109 erunt
2731 3054 2990 3125 angustia:
3018 3055 3355 3123 quotidianae,
3381 3073 3400 3106 ι

1832 3151 1892 3196 ut
1925 3158 2022 3213 pro
2055 3144 2202 3199 omni
2240 3145 2404 3199 verbo
2441 3145 2615 3199 otioso
2650 3144 2876 3200 reddant
2909 3146 3190 3212 rationem,
3234 3154 3291 3200 ut
3326 3146 3409 3199 in-

140 3246 295 3309 ptum
322 3253 441 3293 esse
467 3239 793 3293 destructam
817 3246 871 3292 et
889 3238 956 3293 ad
983 3238 1131 3293 nihili
1160 3241 1492 3310 pervenisse,
1524 3249 1582 3294 ut
1609 3256 1723 3295 oni-
1750 3253 1795 3314 ρ
1829 3236 2067 3307 telligant
2084 3234 2217 3292 nihil
2238 3235 2501 3290 dictorum
2522 3251 2744 3291 suorum
2767 3236 2973 3293 Domini
2989 3236 3247 3307 judicium
3270 3254 3409 3309 pne-

140 3333 232 3386 nia
269 3330 486 3385 flumina
515 3330 834 3399 eloquentiae
866 3330 1061 3400 quibus
1095 3344 1309 3387 errores
1344 3330 1582 3402 {Egyptii
1607 3331 1731 3401 jun-

141 3439 241 3478 cus
270 3432 322 3478 et
359 3422 601 3478 calamus
637 3424 912 3493 rigabatnr
953 3421 1184 3477 areflant
1211 3441 1223 3475 :
1254 3433 1311 3479 et
1353 3425 1636 3479 tradantur
1674 3423 1729 3479 in

142 3527 365 3568 manum
398 3510 772 3581 pessimorum,
805 3514 893 3582 qui
920 3528 1014 3567 eos
1038 3520 1345 3581 torqueant,
1377 3520 1430 3566 et
1456 3513 1732 3583 plenitudo

141 3613 306 3663 teme
335 3603 551 3679 digypti
572 3644 586 3664 .
617 3608 735 3677 quae
760 3604 898 3660 male
921 3614 1186 3670 creverat,
1217 3605 1459 3660 deleatur
1485 3606 1540 3659 in
1570 3621 1729 3659 nianu

143 3701 449 3760 alienorum
484 3717 513 3755 a
541 3701 670 3757 Deo.
721 3701 905 3773 Neque
927 3705 1071 3759 enim
1098 3700 1243 3765 boni.
1276 3701 1370 3755 sed
1402 3700 1525 3753 mali
1556 3701 1731 3771 angeli

143 3790 435 3844 tormentis
462 3792 728 3862 praepositi
752 3802 896 3847 sunt.
944 3793 1072 3848 Haec
1093 3808 1311 3854 necesse
1332 3809 1437 3864 est,
1461 3807 1519 3851 ut
1537 3798 1729 3865 sciant,

144 3880 276 3949 quia
303 3880 515 3936 locutus
549 3890 634 3936 est
659 3882 935 3938 Dominus.
979 3883 1132 3950 Quod
1160 3883 1472 3956 frequenter
1496 3893 1729 3947 assumi-

145 3984 257 4038 tur,
289 3983 350 4028 ut
378 3974 569 4040 sciant,
594 3974 686 4044 qui
709 3974 951 4040 audiunt,
982 3990 1087 4029 non
1112 3978 1389 4047 prophetae
1407 3979 1568 4033 verba
1591 3993 1737 4043 esse,

143 4066 245 4121 sed
276 4065 511 4131 Domini,
544 4064 695 4135 cujus
723 4075 991 4137 pracepta
1022 4068 1175 4123 irrita
1204 4083 1328 4125 esse
1350 4084 1460 4126 non
1486 4079 1732 4141 possunt.

144 4155 411 4225 Sequitur
443 4172 455 4209 :
493 4174 511 4206 ι
540 4156 607 4211 Ει
632 4157 936 4227 disperdain
967 4157 1273 4224 simulacra,
1299 4177 1319 4211 ι
1370 4174 1493 4231 qua:
1537 4160 1736 4216 abomi-

144 4248 391 4301 nationes
425 4244 777 4319 Septuaginta
818 4247 1227 4305 transtulerunt.
1265 4268 1283 4300 ι
1306 4249 1373 4304 Et
1407 4264 1623 4308 cessare
1656 4249 1735 4303 fa-

144 4340 291 4393 ciam
347 4338 485 4393 idola
535 4338 616 4393 vel
661 4340 947 4410 cptimates
986 4341 1052 4395 de
1086 4338 1370 4412 Memphis,
1398 4348 1454 4396 et
1485 4341 1591 4395 dux
1621 4342 1735 4416 sive

142 4430 426 4500 principes
452 4430 503 4483 in
535 4438 677 4484 terra
711 4429 927 4502 Egypti
952 4446 1056 4485 non
1084 4440 1243 4485 erunt
1275 4431 1520 4502 amplius.
1547 4450 1566 4483 υ
1614 4431 1735 4488 Cle-

146 4520 477 4575 mcntissimi
519 4520 662 4574 enim
702 4520 912 4575 Domini
960 4530 1044 4575 est
1087 4520 1351 4576 maleﬁcta
1400 4522 1732 4585 subvertere,

1834 3328 2014 3383 terire.
2048 3346 2067 3379 ι
2105 3324 2337 3384 Juvenes
2362 3342 2572 3397 quoque
2600 3328 2936 3400 Hcliopoleos
2972 3340 3027 3384 ct
3053 3330 3273 3386 Bnbasti
3300 3332 3405 3400 gla-

1832 3418 1920 3472 dio
1967 3415 2181 3472 cadent.
2226 3435 2245 3469 ι
2300 3417 2586 3489 Heliopolis
2612 3418 2872 3475 llebraice
2903 3438 2968 3473 on
3001 3421 3224 3487 dicitur,
3266 3426 3405 3489 quod

1834 3510 2222 3580 interpretatur
2260 3509 2430 3564 do’ar.
2465 3511 2725 3566 Bubastus
2774 3522 2949 3567 autem
2974 3511 3127 3579 juxta
3172 3513 3403 3591 linguam

1832 3600 2207 3677 .‘Egyptiacain
2236 3600 2342 3661 Oti:
2369 3611 2789 3687 experimentum.
2837 3611 3033 3666 Omnes
3058 3613 3166 3679 isti,
3198 3617 3285 3683 qni
3315 3618 3408 3668 do-

1834 3698 2003 3754 lorem
2027 3698 2207 3754 saeculi
2236 3697 2380 3753 ferre
2402 3714 2506 3753 non
2534 3708 2802 3769 poterant,
2836 3703 2927 3757 sed
2955 3702 3171 3759 delicias
3196 3704 3412 3775 Diospo-

1832 3786 1946 3843 leos
1985 3788 2332 3842 sectabantur
2371 3795 2425 3841 et
2466 3789 2805 3845 confidebant
2846 3791 2949 3846 sibi
2985 3793 3039 3847 in
3080 3794 3410 3853 volubilitate

1830 3872 2162 3943 sermonum,
2189 3885 2246 3931 et
2270 3875 2555 3931 adversum
2581 3887 2775 3933 caetera
2803 3879 3051 3952 dogmata
3079 3871 3412 3952 disputantes

1826 3970 2135 4025 habuerant
2185 3966 2551 4035 experimenta
2604 3968 2881 4035 victorias,
2929 3972 3105 4042 gladio
3145 3978 3412 4031 sermonis

1836 4053 2047 4113 Domini
2067 4055 2440 4122 concident,et
2462 4056 2551 4126 qui
2574 4073 2908 4129 nequaquam
2924 4059 3171 4129 juvenes,
3194 4066 3287 4118 sed
3313 4066 3412 4118 iiii-

1835 4144 2122 4201 becillitate
2135 4146 2329 4200 mentis
2350 4146 2599 4203 mulieres
2620 4149 2973 4217 appellantur,
2989 4154 3183 4221 captivi
3205 4158 3409 4210 ducen-

1836 4244 1945 4301 tur,
1969 4236 2083 4290 sive
2110 4235 2237 4305 ipsa:
2267 4237 2426 4291 urbes
2450 4237 2630 4293 dolore
2652 4250 2707 4294 et
2727 4242 2837 4295 oris
2856 4241 3116 4311 jactantia
3146 4244 3409 4301 ducentur

1838 4327 1892 4381 in
1937 4328 2321 4397 captivitatem.
2374 4349 2391 4381 ι
2420 4331 2487 4387 Et
2524 4332 2575 4387 in
2620 4334 2871 4406 ’faphnis,
2910 4336 3102 4408 inquit,
3144 4340 3413 4411 nigrescet

1837 4420 1972 4475 dies.
2005 4442 2026 4474 ›
2059 4421 2295 4491 Τίψὴυω
2342 4424 2763 4496 interpretantur
2797 4431 3029 4484 cedentes
3067 4434 3146 4485 ori
3166 4473 3181 4497 ,
3216 4437 3413 4490 subau-

1843 4512 1989 4568 ditur
2019 4514 2234 4582 diaboli,
2272 4517 2357 4571 cui
2396 4519 2485 4587 qui
2524 4521 2802 4586 cesserint,
2840 4523 3083 4602 amittent
3113 4525 3290 4581 lumen
3325 4545 3411 4583 ve-

144 4622 208 4664 ut
239 4609 386 4664 nulla
415 4609 731 4674 similitudo,
765 4625 883 4679 qua:
910 4610 1170 4665 mentitur
1208 4610 1493 4681 imaginem
1535 4613 1731 4665 verita-
1769 4600 1817 4658 D
1841 4607 2046 4674 ritatis,
2072 4616 2127 4662 et
2166 4609 2306 4664 diem
2335 4619 2491 4665 nocte
2520 4614 2815 4668 mutabunt.
2848 4615 2913 4669 Et
2948 4600 3155 4687 sceptra
3193 4618 3409 4691 Egypti

144 4706 241 4767 tis,
277 4711 556 4757 remaneat
576 4702 628 4757 in
660 4701 892 4773 Egypto
921 4720 933 4755 :
960 4704 1247 4771 optimates
1275 4717 1488 4775 quoque
1512 4712 1738 4773 pereant

142 4801 213 4852 de
246 4794 534 4863 Memphis,
574 4810 693 4865 quae
726 4794 1108 4863 interpretatur
1145 4810 1208 4848 ex
1248 4808 1365 4860 ore,
1400 4794 1467 4850 de
1490 4809 1597 4864 quo
1625 4809 1741 4848 om-

144 4887 238 4940 nia
266 4884 409 4939 idola
429 4884 792 4951 conﬁxerunt,
822 4895 882 4939 ut
910 4888 1173 4941 truncatis
1198 4886 1463 4957 capitibus
1490 4896 1547 4940 et
1568 4886 1739 4957 magi-

144 4978 286 5032 stris
312 4976 730 5041 idolorum,non
755 4976 825 5031 sit
850 4976 1101 5047 princeps
1143 4977 1195 5032 in
1240 4975 1596 5049 Aigyptozet
1638 4987 1743 5033 ter-

148 5083 283 5123 rore
322 5080 389 5122 ac
424 5067 722 5136 perditione
755 5068 931 5121 omnis
963 5066 1231 5137 Egyptns
1268 5066 1617 5137 compleatur.
1668 5066 1742 5121 De

148 5156 314 5226 cuius
345 5157 568 5212 urbibus
596 5156 790 5211 dicitur
820 5175 831 5209 :
869 5176 886 5206 ι
918 5156 983 5210 Et
1027 5157 1329 5226 disperdam
1368 5165 1567 5211 terram
1605 5156 1742 5212 Plia-

151 5253 373 5313 thures,
405 5259 461 5303 et
486 5251 625 5305 dabo
652 5251 828 5320 ignem
860 5251 913 5303 in
940 5251 1176 5321 'faphnis
1200 5252 1313 5307 sive
1352 5252 1401 5306 in
1438 5252 1620 5308 Tanis.
1677 5252 1744 5307 Et

152 5342 361 5395 faciam
408 5338 609 5407 judicia
669 5342 719 5394 in
767 5340 847 5395 No
894 5340 1291 5413 [Alexaniria];
1326 5363 1342 5394 ι
1396 5341 1743 5413 Septuaginta

150 5428 455 5499 Diuspolim
502 5429 911 5485 transtulerunt.
966 5430 1069 5483 «Et
1118 5430 1383 5485 cil'undam
1426 5432 1748 5503 indignatio-

154 5536 290 5573 nem
325 5533 499 5572 mcam
536 5532 697 5587 super
726 5519 855 5573 Sain
885 5518 1225 5591 [Pelusium],
1260 5521 1423 5575 robur
1450 5519 1689 5592 Λεπρεῖ.
1721 5541 1739 5573 ι

154 5610 434 5665 Phatures
498 5613 885 5679 interpretatur
952 5603 1101 5680 ραήἱε
1162 5612 1524 5676 conculcatio;
1588 5612 1750 5667 Tauis

155 5700 477 5754 mandatam
503 5698 729 5763 humile;
758 5700 1043 5769 Diospolis,
1072 5716 1168 5769 pro
1196 5718 1297 5771 qua
1333 5704 1383 5755 in
1417 5702 1638 5757 llelnmo
1658 5718 1752 5771 po-

153 5793 331 5849 situm
361 5800 444 5846 est
478 5789 584 5853 No,
633 5790 857 5860 requies;
888 5789 1019 5844 Sain
1047 5793 1280 5857 tcututio,
1306 5794 1498 5862 quibus
1524 5780 1750 5850 nomini-

488 5886 762 5946 Ρλτιιοι..
807 5884 938 5943 CX.

1841 4709 2004 4771 atque
2028 4715 2188 4757 ornne
2214 4701 2498 4772 imperium
2531 4706 2767 4760 sentiunt
2796 4708 2846 4762 in
2876 4708 3110 4778 'faphnis
3142 4726 3261 4766 esse
3287 4734 3405 4768 ςιηιο

1842 4794 2046 4856 tritum,
2078 4794 2152 4847 ita
2184 4802 2241 4848 ut
2265 4787 2484 4851 deficiat
2524 4798 2576 4851 in
2614 4812 2677 4853 ea
2716 4802 3093 4857 contumeliosa
3134 4802 3409 4867 fortitudo,

1842 4884 1958 4940 sive
2004 4885 2254 4955 superbia
2297 4887 2546 4956 potentiae
2584 4888 2717 4959 ejus,
2759 4899 2814 4945 et
2855 4891 2981 4945 solis
3004 4892 3229 4959 jnstitim
3279 4899 3410 4949 radii

1843 4975 1987 5032 nube
2022 4986 2309 5042 cazcentur,
2352 4987 2406 5032 et
2454 4993 2789 5050 nequaquam
2822 4982 3111 5049 ηιηιιιὶοτθε,
3152 4984 3244 5038 sed
3292 4986 3412 5039 ﬁlia:

1849 5067 2116 5123 ducantur
2158 5068 2212 5121 in
2254 5069 2651 5139 captivitatem,
2699 5072 2963 5143 faciatque
3007 5074 3260 5129 Dominus
3310 5094 3413 5131 non

1851 5172 2015 5211 unum
2038 5157 2320 5228 judicium,
2358 5160 2450 5213 sed
2478 5160 2639 5213 multa
2661 5160 2859 5229 judicia
2891 5162 2942 5215 in
2969 5160 3215 5232 IEgypto.
3270 5164 3419 5219 Sient

1852 5249 1995 5305 enim
2034 5251 2294 5305 bonorum
2337 5252 2477 5321 apud
2507 5252 2719 5306 Patrem
2763 5253 2986 5307 diversa:
3027 5263 3153 5308 sunt
3187 5256 3421 5309 mansio-

1855 5356 1973 5405 nes,
2003 5341 2075 5395 ita
2103 5350 2156 5394 et
2188 5340 2409 5413 IEgypti
2438 5342 2817 5412 suppliciorum
2849 5343 3059 5398 diversa
3097 5343 3324 5412 judicia,
3363 5359 3420 5401 nt

1851 5450 1974 5490 cum
2017 5436 2133 5489 [nec
2164 5434 2345 5489 omnia
2378 5435 2517 5488 facta
2566 5434 2782 5501 fuerint,
2823 5444 3147 5507 cognoscant
3183 5435 3419 5508 [Egyptii

1853 5523 1994 5595 quod
2024 5524 2139 5594 ipse
2165 5523 2235 5577 sit
2260 5522 2535 5590 Dominus,
2565 5524 2718 5595 cujus
2739 5524 2940 5595 judicia
2975 5540 3100 5581 vera
3126 5526 3423 5597 justiiicata

1853 5616 1907 5671 in
1934 5614 2237 5684 semetipsis

1920 5735 1937 5765 ι
1972 5717 2030 5767 Et
2055 5712 2253 5767 factum
2277 5716 2359 5765 est
2382 5707 2436 5762 in
2457 5705 2746 5761 undecimo
2762 5716 2932 5767 anno,
2959 5701 3010 5754 in
3033 5700 3208 5771 primo
3226 5713 3417 5752 mense

1852 5810 1930 5863 ιὶιι
1949 5809 2175 5878 septima
2202 5819 2304 5859 me.
2330 5802 2429 5868 sis,
2452 5800 2655 5855 factum
2674 5809 2757 5853 est
2772 5796 2993 5854 verbum
3016 5792 3225 5847 Domini
3246 5789 3312 5842 ad
3331 5805 3418 5845 me

2976 5899 3049 5957 ‘21}
