3936 6370
420 410 522 469 8H

1106 411 1164 465 Β.
1203 410 1457 468 RABANI
1494 412 1710 469 MAURI
1750 413 2068 469 ARCIIIEP.
2116 414 2426 470 MOGIJN'I'.
2457 415 2741 473 OPERU‘ll
2784 413 2961 473 PARS
2999 420 3068 475 ll.

3621 425 3727 480 SI!

428 536 447 572 ι
476 525 661 581 dicens
692 546 703 579 :
740 524 842 581 Fili
893 525 1149 590 hominis,
1204 525 1487 582 brachium
1533 526 1832 583 Pharaonis
1880 529 2021 599 regis
2052 534 2094 592 Α
2124 538 2311 596 postea
2351 526 2607 582 vicesimo
2650 529 2921 598 septimo:
2956 538 3009 584 et
3040 530 3296 602 deinceps
3321 548 3466 591 anno
3492 536 3730 601 decimo,

425 634 445 669 α
473 614 697 688 Egypti
723 614 983 686 confregi.
1030 615 1099 670 Et
1120 631 1249 673 ecce
1277 633 1383 673 non
1405 628 1489 673 est
1512 617 1826 673 obvolutum
1851 626 1909 671 ut
1936 632 2021 672 re-

428 725 446 761 ι
474 708 813 773 stitueretur,
838 714 895 761 et
918 705 1149 774 sanitas,
1170 716 1226 762 et
1247 705 1509 779 ligaretur
1529 706 1745 778 pannis,
1774 714 1830 761 et
1850 706 2022 761 sarci-

425 819 444 853 ι
473 812 624 857 retur
647 798 905 865 linteolis,
930 806 991 853 ut
1022 808 1248 871 accepto
1276 802 1471 857 robore
1493 807 1680 870 posset
1708 808 1894 855 tenere
1915 798 2023 871 gla-

424 909 444 944 (
472 891 644 947 dium.
701 889 994 961 Propterea
1032 890 1150 946 haec
1197 892 1330 947 dicit
1365 890 1626 947 Dominus
1670 890 1814 947 Deus
1844 909 1855 945 :
1883 892 2022 947 Ecce

422 1002 442 1034 ι
470 997 572 1057 ego
598 982 668 1039 ad
691 981 1029 1038 Pharaonem
1066 997 1249 1055 regem
1278 981 1497 1055 Egypti
1515 1022 1529 1048 ,
1567 991 1622 1037 et
1654 982 2020 1038 comminuam

424 1093 443 1128 α
470 1074 754 1131 brachium
802 1072 920 1145 ejus
958 1071 1128 1139 forte,
1162 1073 1260 1130 sed
1288 1072 1654 1139 confractum,
1694 1081 1746 1129 et
1774 1072 2021 1143 dejiciam

423 1184 441 1217 ι
470 1165 708 1238 gladium
752 1163 820 1221 de
862 1180 1027 1220 manu
1069 1163 1220 1235 ejus,
1280 1173 1337 1220 et
1376 1165 1681 1236 dispergam
1725 1164 2019 1237 Aigyptum

422 1278 441 1311 ι
477 1257 531 1314 in
562 1256 835 1329 gentibus,
864 1264 922 1312 et
944 1258 1219 1314 ventilabo
1252 1272 1347 1313 eos
1372 1258 1427 1313 in
1456 1266 1655 1313 terras.
1701 1257 1768 1312 Et
1800 1256 2017 1313 confor-

422 1368 441 1403 ι
473 1350 597 1406 tabo
639 1351 863 1407 brachia
919 1349 1064 1420 regis
1120 1350 1449 1422 Babylonis,
1490 1352 1737 1422 daboque
1782 1350 2019 1421 gladium

423 1459 442 1494 ι
472 1456 652 1498 meum
682 1442 738 1497 in
766 1456 929 1496 manu
958 1440 1095 1511 ejus.
1147 1443 1215 1498 Et
1245 1442 1583 1514 confringam
1622 1442 1841 1498 brachia
1877 1442 2021 1497 Pha-

426 1551 441 1582 ι
474 1532 656 1587 raonis
685 1541 739 1587 et
772 1540 988 1605 gement
1017 1533 1307 1604 gemitibus
1335 1532 1603 1589 interfecti
1645 1548 1830 1588 coram
1882 1532 2021 1589 facie

427 1624 605 1693 «ejus.
664 1624 735 1679 Et
783 1624 1105 1681 confortabo
1150 1625 1376 1681 brachia
1415 1626 1560 1696 regis
1600 1626 1907 1698 Babylonis,
1965 1635 2019 1681 et

425 1735 442 1767 ‹
472 1716 698 1773 brachia
734 1715 1039 1775 Pharaonis
1068 1720 1281 1775 cadent.
1322 1720 1391 1776 Et
1423 1722 1596 1777 scient
1625 1722 1750 1793 quia
1786 1738 1887 1789 ego
1914 1722 2018 1778 Do-

424 1826 441 1860 ‹
472 1808 675 1875 minus,
722 1823 845 1865 cum
874 1810 1074 1866 dedero
1102 1810 1339 1883 gladium
1369 1828 1547 1868 meum
1589 1813 1640 1867 in
1676 1828 1835 1868 manu
1874 1814 2018 1884 regis

2123 630 2245 670 cum
2274 615 2460 686 utique
2479 616 2634 687 juxta
2655 619 2901 673 ordinem
2926 619 3162 688 primum
3190 620 3453 686 decimus,
3489 630 3734 680 secundo

2122 707 2457 772 undecimus,
2492 710 2651 765 tertio
2680 710 2973 766 vicesimus
3014 711 3279 781 septimus
3316 731 3512 781 annus,
3546 717 3733 787 singu-

2122 797 2189 853 lis
2238 800 2541 870 prophetiis
2586 801 2872 856 debuerint
2911 804 3225 873 pramotari.
3274 804 3355 860 Ad
3409 808 3551 876 quod
3599 805 3733 861 illud

2120 904 2409 959 possumus
2461 892 2789 961 respondere
2838 910 2851 945 :
2904 912 2922 943 ι
2953 891 2997 947 Ο
3045 892 3371 963 profundum
3417 898 3733 952 divitiarum

2122 982 2400 1052 sapientia:
2436 992 2492 1037 et
2528 982 2771 1038 scientia:
2813 982 2928 1048 Dei,
2981 998 3144 1054 quam
3182 985 3554 1042 inscrutabilia
3583 987 3736 1057 judi-

2121 1073 2205 1127 cia
2227 1071 2366 1142 ejus,
2392 1082 2448 1128 et
2472 1073 2876 1145 investigabiles
2899 1075 3000 1129 vite
3022 1073 3167 1143 ejus!
3201 1075 3372 1147 (Rom.
3403 1078 3504 1149 Si.)
3534 1099 3553 1131 ι
3586 1080 3657 1133 Et
3681 1082 3734 1135 in

2120 1166 2233 1221 alio
2266 1165 2386 1221 loco
2424 1182 2437 1219 :
2482 1185 2501 1217 ι
2527 1165 2795 1237 Abyssum
2830 1175 2885 1222 et
2924 1166 3246 1236 sapientiam
3280 1172 3402 1238 quis
3440 1169 3737 1243 investiga-

2120 1258 2235 1314 bit?
2255 1278 2274 1311 ι
2294 1255 2590 1314 Possumus
2612 1267 2787 1314 autem
2811 1259 2913 1315 hoc
2933 1261 3115 1315 dicere
3133 1262 3275 1331 quod
3293 1269 3347 1317 et
3375 1263 3429 1318 in
3453 1263 3737 1334 prophetis

2121 1365 2461 1421 nequaquam
2494 1351 2734 1407 historiae
2761 1352 2896 1409 ordo
2928 1363 3198 1421 servetur,
3229 1354 3494 1411 duntaxat
3523 1372 3631 1411 non
3683 1357 3736 1410 in

2120 1440 2390 1504 omnibus,
2420 1440 2513 1495 sed
2542 1441 2595 1496 in
2630 1442 2953 1510 quibusdam
2985 1443 3137 1499 locis.
3187 1442 3373 1514 Neque
3412 1445 3559 1500 enim
3605 1461 3739 1500 nar-

2120 1540 2242 1585 rant
2262 1532 2558 1602 praeterita,
2592 1533 2686 1589 sed
2710 1534 2890 1589 futura
2923 1537 3308 1606 pramuntiant,
3340 1547 3503 1608 prout
3534 1538 3735 1593 volun-

2121 1631 2203 1677 tas
2249 1621 2484 1692 Spiritus
2521 1624 2693 1679 sancti
2742 1624 2927 1681 fuerit.
2978 1626 3038 1682 In
3081 1628 3311 1684 historia
3358 1643 3487 1684 vero
3513 1638 3574 1684 ut
3603 1641 3735 1685 sunt

2122 1711 2287 1785 Moysi
2336 1715 2574 1784 quinque
2615 1713 2735 1769 libri
2783 1725 2837 1771 et
2872 1716 3019 1783 Jesu,
3057 1726 3112 1772 et
3141 1715 3390 1774 Iudicum
3426 1719 3729 1783 volumina,

2122 1801 2266 1857 Ruth
2297 1818 2512 1873 quoque
2538 1812 2594 1858 et
2623 1804 2843 1871 Esther,
2874 1805 3093 1861 Samuel
3117 1814 3172 1862 et
3199 1807 3484 1864 Malachiin
3516 1827 3529 1863 :
3561 1808 3731 1864 Para-

428 1917 442 1949 ι
470 1898 783 1971 Babylonis,
804 1908 862 1955 et
885 1901 1194 1957 extenderit
1214 1915 1338 1958 eum
1370 1916 1532 1973 super
1554 1911 1754 1958 terram
1777 1902 2020 1974 Egypti.
2053 1901 2100 1961 Β
2128 1894 2434 1964 ιίροηιεηοιι
2460 1895 2598 1951 “1101‘
2622 1906 2677 1952 6'-
2712 1897 2887 1963 Εῑηε,
2915 1896 3107 1968 .ilmCtO
3134 1899 3235 1955 Sibi
3262 1901 3472 1971 pariler
3499 1899 3727 1957 Noemia

427 2010 443 2042 ι
474 1991 541 2045 Et
565 1991 872 2064 dispergam
909 1990 1207 2064 Egyptum
1246 1993 1299 2048 in
1346 1994 1612 2059 nationes,
1658 2002 1713 2049 et
1748 1994 2019 2049 ventilabo

425 2101 441 2132 ‹
472 2095 566 2136 eos
618 2080 673 2135 in
727 2088 919 2136 terras.
970 2081 1038 2136 Et
1095 2082 1269 2137 scient
1322 2083 1449 2153 quia
1500 2098 1599 2155 ego
1662 2083 1941 2140 Dominus.
1994 2104 2011 2137 ι

421 2169 692 2242 (meram)
739 2170 1054 2228 Revertitur
1098 2173 1166 2227 ad
1211 2174 1458 2229 ordinem
1502 2177 1823 2245 prophetiae.
1889 2175 2020 2231 Post

421 2261 735 2316 vicesimum
761 2262 906 2317 enim
936 2270 993 2319 et
1020 2264 1309 2333 septimum
1338 2281 1561 2332 annum,
1587 2283 1729 2322 nunc
1749 2267 1899 2335 ponit
1922 2283 2020 2321 un-

420 2354 716 2419 decimum,
750 2371 871 2427 quae
902 2357 1132 2427 quaestio
1157 2358 1323 2413 etiam
1357 2357 1410 2412 in
1444 2345 1814 2428 superioribus
1842 2358 2019 2414 conti-

419 2453 599 2499 netur.
645 2443 781 2500 Cum
805 2445 951 2501 enim
983 2460 1165 2501 sermo
1192 2446 1409 2502 Domini
1452 2456 1641 2503 contra
1689 2448 1893 2519 Tyrum
1939 2448 2022 2503 fa-

420 2543 541 2589 ctus
579 2534 650 2589 sit
694 2534 751 2593 in
795 2550 939 2592 anno
964 2536 1273 2603 undecimo,
1303 2538 1394 2608 qui
1426 2539 1579 2611 prius
1599 2539 1811 2610 positus
1838 2547 1942 2603 est,
1968 2539 2022 2594 in

422 2626 879 2698 consequentibus
902 2627 1143 2699 loquitur
1163 2629 1232 2684 ad
1266 2628 1602 2689 Pharaonem
1622 2647 1765 2687 anno
1789 2632 2020 2687 decimo.

422 2716 771 2787 Rursumque
804 2717 957 2788 ponit
983 2717 1301 2774 vicesimum
1341 2720 1654 2791 septimum,
1681 2731 1741 2775 ut
1769 2722 2020 2787 diximus,

423 2813 477 2861 et
505 2821 652 2862 nunc
675 2806 1045 2863 undecimum.
1074 2806 1146 2863 Ut
1167 2816 1366 2863 “caetera
1392 2810 1801 2879 praetermittam
1826 2826 1946 2881 qum
1969 2812 2025 2866 in

423 2899 752 2970 psalmorum
770 2898 960 2955 ordine
972 2900 1339 2967 continentur,
1357 2902 1616 2971 quaeritur
1636 2904 1906 2973 quomodo
1928 2914 2029 2959 ier-

424 2993 529 3047 tius
553 2991 793 3063 psalmus
805 2992 890 3047 his
905 2990 1131 3063 psalmis
1149 3003 1495 3066 praeponatur
1515 2994 1567 3050 in
1585 2996 1781 3065 quibus
1802 2996 2029 3051 mutavit

424 3080 618 3141 faciem
647 3101 799 3142 suam
821 3085 991 3142 David
1013 3099 1197 3142 coram
1207 3082 1524 3140 Abimelech
1544 3092 1601 3140 et
1623 3086 1689 3141 de
1709 3085 1890 3145 Doech
1910 3084 2031 3141 ldu—

424 3192 562 3233 mzeo
591 3192 606 3231 :
631 3186 687 3234 et
710 3178 927 3249 quando
961 3179 1209 3234 inventus
1237 3184 1322 3234 est
1358 3177 1411 3233 in
1449 3176 1703 3249 spelunca
1740 3192 1756 3233 :
1791 3186 1847 3233 et
1879 3178 2031 3249 quin.

2119 1992 2503 2055 praeposteram
2529 1989 2896 2043 narrationem
2941 2003 3284 2060 nequaquam
3322 1991 3569 2061 reperiri.
3598 1991 3728 2047 Hrec

2119 2074 2187 2128 de
2215 2089 2480 2130 annorum
2504 2077 2693 2131 ordine
2720 2076 2921 2133 dixisse
2947 2077 3198 2135 suiliciat.
3237 2078 3391 2136 Nune
3417 2082 3724 2148 videamus,

2119 2180 2240 2234 quae
2264 2175 2452 2221 contra
2484 2167 2821 2223 Pharaonem
2851 2170 2965 2223 sive
3005 2170 3071 2225 de.
3110 2168 3396 2226 Pharaone
3440 2173 3728 2243 prophetia

2121 2260 2211 2314 sit.
2262 2258 2552 2315 Brachium
2582 2260 2699 2332 ejus
2727 2260 3060 2333 confregisse
3088 2278 3147 2319 se
3177 2262 3325 2327 dicit,
3364 2272 3420 2318 et
3458 2279 3563 2318 non
3601 2278 3728 2320 esse

2122 2350 2432 2406 obvolutum
2461 2366 2636 2421 neque
2664 2350 2904 2424 ligatum,
2934 2368 3034 2409 nec
3072 2362 3277 2409 sartum
3328 2352 3595 2417 linteolis,
3623 2369 3730 2409 nec

2123 2444 2398 2513 accepisse
2434 2444 2718 2514 malagma.
2755 2443 2918 2500 Juxta
2949 2445 3077 2501 illud
3106 2445 3252 2516 quod
3292 2446 3554 2515 scriptum
3593 2455 3681 2502 est
3712 2463 3727 2499 :

2131 2552 2148 2585 ι
2178 2532 2296 2589 Non
2323 2543 2408 2590 est
2429 2534 2695 2605 malagma
2723 2533 3024 2605 imponere,
3055 2552 3155 2591 nec
3174 2535 3375 2602 oleum,
3405 2550 3508 2591 nec
3536 2536 3731 2607 alliga-

2126 2632 2297 2679 turas.
2321 2644 2341 2677 )
2396 2624 2547 2693 Quod
2578 2626 2622 2680 si
2654 2626 2854 2681 factum
2884 2625 3100 2692 fuisset,
3135 2627 3324 2698 utique
3359 2625 3579 2697 recepta
3614 2627 3733 2681 for-

2127 2714 2355 2770 titudine
2381 2725 2566 2786 posset
2585 2726 2768 2771 tenere
2796 2715 3032 2787 gladium
3060 2727 3116 2771 et
3144 2718 3212 2773 ad
3248 2718 3385 2773 bella
3412 2718 3731 2788 procedere.

2126 2806 2335 2863 Idcirco
2361 2806 2598 2862 clemens
2632 2815 2687 2862 et
2712 2807 3025 2863 misericors
3066 2808 3213 2864 Deus
3251 2825 3466 2864 rursum
3496 2809 3734 2866 commi-

2131 2898 2248 2953 nuit
2284 2897 2565 2953 brachium
2602 2897 2719 2968 ejus
2756 2899 2871 2954 sive
2902 2898 3125 2954 brachia
3162 2917 3174 2953 :
3222 2906 3283 2954 ut
3316 2899 3533 2969 penitus
3569 2900 3739 2955 cadat

2131 2987 2340 3059 gladius
2368 2988 2433 3043 de
2464 3003 2624 3042 manu
2650 2987 2765 3059 ejus
2784 3028 2799 3054 ,
2836 2996 2891 3043 et
2916 2988 2969 3043 in
2997 2997 3185 3059 gentes
3218 2988 3487 3062 Egyptus
3513 2986 3732 3061 disper-

2132 3086 2293 3150 gatur
2318 3087 2375 3133 et
2399 3078 2688 3134 ventiletur
2727 3080 2779 3133 in
2814 3086 3006 3134 terras.
3063 3080 3121 3135 ln
3161 3080 3385 3135 brachio
3420 3088 3599 3135 autem
3645 3096 3737 3137 ro-

2134 3172 2237 3227 bur
2277 3171 2449 3240 accipi
2490 3180 2545 3225 ct
2583 3171 2843 3226 fortitudo
2888 3180 3084 3242 potest,
3132 3173 3343 3229 dicente
3392 3172 3678 3243 Scriptura
3720 3191 3735 3229 :

419 3268 770 3339 quagesimus
790 3268 1147 3339 paenitentiae,
1178 3268 1232 3323 in
1263 3267 1416 3339 cujus
1441 3268 1598 3324 titulo
1624 3268 2024 3326 demonstratur

2139 3277 2156 3310 ι
2187 3259 2419 3315 Contere
2441 3258 2721 3315 brachium
2749 3261 3050 3329 peccatoris
3077 3270 3132 3317 ct
3153 3261 3371 3332 maligni
3401 3260 3572 3334 (Ρεαι.
3601 3263 3686 3333 x).
3713 3284 3733 3314 ι

424 3359 569 3429 quod
589 3358 895 3414 introiverit
915 3352 981 3415 ad
993 3356 1297 3416 Bethsabee
1312 3373 1533 3415 uxorem
1557 3358 1720 3415 Urize.
1740 3374 1863 3415 cum
1883 3359 2027 3430 prio-

428 3464 516 3504 res
536 3449 644 3504 sint
665 3448 755 3504 isti
784 3449 979 3520 psalmi
1004 3450 1212 3521 psalmo
1231 3451 1422 3517 tertio,
1444 3452 1499 3505 in
1528 3465 1635 3521 quo
1657 3448 1841 3521 fugere
1862 3460 2021 3506 nota-

428 3551 518 3596 tur
540 3556 572 3595 a
602 3541 739 3598 facie
770 3542 863 3597 ﬁlii
893 3543 975 3599 sui
993 3542 1248 3599 Ahsalon.
1275 3541 1383 3600 Sed
1412 3544 1464 3598 in
1488 3544 1711 3614 psalmis
1739 3544 1912 3599 facilis
1935 3560 2023 3600 re-

428 3633 647 3703 sponsio
674 3643 783 3699 est,
817 3649 1035 3691 carmen
1058 3649 1178 3691 esse
1205 3635 1430 3707 lyricum
1461 3676 1474 3701 ,
1499 3645 1553 3690 et
1576 3636 1629 3689 in
1654 3636 2023 3709 hujuscemodi

424 3742 591 3797 opere
621 3742 727 3783 non
753 3729 919 3798 quaari
946 3729 1192 3789 ordinem
1214 3729 1474 3794 historiae,
1506 3727 1600 3784 sed
1628 3727 1892 3785 factorum
1915 3745 2030 3786 car-

429 3818 574 3872 mina
600 3818 951 3889 singulorum.
979 3818 1037 3873 ln
1063 3818 1290 3876 historia
1311 3834 1440 3875 vero
1460 3818 1589 3875 illud
1616 3819 1902 3876 dicendum
1924 3828 2029 3887 est,

429 3931 491 3969 ea
521 3930 641 3987 qua:
663 3916 728 3971 de
755 3932 861 3971 una
888 3931 945 3971 re
975 3915 1204 3971 diversis
1233 3924 1360 3972 sunt
1378 3916 1522 3972 dicta
1562 3916 1895 3987 temporibus
1926 3933 2031 3973 non

430 4007 627 4063 debere
672 4001 918 4063 oratione
972 4008 1171 4074 dividi,
1222 4009 1316 4064 sed
1362 4010 1521 4065 unius
1569 4008 1671 4064 loci
1718 4010 2031 4065 narratione

432 4098 700 4153 concludi.
751 4099 913 4154 Verbi
952 4099 1123 4171 gratia
1168 4116 1180 4152 :
1229 4107 1289 4153 ut
1329 4113 1450 4168 quae
1493 4098 1557 4153 de
1598 4097 1833 4170 Egypto
1880 4099 2029 4153 dicta

433 4200 558 4244 sunt
586 4191 692 4247 alio
719 4200 879 4260 atque
904 4191 1011 4247 alio
1040 4200 1300 4262 tempore,
1326 4205 1433 4245 uno
1458 4190 1701 4246 lectionis
1723 4192 1912 4246 ordine
1939 4207 2030 4248 eoo

433 4292 781 4350 guoscantur.
811 4281 944 4337 Cum
982 4284 1095 4337 haec
1122 4282 1439 4343 dixerimus,
1465 4292 1647 4336 manet
1680 4281 2030 4338 nihilominus

432 4374 684 4443 quaestio.
720 4388 819 4428 cur
862 4374 915 4428 in
958 4376 1060 4430 hoc
1090 4373 1277 4429 eodem
1320 4373 1437 4429 loco
1472 4375 1703 4446 primum
1739 4375 1918 4430 factus
1958 4376 2029 4431 sit

432 4478 611 4521 sermo
654 4464 865 4520 Domini
907 4467 974 4518 ad
1022 4464 1360 4520 Pharaonem
1412 4482 1554 4521 anno
1604 4465 1935 4520 undecimo:
1978 4474 2031 4523 ct

2131 3351 2285 3418 Quod
2314 3351 2615 3406 conteritur
2653 3350 2707 3405 in
2748 3352 3077 3408 adversariis
3124 3355 3347 3414 nostris,
3381 3355 3596 3424 quando
3633 3369 3741 3411 nos

2130 3452 2527 3514 persequuntur
2555 3444 2793 3515 quidem,
2817 3445 2908 3500 sed
2923 3444 3229 3516 opprimere
3242 3457 3537 3519 nequeunt,
3560 3454 3613 3500 et
3637 3461 3743 3517 pro

2133 3534 2305 3590 salute
2335 3549 2615 3590 servorum
2669 3535 2762 3590 Dei
2796 3535 3056 3591 adversus
3075 3534 3413 3592 Pharaonem
3442 3552 3534 3591 rex
3560 3536 3741 3610 Baby-

2132 3625 2272 3681 lonis
2310 3640 2450 3694 smpe
2480 3625 2780 3695 consurgit,
2817 3634 2875 3680 ut
2920 3635 3195 3696 potentem
3234 3626 3505 3697 opprimat
3543 3634 3741 3697 poten-

2137 3716 2259 3779 tior,
2287 3724 2339 3769 et
2378 3714 2502 3768 mali
2543 3716 2827 3770 tradantur
2863 3716 3138 3786 pejoribus
3185 3735 3199 3769 :
3236 3716 3574 3773 confortante
3624 3717 3742 3773 Deo

2135 3806 2354 3862 brachia
2378 3806 2757 3877 pessimorum,
2785 3816 2841 3861 ut
2870 3808 3023 3872 sciat,
3051 3808 3140 3877 qui
3172 3807 3434 3863 liberatus
3460 3818 3563 3871 est,
3585 3810 3738 3878 quod

2135 3900 2252 3969 ipsc
2274 3901 2344 3953 sit
2370 3899 2653 3964 Dominus,
2678 3899 2976 3970 perfectum
2997 3906 3178 3954 autem
3203 3914 3327 3955 esse
3353 3899 3569 3954 virtutis
3592 3900 3741 3954 scire

2135 3992 2277 4061 quod
2302 3993 2413 4062 ipse
2440 3992 2509 4046 sit
2539 3992 2815 4046 Dominus.
2851 3991 3169 4047 Ecoutrario
3194 4006 3481 4063 possumus
3507 3992 3694 4046 dicere
3726 4010 3738 4045 :

2142 4103 2160 4132 ι
2193 4082 2310 4137 Filii
2344 4082 2481 4148 lleli,
2531 4082 2623 4137 lilii
2663 4083 2985 4154 pestilentia:
3021 4085 3325 4139 nescientes
3372 4084 3558 4139 Deum.
3594 4104 3614 4136 ι
3676 4085 3737 4138 Et

2139 4178 2191 4231 in
2220 4177 2416 4232 bonam
2448 4186 2658 4246 partem
2683 4177 2749 4231 de
2776 4176 3013 4248 regibus,
3043 4177 3132 4246 qui
3163 4185 3370 4232 rectum
3402 4176 3649 4232 fecerunt
3688 4179 3741 4229 in

2137 4277 2430 4339 conspectu
2484 4267 2600 4333 Dei,
2644 4267 2907 4337 scriptum
2958 4274 3041 4321 est
3090 4266 3232 4336 quod
3273 4267 3520 4322 noverint
3551 4266 3741 4320 Domi-

2141 4378 2289 4418 num.

1547 4715 1843 4792 LIBER
1904 4712 2612 4792 DUODECIMUS.

511 4909 763 4964 Volebam
803 4924 903 4981 ego
939 4909 1220 4965 historiam
1263 4912 1633 4981 proplicticam
1673 4914 1738 4970 de
1769 4914 2026 4988 .Egypto,
2059 4920 2108 4978 ι)
2142 4934 2159 4965 α
2191 4914 2395 4969 mensis
2423 4930 2434 4966 :
2463 4913 2664 4967 factum
2689 4919 2771 4966 est
2794 4912 3017 4967 verbum
3050 4911 3260 4967 Domini
3293 4913 3359 4966 ad
3391 4928 3476 4969 inc
3503 4914 3736 4973 dicens:

437 5010 492 5054 et
535 5014 661 5069 rege
705 4998 823 5067 ejus
860 4998 1021 5054 simul
1061 5000 1115 5054 in
1152 5016 1317 5054 unum
1358 5002 1554 5057 librum
1599 5013 1874 5075 coaptare.
1925 5008 2030 5063 Sed

438 5093 564 5163 quia
599 5092 703 5147 hoc
738 5107 846 5146 non
886 5093 1089 5162 patitur
1127 5093 1401 5164 longitudo
1438 5098 2031 5165 narrationisridcirco

441 5184 578 5238 sicut
602 5182 668 5238 de
686 5182 830 5252 Tyro
855 5192 908 5238 et
933 5184 1174 5255 principe
1204 5183 1388 5253 ejusln
1402 5186 1715 5245 duoslibros
1744 5191 2032 5247 dividimus

444 5273 747 5338 historiam,
776 5274 848 5327 ita
876 5281 929 5329 et
960 5289 1100 5330 nunc
1128 5277 1193 5331 de
1220 5276 1450 5349 [Egypto
1492 5289 1547 5334 et
1584 5280 1865 5337 Pharaone
1899 5285 2033 5339 divi—

444 5364 649 5419 sionem
683 5365 823 5418 inter
848 5366 983 5421 duos
1014 5365 1181 5421 libros
1210 5368 1487 5424 faciemus.

994 5475 1221 5531 CAPUT
1281 5479 1469 5536 XXXI.

452 5564 634 5620 Sermo
675 5563 883 5643 Domini
924 5577 1105 5643 contra
1156 5566 1485 5643 Pharaonem
1532 5573 1671 5643 quod
1707 5576 1942 5633 tradetur
1980 5580 2035 5633 in

515 5650 701 5714 uiantis
734 5634 1242 5714 Nabuchodonosor,
1274 5650 1321 5692 et
1364 5641 1427 5695 de
1451 5634 1669 5714 Assyria
1698 5646 1793 5699 sub
1829 5650 2037 5703 nomine

511 5704 715 5759 arboris
738 5705 904 5759 eidem
937 5708 1164 5761 traditae.

520 5839 538 5869 ι
570 5818 633 5873 Ει
661 5819 856 5877 factum
872 5821 1019 5877 estin
1037 5821 1670 5893 undecimoanno,tertio
1696 5845 1898 5896 mense,
1928 5848 2035 5887 una

2148 5025 2164 5057 ι
2197 5006 2296 5061 Fili
2328 5005 2581 5069 hominis,
2612 5004 2699 5061 dic
2732 5003 3001 5059 Pharaoni
3031 5004 3141 5074 regi
3173 5002 3393 5075 Egypti
3434 5013 3489 5061 et
3533 5008 3736 5078 populo

2146 5119 2163 5149 ι
2195 5098 2308 5167 ejus
2327 5114 2339 5151 :
2357 5098 2451 5153 Cui
2474 5096 2667 5153 similis
2688 5095 2861 5152 factus
2879 5111 2941 5152 es
2964 5097 3016 5150 in
3040 5095 3411 5166 magnitudine
3436 5098 3561 5151 tua?
3590 5096 3735 5152 Ecce

2146 5210 2162 5239 ι
2194 5190 2381 5255 Assur,
2419 5189 2571 5259 quasi
2617 5189 2814 5244 cedrus
2855 5187 2909 5242 in
2951 5185 3176 5251 Libano,
3216 5187 3443 5256 pulcher
3472 5188 3647 5242 ramis
3683 5200 3731 5244 et

2143 5283 2468 5337 «frondibus
2519 5295 2868 5344 nemorosus,
2915 5279 3268 5348 excelsusque
3316 5279 3635 5345 altitudine,
3686 5292 3733 5336 et

2139 5396 2154 5426 ι
2186 5377 2328 5429 inter
2348 5377 2648 5429 eondensas
2671 5373 2888 5429 frondes
2911 5372 3174 5428 eleratum
3202 5381 3283 5426 est
3308 5387 3565 5427 cacumen
3594 5371 3719 5441 ejus

2145 5487 2160 5518 ι
2195 5468 2360 5537 Aquze
2382 5468 2693 5522 nutrierunt
2722 5464 2869 5520 illum
2902 5484 2914 5519 :
2943 5465 3172 5533 abyssus
3200 5464 3433 5519 elevavit
3456 5479 3604 5529 eum,
3640 5465 3725 5518 (lu.

2144 5580 2161 5610 ι
2190 5560 2337 5614 mina
2366 5556 2484 5629 ejus
2511 5558 2801 5613 manabant
2837 5558 2890 5612 in
2931 5558 3159 5612 circuitu
3204 5557 3447 5611 radicum
3493 5556 3635 5625 ejus,
3686 5568 3737 5613 el

2145 5669 2162 5700 ι
2194 5653 2337 5705 rivos
2366 5665 2491 5705 suos
2517 5650 2699 5703 emisit
2722 5649 2788 5702 ad
2818 5648 3068 5703 universa
3108 5649 3249 5719 ligna
3296 5648 3551 5717 regionis.
3607 5648 3743 5701 Pro-

2146 5763 2164 5796 ι
2194 5756 2378 5814 pterea
2416 5744 2624 5799 elevata
2661 5753 2745 5798 est
2777 5742 3002 5797 altitudo
3040 5743 3157 5812 ejus
3192 5756 3354 5811 snpcr
3379 5742 3561 5795 omnia
3592 5742 3739 5810 ligia

2147 5855 2165 5887 ‹
2199 5838 2449 5904 regionis,
2485 5847 2538 5891 et
2569 5833 2921 5905 niulliplicaa
2955 5844 3078 5888 sunt
3106 5836 3323 5888 arbusta
3357 5833 3505 5897 ejus,
3538 5843 3589 5887 et
3628 5832 3721 5887 eli-7
