3936 6366
413 363 533 419 ’813

1106 361 1168 416 ll.
1210 359 1460 416 RABANI
1505 359 1721 417 MAURI
1762 358 2080 435 ARClllEP.
2128 357 2433 413 MOGUNT.
2477 355 2764 414 OPERUM
2806 355 2984 412 PARS
3020 355 3084 411 ll.

3617 356 3733 415 816

425 480 523 534 sio.
557 476 816 546 Quodque
845 474 1089 546 sequitur
1125 493 1135 527 :
1167 495 1182 525 ι
1222 474 1436 529 Tradidi
1466 489 1585 529 eam
1623 473 1674 526 iu
1712 487 1876 528 manu
1905 471 2012 525 for-
2041 474 2088 532 Α
2119 471 2170 525 id
2205 481 2288 526 cst
2309 511 2323 536 ,
2355 473 2421 526 ad
2455 471 2659 526 inferos
2693 472 2958 526 deductus
2998 487 3058 527 es
3082 512 3097 538 ,
3141 473 3356 528 dicente
3385 470 3677 544 Scriptura
3714 493 3731 530 :

427 569 619 624 tissimi
644 567 908 638 gentium,
943 585 962 616 ι
990 579 1170 636 regem
1189 563 1535 636 Babylonium
1561 571 1738 617 vocat.
1765 561 1836 618 Ut
1869 561 2014 631 quod

424 659 556 715 vicit
587 657 872 731 Assyrium
898 671 1004 711 non
1029 656 1264 727 prepriaa
1300 654 1667 718 fortitudinis,
1694 653 1788 709 sed
1817 654 2016 710 divinae

422 750 685 822 intelligat
727 748 1030 821 potestatis.
1066 767 1083 799 ‹
1117 746 1278 802 Juxta
1302 747 1654 818 impietatem,
1681 746 1870 815 inquit,
1897 744 2015 815 ejus

421 843 562 912 cjcci
582 856 736 907 eam,
771 859 790 892 ›
826 847 886 895 ut
908 839 1118 897 occulte
1146 839 1498 917 Babylonium
1535 847 1755 908 moneat
1783 853 1889 900 non
1914 837 2013 893 de-

419 932 550 988 bere
589 945 711 988 esse
752 931 1064 997 crudelem,
1115 946 1216 988 nec
1260 932 1568 1010 opprimere
1606 930 1861 1003 populum
1894 931 2012 996 Dei,

421 1024 514 1095 qui
531 1024 633 1080 sibi
657 1026 889 1078 traditus
909 1025 1005 1088 sit,
1020 1037 1088 1079 ne
1105 1022 1299 1078 similia
1315 1023 1553 1095 patiatur
1571 1023 1638 1078 ab
1652 1023 1898 1094 Assyrio,
1921 1021 2013 1090 qui

421 1117 652 1174 crudelis
689 1125 744 1173 et
773 1117 970 1188 impius
999 1116 1118 1171 fuit.
1163 1135 1181 1168 ι
1229 1116 1296 1171 Et
1341 1115 1622 1173 succident
1648 1114 1794 1171 illam
1826 1114 2012 1178 alieni,

420 1220 474 1264 et
497 1207 860 1265 crudelissimi
891 1207 1194 1274 nationum,
1233 1227 1252 1260 ι
1284 1207 1418 1271 sive,
1443 1205 1606 1276 juxta
1631 1205 2012 1275 Septuaginta,

417 1298 712 1372 pestilentes
739 1340 756 1366 ,
793 1299 938 1371 quod
967 1314 1244 1370 nunquam
1266 1298 1439 1355 voluit
1463 1298 1645 1354 dicere
1673 1297 1726 1351 in
1760 1295 2013 1352 Cbaldaea

419 1391 651 1461 positus,
678 1405 748 1446 ne
781 1389 931 1444 illum
958 1388 1249 1444 adversum
1278 1395 1492 1458 gentem
1524 1402 1686 1449 suam.
1705 1398 2014 1441 commove.-

418 1489 521 1534 ret.
567 1477 857 1548 l’rojicitur
901 1493 1115 1550 quoque
1159 1492 1322 1548 super
1361 1485 1594 1543 montes,
1630 1485 1686 1541 et
1715 1477 1768 1532 in
1802 1476 2014 1533 cunctis

418 1570 753 1626 convallibus
786 1579 1050 1626 corruunt
1084 1571 1219 1626 rami
1247 1568 1398 1640 ejus,
1428 1578 1486 1624 et
1517 1567 1937 1640 confringantur
1957 1568 2011 1623 in

419 1667 662 1736 rupibus,
696 1676 751 1720 et
785 1681 813 1720 a
845 1665 1055 1720 cunctis
1086 1663 1477 1734 derelinquitur
1507 1662 1741 1734 populis,
1775 1663 1880 1719 hoc
1903 1673 2010 1729 est,

417 1755 726 1812 volatilibus
760 1756 914 1822 εαξη,
945 1763 1001 1810 et
1029 1755 1218 1810 bestiis
1254 1755 1452 1824 campi.
1501 1754 1568 1809 Et
1595 1755 1649 1810 in
1679 1763 1886 1809 tantam
1919 1768 2011 1810 ve-

2122 583 2140 614 ‹
2178 562 2556 633 lngredientur
2578 563 2645 618 ad
2674 569 2921 617 extrema
2956 573 3151 626 terrae,
3187 566 3470 621 tradentur
3502 568 3557 623 in
3595 583 3732 622 Ina-

2115 669 2218 709 nns
2245 653 2432 725 gladii.
2460 662 2645 724 partes
2673 653 2916 724 vulpium
2943 663 3105 708 ertmt
3131 653 3305 724 (Psal.
3340 656 3500 727 uti).
3543 677 3563 710 ι
3597 676 3618 707 ι
3663 661 3733 711 tu

2115 745 2328 816 medio,
2363 745 2471 810 ait,
2501 745 3010 800 incircumcisorum
3046 745 3304 809 dormies,
3336 763 3459 802 cum
3497 748 3586 804 bis
3621 747 3732 818 qni

2116 834 2388 892 interfecti
2417 842 2542 890 sunt
2572 835 2772 906 gladio.
2813 855 2830 887 ι
2863 834 3113 891 Ostendit
3154 853 3275 907 qua:
3310 849 3492 894 essent
3527 839 3686 912 ligna
3707 880 3723 904 ,

2115 942 2236 996 qua:
2274 929 2469 985 cedrus
2494 929 2608 988 sive
2638 927 2950 999 cyparissus
2977 930 3172 1001 gladiis
3205 931 3507 996 vulnerata,
3543 943 3595 987 et
3629 933 3726 1002 ja-

2115 1033 2247 1073 cens
2274 1033 2397 1074 cum
2427 1018 2847 1074 incircumcisis.
2889 1020 2955 1074 Et
2989 1030 3047 1075 ut
3069 1032 3314 1078 extrema
3347 1026 3726 1081 anterioribns

2107 1105 2395 1179 jungeret,
2437 1111 2564 1180 quia
2603 1125 2765 1180 supra
2795 1112 3009 1166 dixerat
3041 1127 3056 1166 :
3095 1131 3114 1164 ι
3163 1113 3263 1168 Cui
3290 1116 3488 1171 similis
3533 1117 3724 1171 factus

2115 1212 2176 1267 es
2205 1197 2258 1251 in
2289 1199 2659 1270 magnitudine
2692 1208 2781 1256 tua
2801 1241 2817 1265 ,
2856 1216 2986 1257 ecce
3008 1202 3215 1270 Assur,
3245 1207 3400 1274 quasi
3427 1207 3630 1261 cedrus
3661 1208 3726 1261 in

2115 1288 2323 1344 Libano
2361 1289 2588 1359 pulcher
2637 1292 2804 1350 ramis
2843 1301 2898 1347 et
2948 1293 3233 1348 frondibus
3262 1337 3277 1360 ,
3325 1305 3454 1363 etc.,
3497 1317 3516 1348 υ
3567 1313 3730 1353 nunc

2115 1379 2280 1438 infert
2306 1401 2325 1433 ‹
2362 1399 2375 1434 :
2409 1380 2498 1436 Sic
2521 1390 2606 1438 est
2627 1382 2838 1438 Pharao
2858 1393 2912 1438 et
2935 1385 3112 1439 onmis
3130 1387 3420 1442 multitudo
3442 1389 3733 1459 ejus,tlicit

2116 1473 2398 1530 Dominus.
2443 1494 2464 1525 ι
2512 1475 2829 1542 Quomodo,
2880 1477 3072 1546 inquit,
3122 1478 3381 1549 Assyrius
3428 1481 3627 1536 cedrus
3670 1491 3734 1537 et

2117 1577 2428 1636 cyparissus
2476 1565 2776 1637 Babylonio
2825 1568 3139 1623 succidentc
3191 1569 3399 1640 dejecta
3441 1582 3525 1627 est
3575 1591 3588 1625 :
3638 1573 3734 1626 sic

2116 1654 2330 1712 Pharao
2380 1665 2436 1712 et
2492 1658 2723 1728 populus
2771 1658 2925 1728 ejus,
2973 1660 3078 1716 hoc
3121 1671 3206 1716 est
3250 1663 3364 1731 ipsa
3412 1663 3620 1728 arbor,
3671 1674 3731 1719 et

2115 1748 2252 1804 rami
2300 1747 2443 1804 illius
2494 1763 2529 1802 a
2579 1748 2878 1820 Babylonio
2918 1751 3286 1807 succidentur.
3323 1751 3450 1810 Haec
3496 1754 3725 1812 interim

418 1848 533 1902 uiet
559 1846 942 1917 perditionem,
967 1855 1233 1900 utomnes
1258 1846 1506 1910 arbores,
1531 1859 1653 1916 qua
1674 1846 2012 1916 putabantur
2039 1833 2266 1906 Bjuxta
2310 1834 2597 1891 historiam
2643 1837 2790 1892 dicta
2833 1839 2966 1902 sint,
3008 1853 3128 1908 qua:
3167 1839 3413 1909 plerique
3463 1843 3514 1897 in
3578 1859 3724 1899 ωη-

417 1937 650 1992 excelsae
676 1935 1085 2007 comparatione
1106 1934 1345 2006 Assyria:
1363 1934 1574 1990 arboris
1591 1975 1608 2001 ,
1636 1951 1734 1991 suo
1763 1934 2014 2005 exemplo
2115 1927 2478 1990 summatim
2504 1928 2692 1984 mundi
2719 1929 2899 1984 futura
2922 1929 3264 2001 intelligunt;
3293 1941 3348 1987 et
3375 1949 3556 2005 regem
3576 1934 3724 1991 Pha-

419 2027 639 2090 elevari,
671 2034 728 2082 et
753 2027 807 2081 in
829 2026 1058 2081 sublime
1085 2024 1222 2096 erigi
1252 2024 1392 2078 ultra
1422 2025 1710 2090 desistant,
1742 2041 1844 2081 nec
1868 2034 2016 2084 stent
2116 2032 2337 2074 ηοηθω
2355 2056 2372 2084 ι
2401 2019 2506 2076 hoc
2529 2029 2636 2083 εει,
2667 2034 2788 2075 eam
2817 2029 3146 2090 Ρυιθθιδιθω
3174 2023 3262 2078 cui
3289 2023 3560 2096 Egyptus
3587 2030 3726 2083 sub-

419 2118 472 2172 in
504 2117 789 2173 altitudine
816 2132 914 2174 sua
936 2158 952 2183 ,
979 2117 1075 2172 sed
1094 2157 1109 2183 ,
1141 2115 1231 2171 illa
1258 2117 1495 2184 succisa,
1520 2132 1712 2173 omnes
1746 2128 1890 2172 metu
1918 2134 2015 2190 pa-

418 2211 554 2264 riter
604 2210 976 2267 snccidantur.
1020 2208 1285 2282 Quodque
1329 2226 1429 2282 per
1481 2210 1890 2268 translationem
1933 2210 2015 2269 di-

417 2327 564 2364 ..tum
593 2325 710 2365 erat
737 2305 797 2362 lit
820 2300 1169 2358 manifestius
1201 2319 1215 2356 :
1256 2320 1274 2354 ι
1306 2301 1532 2370 Omnes,
1555 2303 1650 2367 ait,
1679 2302 1865 2357 traditi
1887 2310 2016 2356 sunt

418 2402 762 2474 (subauditur
795 2417 970 2471 reges)
1008 2402 1064 2458 in
1096 2405 1325 2457 mortem
1368 2393 1435 2448 ad
1464 2401 1668 2448 terram
1694 2391 1958 2456 ultimam,
1991 2410 2008 2442 ο

419 2493 520 2547 hoc
542 2501 642 2558 est,
669 2493 738 2547 ad
761 2490 1065 2560 infernum;
1097 2511 1115 2544 ι
1136 2492 1191 2549 in
1205 2491 1382 2548 medio
1394 2485 1630 2549 illioram
1655 2482 1953 2556 hominum,
1989 2501 2018 2537 I-

418 2596 759 2653 nequaquam
803 2582 950 2637 inter
981 2582 1208 2638 arbores
1226 2621 1242 2648 ,
1279 2601 1296 2634 ι
1319 2581 1412 2638 'ad
1441 2595 1536 2636 eos
1559 2580 1654 2651 qui
1679 2577 2014 2636 descendunt

412 2675 474 2731 in
496 2673 671 2729 lacum
695 2689 710 2728 :
743 2694 761 2728 ›
782 2673 925 2730 haud
945 2673 1168 2730 dubium
1187 2673 1319 2745 quin
1341 2671 1551 2734 inferna
1573 2672 1859 2744 signiﬁcet.
1884 2669 2017 2726 Post

413 2766 782 2832 succisionem
809 2765 1020 2821 arboris
1042 2765 1280 2837 Assyria
1312 2764 1426 2820 sive
1445 2764 1608 2821 ludite
1633 2762 1764 2836 [Al.,
1797 2763 1854 2823 in
1879 2760 2011 2833 die].

411 2857 642 2928 quando
663 2857 940 2914 descendit
960 2856 1029 2911 ad
1057 2853 1261 2913 inferos
1280 2855 1538 2927 Assyrius
1568 2872 1580 2908 :
1613 2864 1669 2910 et
1692 2853 1890 2910 indi-xit
1911 2855 2016 2908 Do-

416 2949 602 3004 minus
615 2948 850 3016 lnctum,
877 2963 1094 3004 rursum
1118 2963 1216 3019 per
1241 2945 1645 3003 translationem
1672 2946 1740 3002 de
1761 2961 1828 3003 eo
1847 2946 2018 3017 loqui-

417 3048 531 3105 tur,
565 3039 709 3109 quod
737 3048 968 3108 opertus
995 3039 1067 3096 sit
1093 3038 1312 3111 abysso,
1351 3036 1510 3107 juxta
1543 3035 1672 3092 illud
1698 3037 1840 3108 quod
1873 3035 2012 3092 serio

417 3138 570 3202 ptum
598 3139 683 3187 est
707 3145 723 3184 :
752 3149 770 3184 ι
811 3129 945 3186 Veni
975 3130 1029 3185 in
1057 3129 1383 3201 profundum
1415 3129 1612 3189 maris.
1635 3135 1694 3183 et
1718 3135 2014 3199 tempestas

421 3195 677 3279 demersit
711 3238 799 3278 me
823 3222 998 3294 (Psal.
1028 3195 1244 3294 L—XVIII),
1278 3240 1297 3275 ι
1331 3230 1388 3279 et
1411 3218 1594 3276 omnia
1619 3195 1862 3286 ﬂumina,
1889 3233 2007 3274 om-
2039 3195 2085 3260 Ο

419 3329 517 3371 nes
560 3314 814 3372 videlicet
837 3313 1085 3370 nationes
1111 3329 1237 3370 eum
1267 3312 1412 3367 ultra
1445 3311 1624 3384 rigare
1653 3309 2012 3374 cessaverint,

420 3417 476 3464 et
503 3407 770 3464 contritus
807 3407 901 3473 sit,
940 3406 1055 3463 sive
1097 3406 1521 3463 contenebratus
1561 3417 1725 3474 super
1756 3417 1910 3469 eam,
1959 3401 2015 3457 id

421 3506 524 3564 est,
558 3497 843 3564 arborem,
873 3495 956 3550 vel
991 3511 1115 3550 eum
1135 3537 1150 3562 ,
1180 3496 1234 3550 id
1254 3505 1373 3560 est,
1408 3492 1725 3564 Assyrium,
1753 3491 2011 3547 Libanus.

421 3591 503 3645 Ac
533 3597 945 3658 ne3putaretnus
975 3588 1043 3642 de
1086 3587 1281 3642 arbore
1318 3601 1441 3642 esse
1478 3599 1808 3650 sermonem,
1839 3583 2016 3654 sequi-

424 3689 512 3733 tur
545 3697 558 3731 :
600 3698 616 3731 t
654 3678 699 3732 A
728 3678 908 3733 sonitu
943 3677 1121 3732 .ruinze
1147 3675 1265 3745 ejus
1293 3675 1561 3731 commovi
1585 3682 1807 3746 gentes;
1842 3693 1860 3724 ι
1895 3689 2016 3742 qua:

423 3771 568 3825 enim
595 3777 742 3824 tanta
771 3769 925 3823 ruina
949 3781 1071 3824 esse
1102 3768 1263 3822 unius
1288 3767 1501 3823 arboris
1531 3775 1732 3838 potest,
1758 3775 1816 3820 ut
1839 3765 1908 3820 ad
1929 3780 2016 3820 so-

424 3865 597 3918 nitum
633 3862 751 3931 ejus
793 3861 1060 3917 universae
1093 3869 1281 3930 gentes
1314 3867 1782 3916 commoveantur.
1827 3877 1844 3909 (
1879 3855 2017 3913 Cum

421 3956 781 4020 deducerem,
811 3952 1008 4023 inquit,
1037 3965 1160 4010 eam
1185 3952 1254 4006 ad
1289 3949 1584 4009 infernum.
1629 3969 1649 4004 ι
1680 3949 1842 4006 Juxta
1871 3948 2018 4004 litte-

425 4062 572 4110 tam,
608 4047 772 4102 arbor
815 4045 884 4101 ad
925 4043 1128 4100 inferos
1172 4043 1367 4100 deduci
1411 4059 1522 4099 non
1561 4052 1758 4115 potest.
1806 4061 1827 4096 ‹
1881 4042 2016 4098 Cum

425 4140 548 4196 aliis
575 4139 667 4208 qui
692 4139 748 4193 in
771 4137 967 4201 lacum,
994 4156 1019 4188 ι
1043 4137 1094 4192 id
1117 4145 1219 4203 est,
1250 4136 1318 4191 ad
1339 4135 1566 4202 inferos,
1592 4135 2014 4193 descendebant.

436 4253 454 4284 ι
484 4233 553 4288 Et
572 4229 850 4287 consolata
882 4238 1009 4285 sunt
1037 4229 1090 4283 in
1116 4235 1262 4283 terra
1285 4228 1490 4295 intima,
1514 4248 1532 4281 ι
1561 4228 1613 4282 in
1641 4229 1806 4284 corde
1831 4228 2018 4284 videli-

427 4331 515 4378 cet
554 4332 735 4386 terra),
781 4339 800 4371 ι
833 4321 1014 4376 omnia
1043 4319 1187 4390 ligna
1215 4318 1510 4388 voluptatis
1532 4359 1546 4384 ,
1601 4337 1620 4371 ι
1658 4319 1772 4373 sive
1793 4318 2017 4373 delicia-

422 4431 548 4469 rum
577 4455 591 4480 ,
627 4413 769 4484 quod
803 4412 1063 4467 llebraice
1099 4410 1401 4482 appellatur
1434 4414 1587 4476 eden,
1615 4421 1674 4466 ut
1705 4425 2018 4469 neuzorosos

429 4505 600 4564 saltus
635 4503 907 4573 silvasque
933 4502 1199 4573 signiticet
1237 4502 1484 4574 egregias
1519 4511 1683 4574 atque
1725 4502 2016 4572 praeclaras

428 4613 547 4666 quae
579 4595 803 4650 fuerunt
846 4596 899 4649 in
945 4593 1154 4650 Libano
1184 4608 1198 4648 :
1239 4613 1257 4644 ί
1291 4594 1360 4648 Ει
1382 4594 1749 4666 irrigabantur
1775 4596 1955 4667 aquis.
1991 4615 2010 4647 ι

435 4709 452 4740 ι
480 4687 615 4744 Nam
633 4696 687 4742 et
706 4687 834 4756 ipsa:
853 4687 1074 4741 arbores
1099 4700 1327 4752 cumeo,
1352 4707 1372 4739 ›
1400 4687 1503 4743 hoc
1525 4695 1609 4742 est
1629 4702 1753 4742 cum
1770 4688 2014 4760 Assyrio,

435 4803 454 4835 ι
482 4781 812 4842 descendent
839 4781 906 4836 ad
927 4778 1222 4848 infernum,
1249 4783 1315 4836 ad
1337 4780 1656 4838 interfectos
1683 4783 1798 4838 sive
1825 4783 2015 4840 vulne-

438 4870 818 4942 ratosgladio.
871 4889 889 4921 ι
939 4869 1105 4942 Ligna
1141 4871 1335 4942 gladiis
1362 4887 1469 4927 non
1498 4871 1884 4940 vulnerantur,
1921 4875 2016 4930 sed

435 4966 734 5031 caeduntur,
777 4979 884 5020 nec
921 4964 1257 5019 descendunt
1280 4965 1348 5019 ad
1372 4963 1661 5020 infernum.
1703 4981 1722 5017 t
1777 4964 1846 5020 Et
1882 4966 2010 5020 bra-

431 5056 638 5124 chium,
667 5075 686 5108 ι
718 5055 916 5127 inquit,
940 5056 1053 5111 sive
1081 5070 1290 5120 semen,
1315 5055 1574 5125 quoniam
1599 5056 1742 5126 apud
1765 5055 2020 5113 Hebms

433 5166 614 5207 sermo
653 5164 782 5204 zara
828 5159 1114 5218 utrumque
1166 5147 1438 5218 significat
1485 5167 1497 5199 :
1551 5168 1575 5198 ι
1620 5150 1921 5220 requiescet
1967 5150 2021 5208 in

437 5240 751 5300 umbraculo
780 5241 898 5310 ejus
918 5283 932 5304 ,
963 5241 1018 5295 in
1062 5243 1237 5296 medio
1280 5241 1578 5306 nationum,
1611 5261 1628 5293 ι
1679 5254 2020 5310 nequaquam

443 5333 728 5396 silvarum,
753 5331 845 5388 sed
875 5332 1136 5402 gentium.
1167 5332 1249 5387 Ad
1281 5341 1586 5386 extremum
1611 5331 1672 5384 lit
1697 5331 2022 5401 apostrophe

447 5432 514 5484 ad
545 5429 717 5498 ipsum
745 5426 1049 5496 Assyrium,
1073 5425 1187 5480 sive
1219 5426 1288 5481 ad
1310 5425 1669 5480 Pharaonem.
1709 5444 1727 5475 ι
1761 5424 1858 5480 Cui
1887 5427 2022 5480 assi-

447 5521 664 5576 tnilatus
692 5533 773 5582 es,
797 5533 831 5573 o
859 5516 1055 5587 inclyte
1084 5525 1245 5585 atque
1278 5517 1554 5582 sublimis,
1585 5517 1726 5571 inter
1753 5517 1898 5588 ligna
1929 5532 2024 5570 vo-

437 5609 698 5679 luptatis?
752 5627 771 5659 ι
809 5606 997 5661 Nullus
1029 5607 1145 5672 tibi,
1189 5607 1390 5674 inquit,
1422 5621 1520 5675 par
1549 5605 1670 5671 fuit,
1710 5607 1805 5661 sed
1833 5621 2022 5660 omnes

441 5715 593 5769 teges
626 5700 868 5769 potentia
904 5701 1168 5767 superasti
1211 5713 1223 5752 :
1265 5707 1318 5754 et
1347 5709 1526 5755 tamen
1551 5714 1673 5754 cum
1700 5701 1911 5756 ueteris
1935 5716 2022 5755 re-

441 5792 614 5859 gibus.
640 5790 729 5861 qui
756 5800 913 5846 erant
943 5790 996 5844 in
1023 5785 1282 5846 comitatu
1313 5799 1424 5855 tuo,
1479 5793 1545 5847 ad
1578 5799 1752 5848 terras
1785 5791 2019 5857 intimas,

2108 2109 2256 2181 jecta
2300 2111 2373 2166 sit
2415 2111 2721 2180 comparari
2754 2111 2869 2183 regi
2915 2111 3265 2184 Assyriorum
3311 2119 3724 2187 potentissimo,

2117 2202 2169 2258 id
2196 2209 2305 2270 est,
2326 2201 2694 2260 Antichristo.
2734 2203 2891 2272 Quod
2926 2206 2971 2261 si
2997 2206 3087 2262 ille
3117 2210 3410 2274 corruerit,
3445 2213 3635 2282 utique
3665 2225 3727 2269 et

2116 2293 2207 2348 alii
2236 2302 2481 2350 rectores
2510 2296 2865 2354 tenebrarum
2891 2297 3122 2354 istarum
3148 2307 3204 2356 et
3225 2301 3502 2373 principes
3527 2305 3727 2362 ntundi

2118 2381 2330 2438 facilius
2351 2393 2632 2439 corruant.
2658 2384 2914 2444 Dicamus
2939 2402 3070 2458 ergo
3100 2391 3167 2444 de
3194 2391 3446 2461 singulis,
3476 2395 3729 2451 breviter

2114 2474 2294 2534 omnia
2323 2475 2755 2550 perstringenles
2775 2517 2791 2547 ,
2821 2487 2882 2536 ut
2902 2495 3011 2537 non
3046 2488 3155 2536 tam
3184 2483 3522 2542 disseramus
3547 2495 3596 2542 et
3615 2499 3730 2544 ex-

2115 2572 2400 2641 planemus
2434 2571 2686 2636 obscura,
2723 2586 2888 2642 quam
2916 2574 3208 2645 explanare
3236 2577 3580 2647 cupientibus
3606 2596 3727 2634 nta-

2119 2661 2560 2727 teriamdedisse
2592 2663 2894 2720 videamur.
2931 2664 3281 2736 Primumque
3313 2667 3724 2725 discutiendum

2118 2767 2215 2806 cur
2248 2750 2538 2808 undecimo
2579 2769 2747 2820 anno,
2795 2755 2956 2811 tertio
3001 2768 3211 2822 mense,
3239 2772 3346 2811 una
3377 2759 3465 2816 die
3487 2761 3726 2829 mensis,

2119 2841 2320 2898 factum
2364 2854 2450 2902 est
2475 2845 2704 2901 verbum
2740 2845 2952 2907 Domini
2982 2847 3049 2902 ad
3086 2847 3431 2905 Ezechielem
3477 2852 3671 2908 dicens
3701 2870 3721 2908 :

2118 2935 2221 2991 Fili
2257 2936 2494 2992 hominis
2513 2977 2528 3003 ,
2557 2937 2643 2994 dic
2669 2936 2941 2993 Pharaoni
2972 2940 3084 3010 regi
3109 2939 3356 3013 Egypti,
3391 2952 3446 2997 et
3471 2945 3726 3000 multitu~

2119 3029 2233 3085 dini
2272 3027 2409 3098 ejus.
2453 3029 2728 3085 Locuturo
2763 3030 2833 3085 ad
2857 3029 3202 3086 Pharaonem
3241 3033 3530 3091 undecimo
3569 3050 3723 3092 anno

2120 3138 2299 3179 sermo
2330 3123 2391 3178 ﬁt
2425 3124 2673 3190 Domini;
2709 3124 2939 3180 necdum
2981 3124 3126 3180 enim
3161 3135 3388 3181 venerat
3414 3127 3483 3182 ad
3511 3129 3726 3184 duode-

2116 3215 2350 3280 cimum,
2397 3215 2489 3286 qui
2538 3231 2799 3272 numerus
2833 3216 3007 3286 plenae
3055 3195 3552 3290 cbnsummataque
3598 3221 3722 3275 vir-

2116 3307 2246 3362 tutis
2284 3315 2389 3361 est.
2443 3306 2596 3363 Unde
2629 3316 2685 3362 et
2720 3307 3003 3363 duodecim
3045 3306 3212 3364 Jacob
3263 3310 3357 3365 lilii
3398 3319 3525 3366 sunt
3555 3309 3719 3382 (Gen.

2116 3398 2308 3470 xxxv),
2347 3415 2380 3454 a
2412 3399 2609 3470 quibus
2649 3409 2835 3471 postea
2861 3401 3144 3456 duodecim
3176 3403 3394 3457 nomina
3420 3405 3725 3474 propheta-

2118 3507 2236 3546 rum
2277 3507 2384 3547 uno
2416 3492 2691 3548 volumine
2731 3493 3099 3547 continentur.
3146 3493 3213 3548 Et
3249 3496 3482 3564 apostoli
3512 3497 3729 3550 duode—

2117 3585 2249 3651 cim,
2293 3599 2523 3654 quorum
2553 3585 2681 3654 quia
2712 3600 2852 3640 unus
2890 3583 3058 3641 ludas
3098 3587 3345 3656 proditor
3383 3586 3513 3652 fuit,
3552 3588 3604 3641 in
3641 3587 3728 3641 lo-

2116 3692 2239 3732 cum
2263 3675 2380 3744 ejus
2403 3675 2661 3731 Matthias
2687 3676 2919 3751 elegitur
2947 3678 3085 3748 (Aet.
3119 3678 3180 3748 ι).
3210 3678 3276 3731 Et
3296 3677 3724 3751 archisynagogi

2117 3768 2228 3825 lilia
2254 3784 2516 3824 annorum
2540 3769 2820 3825 duodecim
2846 3784 2875 3823 a
2901 3769 3129 3825 Domino
3155 3771 3471 3826 suscitatur.
3488 3771 3726 3828 Remor-

2119 3862 2329 3918 rhoissa
2372 3873 2587 3932 quoque
2637 3878 2782 3918 anno
2831 3864 3150 3919 duodecimo
3190 3866 3385 3937 recipit
3425 3867 3723 3923 sanitatem

2119 3950 2333 4022 (Matth.
2394 3951 2494 4023 nt).
2543 3951 2650 4012 Sed
2699 3954 2828 4023 quia
2857 3955 3148 4024 corripitur
3186 3955 3408 4011 Pharao
3440 3969 3494 4012 et
3525 3968 3723 4028 postea

2117 4044 2414 4114 plangitur,
2447 4055 2738 4115 propterea
2771 4048 2963 4102 tertius
2999 4048 3203 4103 mensis
3231 4059 3287 4104 et
3317 4066 3459 4106 uitus
3481 4052 3597 4106 dies
3619 4068 3724 4105 nu.

2118 4136 2294 4195 decim
2324 4150 2595 4194 annorum
2625 4153 2854 4194 numero
2879 4139 3223 4209 copulantur.
3261 4141 3415 4197 Unde
3438 4143 3492 4197 in
3525 4159 3725 4200 conse-

2120 4232 2438 4300 quentibus,
2469 4230 2794 4286 duodecimo
2829 4246 2991 4297 anno,
3015 4247 3203 4288 mense
3234 4234 3580 4301 duodecimo,
3611 4254 3723 4292 una

2118 4322 2344 4387 mensis,
2369 4321 2427 4376 lit
2447 4323 2672 4376 verbum
2696 4321 2909 4377 Domini
2935 4325 3002 4377 ad
3018 4322 3268 4378 Ezechiel
3293 4325 3480 4381 dicens
3503 4342 3516 4380 :
3551 4346 3568 4376 ί
3595 4327 3719 4394 Fili,

2121 4411 2380 4477 hominis,
2414 4427 2632 4467 assume
2670 4412 2943 4482 planctum
2975 4429 3139 4485 super
3165 4413 3506 4472 Pharaonem
3537 4433 3722 4491 regem

2121 4501 2366 4573 rEgypti,
2389 4512 2446 4558 et
2472 4504 2618 4558 dices
2646 4503 2713 4558 ad
2738 4518 2862 4559 eum
2887 4506 2904 4576 (
2927 4503 3116 4559 Ezech.
3149 4507 3355 4577 xsxn).
3399 4529 3416 4560 ι
3449 4509 3552 4575 Qui
3573 4512 3722 4565 enim

2124 4594 2427 4666 plangitur,
2469 4597 2590 4651 ideo
2618 4597 2923 4667 plangitur,
2956 4608 3015 4652 ut
3036 4599 3310 4671 intelligat
3337 4612 3539 4670 quanta
3575 4605 3722 4658 bona

2123 4691 2440 4760 perdiderit,
2472 4698 2528 4745 et
2553 4698 2756 4756 tamen,
2785 4692 2910 4760 quia
2941 4691 3153 4747 Pharao
3181 4703 3318 4759 erat,
3350 4703 3402 4748 et
3435 4694 3721 4750 brachium

2123 4781 2238 4850 ejus
2263 4783 2494 4838 necdum
2532 4781 2709 4837 fuerat
2744 4783 3078 4853 colligatum,
3111 4799 3211 4838 nec
3249 4785 3537 4854 pristinam
3563 4801 3720 4844 τερος

2123 4883 2281 4944 perat
2310 4873 2682 4930 fortitudinem
2701 4915 2716 4941 ,
2746 4884 3034 4946 propterea
3065 4877 3119 4931 in
3147 4892 3290 4933 anno
3318 4879 3638 4936 duoderime
3666 4891 3722 4936 et

2125 4968 2178 5022 iu
2200 4981 2388 5025 mense
2406 4965 2730 5023 duodecimo
2749 4969 2936 5039 viginti
2961 4984 3158 5026 novem
3188 4971 3306 5026 dies
3334 4973 3512 5028 adhuc
3541 4989 3721 5029 rema-

2126 5068 2273 5122 nent,
2292 5069 2353 5113 ut
2369 5059 2693 5116 duodecimo
2702 5074 2968 5116 annorum
2985 5076 3245 5117 numerus
3267 5061 3577 5132 impleatur.
3597 5064 3720 5121 Uno

2125 5151 2292 5221 igitur
2321 5150 2523 5206 mensis
2548 5149 2633 5205 die
2657 5165 2838 5205 sermo
2856 5149 2926 5205 llt
2954 5152 3167 5208 Domini
3197 5153 3638 5226 adprophetam,
3663 5166 3718 5212 et

2126 5244 2440 5313 praecipitur
2466 5245 2515 5298 ei
2548 5254 2608 5298 ut
2632 5245 2884 5315 loquatur
2913 5245 3024 5317 regi
3051 5246 3271 5318 Egypti
3304 5232 3360 5303 et
3383 5250 3716 5307 multitudini

2126 5335 2260 5403 ejus.
2284 5334 2342 5390 lu
2367 5352 2474 5405 quo
2497 5337 2803 5392 mirandum
2827 5337 2969 5408 quod
2998 5348 3237 5410 quatuor
3262 5341 3587 5412 interpretes
3609 5362 3717 5400 non

2124 5425 2372 5496 populum
2393 5425 2652 5491 dixerint,
2681 5427 2776 5482 sed
2796 5427 3205 5486 multitudinem.
3232 5448 3249 5481 ι
3274 5430 3424 5486 Multi
3453 5434 3599 5488 enim
3623 5449 3718 5489 vo-

2125 5517 2231 5572 cati
2252 5525 2307 5572 et
2329 5517 2485 5586 pauci
2508 5516 2662 5572 electi
2685 5513 2903 5588 (Matth.
2923 5517 3083 5588 uti).
3107 5538 3127 5572 ι
3148 5519 3213 5574 Et
3235 5520 3290 5575 in
3310 5519 3428 5591 lege
3454 5525 3718 5593 scriptum

2125 5621 2241 5666 est:
2266 5631 2283 5662 ι
2308 5611 2423 5666 Non
2446 5612 2556 5667 eris
2578 5626 2700 5666 cum
2725 5611 3070 5668 multitudine
3093 5613 3146 5667 in
3169 5613 3328 5670 malo.
3357 5633 3374 5666 ι
3404 5614 3722 5687 Dicitnrque

2129 5703 2196 5757 ad
2220 5718 2400 5774 regem
2429 5702 2646 5774 λεωριὶ
2673 5721 2686 5756 ;
2718 5720 2735 5752 ι
2757 5701 2854 5758 Cui
2877 5702 3070 5758 similis
3094 5703 3270 5760 factus
3288 5720 3349 5760 es
3374 5707 3428 5759 in
3455 5708 3720 5778 magnitu-

2129 5791 2275 5858 dine,
2299 5792 2433 5858 sive,
2459 5792 2516 5846 in
2539 5790 2823 5847 altitudine
2854 5794 2970 5847 tua?
2997 5812 3015 5844 ›
3045 5792 3188 5862 quod
3213 5801 3268 5850 et
3288 5795 3401 5862 ipse
3429 5809 3489 5851 se
3507 5796 3716 5852 exalta-
