3936 6330
205 415 312 475 8i7

1158 422 1513 486 COMMENT.
1552 432 1621 488 ΙΝ
1656 434 2108 496 EZECHIELEM.
2153 470 2220 484 -—
2255 442 2384 503 LIB.
2416 446 2529 505 XII.

3361 469 3466 527 818

204 540 379 598 verat,
402 542 457 588 et
475 533 753 605 subjaceat
774 536 849 593 illi
873 540 1180 597 sententiae:
1203 562 1221 596 ι
1244 543 1431 602 Omnis
1455 547 1545 617 qui
1567 548 1789 604 seexal~
1815 551 1869 611 Α
1893 551 2066 611 titudo
2094 557 2333 628 gentium
2361 563 2715 632 plurimarum
2738 611 2753 636 ,
2789 580 2849 628 ut
2886 576 3202 636 commistos
3227 580 3465 644 diversos

204 630 305 686 tat,
332 614 707 680 lnnniliabitur
725 626 938 697 (Matth.
972 631 1128 705 χχιιι)
1150 674 1164 698 ,
1196 654 1215 686 ι
1250 633 1347 690 sed
1376 614 1557 693 tamen
1590 655 1696 695 non
1720 640 1791 694 sit

202 709 321 779 ejus
337 712 605 769 altitudini
622 716 832 782 similis,
845 718 937 789 qui
959 722 1112 791 quasi
1136 723 1330 780 cedrus
1350 727 1463 782 sive
1477 730 1787 801 cyparissus

200 802 257 855 in
276 800 480 858 Libano
509 802 670 860 fuerit
691 807 918 876 pulcher
938 813 1125 879 ramis,
1148 822 1204 869 et
1224 800 1787 877 frondibusinemoro-

198 905 317 955 sus,
339 891 695 963 excelsnsquc
721 895 1025 966 altitudine,
1048 910 1105 957 et
1127 903 1194 957 ad
1216 906 1391 961 nubes
1411 922 1582 977 usque
1596 924 1783 968 erexe-

200 980 274 1033 rit
298 992 477 1052 caput.
498 983 579 1039 Ad
600 996 735 1055 quas
753 990 1045 1046 secundum
1065 992 1231 1049 David
1253 991 1453 1053 veritas
1474 997 1567 1054 Dei
1588 1015 1782 1071 perve-

197 1070 301 1135 nit,
316 1072 578 1141 etqu‘ibus
593 1077 880 1134 mandatur
898 1094 966 1136 ne
975 1080 1163 1152 pluant
1179 1098 1342 1156 super
1352 1086 1516 1143 Israel
1530 1070 1779 1147 imbrem.

195 1158 549 1219 ιὐιειιιίιιιάο
574 1179 787 1236 quoque
802 1168 944 1225 illius
968 1172 1312 1240 praedicatur,
1334 1190 1455 1245 quae
1475 1177 1529 1232 in
1554 1180 1783 1249 turpitu-

177 1250 381 1305 «linem
410 1266 577 1322 prava
607 1255 885 1315 voluntate
910 1268 1115 1316 mutata
1146 1272 1248 1329 est,
1279 1264 1353 1320 ita
1377 1274 1439 1320 ut
1471 1268 1684 1323 dicatur
1716 1270 1783 1325 de

192 1353 264 1393 eo
310 1358 323 1394 :
378 1361 395 1391 ι
446 1341 762 1417 Confringet
817 1348 1073 1406 Dominus
1112 1354 1304 1411 cedrus
1349 1354 1541 1412 Libani
1588 1357 1775 1429 (Paul.

191 1432 424 1503 xxvm);
473 1454 491 1487 ι
524 1444 579 1489 ει
608 1438 857 1495 excelsus
887 1440 1005 1511 ipse
1025 1443 1077 1497 in
1105 1444 1371 1501 altissimo
1394 1448 1658 1505 montium
1687 1449 1780 1505 Li-

190 1519 336 1576 bano
366 1524 708 1591 constitutus,
735 1536 940 1598 quanto
965 1530 1245 1590 sublimior
1270 1532 1464 1603 fuerat,
1494 1546 1647 1595 tanto
1665 1540 1776 1597 for-

190 1611 307 1666 tius
337 1614 572 1668 caderet.
602 1617 766 1687 Cujus
795 1617 1075 1691 Scriptura
1102 1633 1289 1681 sancta
1317 1627 1505 1684 volens
1533 1630 1775 1688 altitudi-

160 1714 316 1753 σιιειιι
361 1703 762 1772 demonstrare,
805 1709 1042 1779 appellat
1086 1726 1211 1767 eum
1254 1715 1478 1772 cedrum
1524 1734 1773 1793 magnam

184 1803 356 1858 quam
404 1792 712 1849 nutrierunt
749 1812 921 1867 aquae.
968 1798 1085 1855 Non
1122 1815 1277 1872 aquae
1316 1802 1484 1872 Siloe,
1519 1792 1641 1877 quae
1674 1824 1771 1865 va-

181 1880 325 1934 dunt
355 1898 477 1937 cum
511 1884 745 1951 silentio,
768 1889 863 1944 sed
887 1904 1044 1959 aquae
1076 1890 1239 1947 Rasin
1266 1904 1321 1949 et
1348 1910 1503 1965 aquae
1525 1896 1741 1970 ὤσῃ)ιί

180 1970 255 2026 de
280 1972 474 2041 quibus
499 1978 758 2047 scriptum
797 1988 884 2034 est
912 1996 925 2032 :
955 1998 976 2031 ι
1011 1980 1151 2048 Quid
1178 1983 1275 2040 tibi
1304 1993 1362 2040 ut
1388 1986 1543 2043 bibas
1574 2002 1772 2059 aquam

176 2061 337 2119 Geon
366 2064 503 2138 (Jer.
522 2067 604 2139 ιι),
628 2087 646 2121 ι
664 2069 780 2125 sive
804 2068 1118 2142 Sior?quod
1143 2091 1307 2146 aqua:
1319 2077 1560 2134 turbidae
1586 2088 1767 2137 sonat.

254 2162 497 2234 Abyssus
542 2181 758 2238 quoque
806 2169 1065 2226 exaltavit
1103 2187 1249 2242 eum,
1301 2190 1466 2247 super
1507 2192 1669 2248 quant
1710 2181 1767 2238 in

170 2713 360 2771 minus
390 2716 607 2774 inducet
645 2734 807 2791 super
833 2736 928 2777 vos
967 2737 1162 2795 aquam
1202 2723 1440 2782 ﬂuminis
1474 2727 1669 2784 fortem
1706 2738 1761 2786 et

170 2804 427 2878 multam,
469 2823 654 2879 regem
684 2809 1027 2882 Assyriorum
1063 2822 1119 2869 et
1145 2829 1362 2872 omnem
1393 2816 1616 2889 gloriam
1643 2819 1761 2891 ejus

169 2895 322 2968 (Isa.
352 2905 500 2968 VIII).
538 2919 558 2953 ι
590 2900 756 2958 Rivos
787 2918 1001 2974 quoque
1035 2922 1163 2963 suos
1195 2908 1377 2964 emisit
1418 2910 1648 2982 abyssus
1690 2911 1758 2967 ad

168 2986 427 3043 universa
472 2988 614 3062 ligna
663 2992 929 3065 regionis,
979 3004 1041 3050 ut
1087 3011 1196 3053 non
1237 2998 1409 3055 solum
1455 3001 1757 3073 principem

168 3077 360 3132 mundi
385 3078 563 3147 hujus,
586 3082 683 3137 sed
709 3092 764 3137 ct
792 3086 969 3142 socios
996 3087 1141 3143 illius
1162 3089 1431 3161 irrigaret.
1462 3090 1758 3164 Propterea

166 3166 415 3225 elevatus
443 3178 549 3236 est,
588 3180 643 3227 et
682 3189 845 3245 super
865 3178 1049 3233 omnia
1083 3178 1347 3236 altissima
1369 3180 1515 3254 ligna
1537 3198 1757 3241 succre-

168 3258 287 3312 vit:
326 3276 346 3311 ‹
382 3260 450 3315 Ει
483 3263 837 3334 multiplicata
866 3276 993 3322 sunt
1021 3269 1239 3326 arbusta
1267 3270 1413 3341 ejus,
1454 3292 1472 3327 ι
1510 3282 1567 3330 ει
1592 3276 1753 3331 totius
1780 3269 1825 3332 C
1856 3258 2615 3374 discagfggg'ijlggpj,$4.;

168 3348 320 3374 -..1.3..
353 3352 589 3374 κλινιιλε.
638 3354 826 3374 :_...-_s
853 3373 861 3374 κ
890 3372 912 3374 α
970 3358 1001 3374 ιο
1226 3360 1269 3374 σε
1520 3363 1535 3374 .
1679 3367 1710 3374 ..
1738 3368 1750 3374 -

164 3348 322 3403 orbis
353 3352 592 3419 possedit
637 3354 923 3424 imperium
951 3358 1137 3415 dicens
1171 3375 1188 3415 :
1223 3360 1351 3419 Haec
1389 3363 1577 3421 omnia
1618 3367 1755 3423 mihi

162 3440 368 3495 tradita
391 3450 518 3497 sunt
546 3485 559 3497 .
594 3463 613 3496 ι
640 3445 713 3500 Et
734 3446 922 3502 elevati
954 3458 1081 3505 sunt
1108 3452 1244 3508 rami
1269 3450 1404 3522 ejus,
1428 3474 1448 3508 ι
1474 3458 1566 3526 qui
1596 3459 1753 3528 aquis

160 3529 351 3601 abyssi
399 3530 613 3589 fuerant
652 3536 860 3608 irrigati
893 3553 907 3592 :
938 3541 1031 3609 qui
1070 3544 1308 3598 extendit
1354 3544 1467 3599 sive
1509 3545 1754 3602 dilatavit

161 3624 544 3681 umbraculum
574 3643 732 3683 suum
762 3639 823 3685 ut
858 3646 1048 3688 omnes
1083 3648 1194 3688 suae
1222 3632 1511 3705 subjiceret
1536 3637 1748 3694 ditioni.

162 3712 226 3767 In
266 3714 437 3770 ramis
470 3713 588 3785 ejus
631 3717 876 3774 fecerunt
907 3720 1062 3777 nidos
1101 3722 1283 3778 omnia
1322 3724 1559 3780 volatilia
1600 3728 1745 3783 coeli.

156 3802 356 3859 Omnis
408 3806 554 3861 enim
598 3808 688 3877 qui
734 3808 866 3864 facit
909 3821 1189 3880 peccatum
1226 3813 1292 3869 de
1337 3812 1550 3871 diabolo
1588 3825 1747 3874 natus

154 3903 267 3961 est,
304 3904 361 3953 et
399 3898 467 3954 de
497 3913 773 3956 ramorum
817 3902 934 3973 ejus
972 3919 1195 3961 numero
1243 3917 1607 3978 computatur.
1650 3912 1745 3968 illa

152 3988 311 4043 enim
354 3988 595 4046 volatilia
636 3990 881 4048 fecerunt
924 3995 1080 4050 nidos
1132 3995 1188 4051 in
1237 3999 1404 4054 ramis
1447 4001 1587 4072 ejus,
1626 4018 1745 4074 quae

148 4077 316 4147 juxta
354 4079 501 4135 viam
534 4082 897 4153 evangelicum
930 4094 1225 4142 sementem
1255 4089 1541 4147 comedere
1586 4110 1600 4147 :
1630 4094 1745 4150 sive

153 4170 421 4241 quoniam
440 4192 459 4224 ι
477 4187 666 4229 omnes
682 4187 1042 4244 peccaverunt
1054 4180 1361 4253 etindigent
1373 4184 1743 4247 misericordia

150 4263 251 4317 Dei
302 4261 475 4333 (Rom.
508 4266 619 4337 ιιι),
657 4286 676 4319 ι
714 4268 780 4323 de
827 4270 1021 4339 quibus
1052 4272 1256 4328 dictum
1286 4285 1369 4332 est
1411 4296 1423 4332 :
1478 4297 1497 4330 ι
1542 4278 1743 4338 Omnes

152 4358 587 4427 declinaverunt,
611 4363 770 4417 simul
800 4364 1013 4421 inutiles
1042 4365 1172 4421 facti
1203 4378 1325 4424 sunt
1356 4370 1529 4441 (Paul.
1552 4379 1733 4444 xm)”

152 4449 364 4504 idcirco
419 4449 471 4503 in
526 4452 694 4507 ramis
750 4452 867 4522 ejus
920 4454 1165 4511 fecerunt
1205 4459 1379 4514 nidos.
1436 4460 1732 4532 Sequitur:

158 4558 179 4591 ι
220 4539 290 4594 Ει
338 4540 438 4622 sub
491 4539 770 4597 frondibus
824 4544 941 4613 ejus
990 4557 1289 4616 genuerunt
1326 4566 1513 4607 omnes
1546 4554 1734 4611 bestiae

150 4613 414 4693 saltuum,
451 4648 470 4681 ι
503 4645 623 4701 quae
642 4630 839 4687 Christi
868 4613 1334 4694 mansuetudinem
1361 4643 1729 4711 perdiderunt.
1762 4613 1813 4673 υ

155 4735 177 4767 σ
218 4717 287 4772 Et
323 4717 424 4771 sub
451 4719 765 4775 umbraculo
803 4721 944 4776 illius
983 4724 1261 4802 habitabat
1289 4738 1465 4785 metus
1491 4735 1732 4802 gentium

148 4804 540 4875 plurimarum;
585 4827 604 4861 ι
654 4818 714 4863 ιιι
742 4810 920 4866 nullus
957 4800 1099 4867 esset
1137 4816 1229 4884 qui
1273 4834 1377 4872 non
1419 4820 1538 4890 ejus
1586 4837 1735 4894 tege-

148 4903 307 4951 retur
336 4897 669 4963 umbraculo,
708 4910 905 4969 praeter
924 4918 1047 4958 eum
1084 4907 1175 4975 qui
1203 4907 1337 4963 dixit
1368 4927 1382 4963 :
1417 4929 1437 4965 ι
1478 4912 1623 4970 Ecce
1644 4931 1734 4971 ve-

145 4987 232 5041 nit
261 4988 513 5060 princeps
550 4992 733 5046 mnndi
766 4994 955 5065 hujus,
996 5005 1053 5051 ut
1081 4986 1318 5056 inveniet
1356 5003 1409 5059 in
1448 5021 1537 5063 me
1575 5008 1725 5063 nihil.

148 5097 166 5129 ι
197 5077 307 5132 Per
334 5094 499 5133 unum
521 5079 788 5137 hominem
819 5094 1099 5154 peccatum
1124 5089 1344 5147 intravit
1366 5093 1420 5148 in
1442 5099 1727 5166 mundum,

141 5178 198 5224 et
252 5184 352 5239 per
398 5181 678 5239 peccatum
730 5190 896 5239 mors,
943 5186 999 5232 et
1032 5180 1109 5235 sic
1151 5181 1205 5235 in
1248 5200 1443 5243 omnes
1485 5189 1727 5249 homines

142 5276 295 5315 mors
324 5265 672 5331 pertransiit,
711 5286 728 5319 ι
757 5268 808 5321 in
839 5284 945 5338 quo
972 5286 1163 5328 omnes
1189 5290 1558 5347 peccavtmus,
1589 5291 1644 5339 et
1669 5285 1725 5340 in

137 5346 320 5403 Adam
364 5364 553 5406 omnes
595 5354 888 5423 morimur,
924 5361 1212 5431 cunctique
1256 5369 1624 5436 peccavimus,
1671 5380 1726 5429 et

138 5442 446 5514 indigemus
485 5444 655 5516 gloria
686 5448 811 5513 Dei,
850 5460 905 5507 et
931 5458 1108 5508 tamen
1143 5455 1197 5511 in
1230 5457 1343 5527 ipsa
1385 5458 1721 5523 habitatione

138 5534 354 5589 diversa
400 5536 636 5593 conditio
685 5548 783 5595 est.
836 5542 937 5596 Alii
981 5544 1227 5601 habitant
1267 5549 1321 5602 in
1364 5553 1533 5607 ramis
1582 5552 1715 5622 ejus,

136 5626 296 5694 quasi
338 5627 598 5694 volatilia,
645 5632 925 5688 scientiam
967 5636 1067 5691 sibi
1106 5638 1157 5692 in
1191 5639 1528 5711 philosophia
1578 5648 1715 5703 etin

137 5717 517 5775 haueticorum
576 5723 912 5793 dogmatibus
981 5730 1337 5799 pollicentes;
1400 5736 1489 5791 alii
1558 5744 1713 5809 quasi

141 5806 329 5860 bestiae
350 5806 479 5862 ferae
509 5811 742 5867 immites
766 5822 926 5884 atque
955 5820 1229 5886 crudeles;
1260 5824 1349 5877 alii
1377 5829 1528 5893 quasi
1576 5830 1711 5883 mul-

1890 646 2034 717 vitiis
2061 648 2329 721 signiticet
2356 661 2519 726 atque
2544 663 2799 731 peccatis.
2844 685 2865 719 ι
2909 669 3038 727 Erat
3075 684 3255 732 autem
3294 678 3463 738 Assur

1882 735 2285 807 pulcherrimus
2313 744 2367 800 in
2404 751 2776 821 magnitudine
2811 771 2907 814 sua
2927 800 2942 827 ,
2980 770 3035 819 et
3064 764 3118 820 in
3149 735 3462 828 dilatatione

1884 827 2228 887 arbustorum
2251 850 2495 905 suorum,
2535 861 2553 894 ι
2602 844 2728 914 quia
2762 849 2916 918 aquis
2947 854 3131 913 multis
3156 860 3313 916 radix
3343 862 3461 933 ejus

1882 916 2059 1013 fuerat
2088 922 2332 997 irrigata,
2377 930 2646 991 intentum
2691 946 2751 993 ut
2800 916 2854 996 in
2891 948 3142 1013 paradiso
3180 950 3274 1008 Dei
3313 916 3471 1012 nulla.

1881 1008 2168 1106 cedrorum
2210 1024 2266 1070 et
2292 1023 2688 1090 cyparissorum
2718 1040 2865 1087 esset
2892 1008 3091 1105 altior,
3122 1056 3223 1099 nec
3253 1045 3459 1106 abietcs

1879 1098 2100 1171 pinique
2126 1104 2471 1206 aquuarent
2496 1114 2879 1178 sublimitatem
2914 1123 3049 1194 ejus,
3078 1098 3213 1189 sive

1879 1202 1985 1287 non
2005 1200 2191 1287 essent
2208 1209 2375 1265 aequae
2398 1198 2677 1263 frondibus
2696 1208 2859 1269 illius.
2883 1214 3089 1275 Idcirco
3111 1198 3287 1281 autem
3308 1230 3453 1287 nulla

1873 1654 2053 1745 suam,
2083 1660 2257 1718 neque
2287 1651 2688 1717 similitudinem
2716 1663 2811 1722 Dei
2840 1672 3105 1745 sacrilego
3128 1679 3231 1736 sibi
3270 1686 3451 1743 animo

1872 1730 2150 1792 vindicare
2168 1748 2378 1797 conatae
2400 1755 2543 1802 sunt.
2561 1749 2820 1825 Quodque
2839 1730 3093 1832 sequitur
3110 1730 3448 1831 {fama};

1872 1821 1979 1879 lata
2008 1837 2137 1884 sunt
2162 1845 2280 1886 eam
2306 1837 2485 1892 omnia
2511 1839 2653 1913 ligna
2684 1846 2999 1910 deliciarum
3018 1897 3032 1922 ,
3062 1874 3184 1929 quae
3210 1875 3368 1923 erant
3392 1871 3447 1926 in

1753 1904 1847 2033 :B
1873 1919 2143 2033 paradiso,
2200 1927 2346 2033 i‘sic
2381 1904 2730 1995 edisset-imus
2778 1958 2790 1994 :
2832 1904 3449 2033 inauratum};

1872 2011 2110 2078 paradisi
2141 2015 2541 2077 multitudinem
2580 2041 2854 2089 ramorum
2884 2037 3017 2109 ejus.
3067 2059 3088 2094 ς
3119 2011 3272 2104 Multi

1870 2104 2047 2159 vocati
2074 2113 2130 2161 et
2160 2111 2315 2177 pauci
2339 2112 2519 2181 electi,
2553 2136 2572 2170 ι
2598 2128 2652 2176 ει
2680 2141 2698 2172 ι
2728 2122 2833 2181 lata
2868 2104 2926 2184 et
2955 2136 3193 2203 spatiosa
3217 2104 3450 2212 viaquae

1869 2193 2018 2251 ducit
2044 2198 2113 2255 ad
2130 2210 2361 2257 mortem
2379 2202 2595 2275 (Matth.
2616 2227 2707 2278 xx,
2728 2216 2847 2287 vn).
2878 2237 2898 2272 ι
2923 2193 3080 2294 cupit
3106 2193 3446 2291 enimtant—os

1866 2558 1994 2618 Sive
2036 2580 2210 2637 usque
2238 2571 2305 2626 ad
2337 2574 2508 2633 nubes
2539 2594 2803 2642 cacumen
2831 2591 3037 2660 erexit,
3077 2603 3133 2650 et
3178 2597 3453 2659 elevatuut

1863 2667 1959 2710 cor
1982 2654 2134 2726 ejus,
2166 2668 2227 2715 ut
2255 2664 2479 2735 diceret,
2509 2688 2529 2722 ε
2573 2672 2679 2732 Ero
2719 2678 2910 2736 sim'ilis
2930 2654 3224 2743 Altissimo.
3258 2707 3276 2743 ι
3306 2654 3441 2750 15.;

1861 2752 2046 2816 pterea
2082 2766 2103 2802 ι
2141 2753 2373 2813 traditus
2399 2768 2483 2815 est
2512 2762 2564 2818 in
2600 2782 2760 2823 manu
2796 2764 3075 2834 fortissimi
3111 2784 3383 2854 gentium;
3416 2809 3435 2842 ι

1861 2853 2022 2944 quam
2071 2841 2433 2945 intelligamus
2477 2855 2636 2913 aliam
2695 2861 3068 2927 detestabilem
3111 2841 3438 2945 potestatem

1859 2929 1946 2985 cui
1977 2932 2210 3031 traditur
2235 2940 2305 2994 ad
2338 2946 2698 3019 puniendum,
2743 2954 2857 3026 ipse
2886 2968 2968 3016 est
2993 2929 3137 3021 enim
3188 2970 3438 3031 inimicus

1859 3029 1911 3122 ett
1941 3024 2101 3126 ultor.
2137 3026 2214 3085 Ut
2242 3031 2415 3091 Assur
2444 3024 2777 3115 intelligatur
2806 3049 3209 3127 Antichristus',
3246 3024 3436 3122 etate;

1859 3110 2100 3224 t‘i‘ssimus
2142 3121 2385 3190 gentium
2432 3130 2519 3184 cui
2560 3110 2789 3194 traditus
2837 3152 2939 3210 est,
2990 3110 3243 3218 Satanas,
3277 3110 3436 3224 ju;la

1858 3200 1987 3314 illud
2019 3207 2342 3314 Apestoli_(1
2374 3216 2506 3314 _Tim.
2541 3222 2582 3293 ι)
2612 3242 2626 3279 :
2660 3244 2677 3276 c
2714 3228 2859 3295 Quos
2888 3200 3437 3314 tradidiwgat'angl‘t

2652 3335 2672 3368 ι
2703 3318 2801 3387 Qui
2832 3340 2850 3373 ι
2891 3323 3096 3384 faciens
3124 3330 3283 3391 faciet
3301 3339 3373 3405 ei,
3405 3360 3425 3395 ι

1853 3397 2185 3458 quaecunque
2223 3394 2272 3448 ei
2307 3393 2506 3455 fuerint
2533 3418 2563 3456 a
2602 3404 2829 3466 Domino
2859 3414 3144 3486 imperata.
3192 3424 3313 3482 lsta-
3337 3393 3434 3485 au;-

1854 3479 1962 3577 tem
2003 3480 2312 3548 cyparissus
2344 3485 2635 3556 ejectaest
2668 3495 2736 3553 de
2773 3479 3024 3569 paradiso
3071 3509 3183 3566 Dei
3207 3479 3434 3588 propter

1852 3564 2182 3635 impietatem
2229 3590 2401 3633 suam.
2452 3600 2472 3632 ‹
2526 3584 2592 3639 Et
2652 3564 2931 3650 succident
2970 3564 3341 3663 ilium-alienir
3372 3621 3429 3667 et

1850 3658 2123 3728 crudeles,
2182 3686 2199 3718 ι
2237 3670 2353 3724 sive
2382 3675 2698 3742 pestilentes
2727 3701 2745 3733 ι
2784 3685 2839 3739 in
2866 3692 3137 3761 gentibus,
3171 3716 3190 3750 ι
3237 3710 3297 3755 ιιι
3322 3703 3427 3758 im-

1848 3746 2058 3846 pleatur
2100 3753 2243 3846 iHud-
2268 3762 2410 3828 quod
2450 3766 2709 3836 scriptum
2748 3782 2829 3829 est
2935 3796 2955 3831 ‹
3010 3746 3301 3844 Pestilente
3322 3746 3428 3846 ll;-

1846 3839 2041 3909 gellnto
2066 3845 2264 3902 stultus
2290 3853 2527 3908 astutior
2548 3856 2639 3912 fiet
2665 3859 2848 3933 (Prov.
2877 3869 3017 3941 xu).
3055 3891 3074 3924 ι
3100 3839 3421 3936 Et

1851 3946 1869 3978 ‹
1903 3929 2023 3986 1am
2059 3939 2267 3994 securis
2298 3941 2367 3995 ad
2398 3944 2607 4002 radices
2636 3929 2846 4009 arboris
2877 3929 3053 4027 posita
3080 3972 3162 4018 est

1845 4018 1949 4116 ιιι).
1988 4039 2007 4072 ›
2047 4021 2148 4090 Qui
2185 4029 2479 4097 praecident
2504 4048 2623 4091 eam
2653 4055 2816 4111 super
2843 4018 3073 4116 montes,
3108 4062 3165 4107 ut
3194 4018 3421 4114 cernuat

1844 4107 1899 4161 in
1925 4114 2172 4181 superbia
2207 4133 2326 4175 sua.
2352 4119 2414 4175 In
2450 4141 2469 4174 ι
2505 4130 2716 4185 cunctis
2735 4142 2916 4191 autem
2946 4143 3279 4202 convallibus
3305 4165 3423 4205 cor-

1844 4211 2001 4255 ruent
2032 4206 2164 4258 rami
2200 4205 2347 4276 ejus,
2382 4230 2400 4263 ι
2437 4221 2496 4268 ιιι
2529 4218 2597 4272 ad
2640 4227 2905 4281 tartarum
2945 4229 3279 4295 deducantur
3303 4255 3419 4295 om-

1839 4302 1937 4345 nes
1984 4293 2076 4362 qui
2116 4295 2168 4349 in
2220 4297 2336 4367 ejus
2377 4301 2528 4361 fuere
2570 4313 2849 4370 comitatu.
2903 4337 2921 4367 ι
2964 4320 3031 4375 Et
3052 4293 3307 4382 recedant
3343 4293 3418 4387 de

1838 4379 2151 4439 umbraculo
2187 4387 2326 4444 illius
2360 4402 2418 4447 ut
2462 4395 2771 4468 relinquant
2801 4420 2918 4460 eam
2950 4447 2965 4473 ,
3013 4428 3031 4461 ι
3078 4421 3136 4467 ιιι
3178 4379 3415 4474 volatilia

1837 4470 1963 4525 εαξη
1999 4480 2054 4526 ει
2091 4472 2276 4531 bestiae
2311 4488 2490 4548 terrm,
2522 4500 2641 4555 quae
2665 4491 2818 4559 prius
2847 4470 2959 4551 sub?
2978 4498 3062 4553 illa
3093 4470 3338 4573 fuerant,
3357 4518 3413 4565 et

1839 4557 1981 4615 illius
2009 4562 2323 4622 umbraculo
2353 4557 2688 4644 legebantur,
2722 4592 2909 4651 postea
2925 4603 3110 4657 preme
3136 4557 3408 4668 ehi—spat:

1828 5303 1943 5343 ram
1966 5290 2231 5359 ultimam,
2248 5295 2314 5349 de
2326 5297 2520 5367 quibus
2539 5304 2797 5374 scriptum
2819 5321 2938 5369 est:
2972 5334 2990 5368 ι
3021 5317 3077 5373 In
3099 5335 3390 5395 conspectu

1826 5380 1943 5451 ejus
1970 5383 2166 5439 cadent
2188 5401 2378 5446 omnes
2404 5393 2495 5461 qui
2529 5394 2862 5459 descendunt
2889 5405 2942 5460 in
2976 5415 3173 5468 terram
3207 5380 3389 5487 (.Pstzl“.

1827 5472 1962 5545 xxi).
2007 5495 2025 5527 ι
2057 5477 2121 5531 Et
2158 5478 2210 5533 in
2238 5480 2345 5535 alio
2382 5482 2537 5540 loco:
2577 5505 2601 5539 «η
2645 5490 3015 5563 ingrediuntur
3052 5505 3119 5559 ad
3142 5472 3392 5566 extrema

1828 5572 1984 5619 terrae
2015 5566 2183 5637 (Psal.
2209 5571 2364 5643 Lm),
2395 5593 2414 5625 ι
2450 5582 2505 5630 ει
2534 5589 2693 5637 erunt
2721 5597 3057 5658 nequaquam
3079 5610 3200 5650 cum
3226 5614 3391 5671 ange-

1824 5654 1907 5716 lis,
1952 5657 2045 5710 sed
2078 5674 2200 5713 cum
2232 5660 2353 5718 ﬁliis
2384 5665 2692 5738 hominum,
2733 5654 2823 5743 qui
2862 5654 3190 5739 descendunt
3219 5688 3269 5741 in
3298 5654 3391 5743 la-

1822 5762 1965 5811 cum,
1996 5747 2107 5803 sive
2145 5766 2197 5804 ιιι
2232 5752 2435 5809 loveam
2471 5763 2867 5831 sempiternam.
2917 5770 3049 5825 Cum
3086 5785 3264 5830 autem
3299 5780 3388 5837 ille

1823 5837 2156 5893 descenderit
2194 5843 2244 5894 in
2280 5854 2516 5902 extrema
2548 5860 2809 5917 tcrrae,.et
2842 5875 2965 5927 pars
2995 5864 3225 5933 vulpium
3272 5869 3377 5923 fuc-
