3936 6356
514 464 620 522 Si!)

1148 461 1209 520 Β.
1248 460 1499 522 MBAN!
1536 463 1755 527 MAURJ
1795 460 2112 522 ARClllEP.
2163 465 2470 526 MOGUNT.
2503 468 2792 527 OPERUM
2827 466 3008 524 PARS
3043 466 3107 523 ll.

3682 465 3799 523 820

513 592 600 640 rit.
646 594 677 634 a
716 577 911 650 quibus
955 579 1273 633 lacerandas
1327 588 1430 644 est,
1476 586 1605 632 tunc
1640 577 1820 631 luctus
1850 578 1957 632 erit
2005 576 2087 631 vel
2119 584 2165 638 Α
2200 596 2218 627 ι
2268 579 2535 634 universae
2574 590 2748 635 teme.
2797 580 2864 634 Et
2903 580 3042 633 dabo
3072 592 3265 634 carnes
3292 586 3410 634 tuas
3438 594 3601 649 super
3626 596 3793 635 inmt-

509 672 748 726 mnnium
780 668 1049 724 sociorum
1077 670 1215 738 ejus,
1241 668 1323 724 vel
1349 677 1661 724 sanctarum
1687 668 2091 732 fortitudinnm,

510 779 632 833 qua:
657 762 805 819 illum
825 761 1078 823 dolebant
1109 760 1412 819 adini'eros
1430 761 1801 817 descendisse.
1836 759 1990 815 Unde.
2014 762 2096 814 di-

510 856 584 908 cit
626 853 925 910 Dominus:
952 868 973 904 ι
1015 852 1217 923 Operni
1256 867 1383 908 eum
1427 854 1647 923 abysso,
1681 872 1698 904 ι
1745 850 1900 920 cujus
1940 852 2096 920 aquis

509 946 687 1005 fuerat
714 955 842 1001 ante
880 951 1136 1008 nutritus.
1175 964 1194 997 ι
1229 945 1296 1007 Et
1330 946 1583 1018 prohibui
1621 943 1842 1001 ﬂumina
1879 944 2019 1012 ejus,
2070 966 2091 997 ι

510 1038 561 1091 id
588 1047 695 1102 est,
728 1035 933 1108 abyssi,
976 1055 1010 1087 ι⁴
1035 1046 1092 1092 et
1113 1036 1330 1092 eoereui
1363 1051 1534 1107 aquas
1561 1034 1786 1100 multas,
1827 1055 1846 1087 ι
1877 1050 1945 1090 ne
1968 1048 2092 1089 eum

510 1127 787 1200 rigare'nt’.
813 1130 911 1185 sed
935 1130 1109 1201 magis
1126 1130 1522 1200 opprimerent.
1562 1147 1593 1181 «λ
1610 1127 1981 1185 Contristatus
2010 1136 2096 1185 est

510 1234 674 1290 super
702 1235 827 1280 enim
856 1218 1117 1284 Liberius,
1148 1232 1173 1273 ι
1207 1220 1266 1275 in
1289 1235 1401 1291 quo
1429 1220 1608 1274 fuerat
1633 1218 1930 1275 exaltatus.
1972 1236 1991 1268 ι
2027 1218 2096 1273 Et

509 1308 692 1362 inlinis
714 1309 831 1379 agri
852 1307 996 1379 ligna
1023 1322 1287 1371 concussa
1313 1316 1463 1373 sunt,
1505 1328 1523 1360 ι
1551 1307 1912 1377 succisionem
1943 1307 2093 1361 simi-

512 1401 616 1455 lem
664 1400 1030 1457 formidantia.
1081 1421 1100 1456 ι
1144 1400 1186 1456 Α
1233 1402 1417 1457 sonitu
1463 1400 1635 1455 minae
1665 1399 1783 1469 ejus
1823 1400 2092 1456 Commovi

510 1500 723 1562 gentes,
764 1512 784 1546 ι
816 1501 873 1548 ιιι
904 1492 1088 1550 nullus
1116 1494 1478 1565 perditionem
1509 1494 1655 1549 illius
1689 1494 2002 1565 ignoraret,
2038 1499 2090 1548 et

510 1584 887 1641 deductionem
946 1583 1015 1639 ad
1066 1582 1269 1639 inferos
1318 1599 1440 1639 cum
1495 1584 1707 1638 caeteris
1760 1583 1924 1639 sociis
1952 1582 2090 1653 ejus.

511 1675 955 1744 Acceperuntque
974 1673 1396 1734 consolationem
1419 1674 1602 1729 omnia
1623 1674 1766 1744 ligna
1782 1675 2090 1745 voluptatis,

512 1765 564 1819 i‘l
598 1773 701 1830 est,
735 1765 971 1835 paradisi
1006 1783 1019 1818 :
1052 1766 1179 1821 dum
1202 1765 1386 1821 vident
1411 1774 1469 1821 et
1502 1766 1646 1821 mala
1672 1765 1847 1832 malis,
1870 1774 1928 1821 et
1952 1767 2093 1821 bona

509 1855 665 1909 bonis
689 1856 920 1910 restitui.
939 1854 1063 1910 Haec
1082 1864 1260 1911 autem
1282 1855 1427 1928 ligna
1441 1855 1631 1912 Libani
1651 1865 1779 1912 sunt
1795 1856 1951 1926 aquis
1972 1856 2093 1913 irri-

2201 689 2219 720 ι
2271 680 2379 736 tes,
2420 680 2473 725 ct
2506 672 2740 741 implebo
2775 671 2940 726 colles
2967 673 3116 725 sanie
3148 679 3257 724 tua.
3300 670 3363 725 Et
3392 670 3628 740 irrigabo
3678 682 3796 726 ter-

2202 780 2218 811 ι
2268 777 2381 815 rain
2418 763 2631 831 paedore
2664 761 2943 831 sanguinis
2982 763 3054 815 tui
3084 776 3249 831 super
3276 770 3508 817 utentes.
3532 772 3588 814 et
3616 761 3801 816 valles

2200 871 2218 901 ι
2265 851 2631 921 implebantur
2670 868 2738 907 ex
2792 861 2865 905 te.
2919 851 2985 905 Et
3026 850 3268 921 operiam
3315 865 3435 905 cum
3481 850 3803 905 exstinctus

2200 965 2218 997 ι
2268 946 2434 1003 fueris
2473 946 2670 1002 corium
2697 987 2711 1010 ,
2753 956 2807 1000 et
2851 947 3161 1016 nigrescere
3201 945 3396 1000 faciam
3426 943 3613 999 stellas
3640 939 3797 1009 ejus.

2200 1059 2217 1090 ι
2265 1038 2446 1095 Solem
2477 1039 2620 1095 nube
2644 1048 2845 1108 tegam,
2871 1048 2926 1094 et
2951 1038 3075 1093 luna
3096 1052 3202 1094 non
3228 1035 3376 1094 dabit
3401 1035 3577 1089 lumen
3600 1049 3798 1089 suum.

2200 1148 2219 1181 ι
2264 1129 2457 1186 Omnia
2502 1130 2790 1187 luminaria
2833 1128 2956 1184 εωιί
2993 1141 3225 1184 marem
3271 1124 3463 1183 faciam
3506 1141 3673 1195 super
3720 1134 3800 1189 te,

2199 1238 2219 1273 ι
2264 1229 2319 1276 et
2342 1221 2481 1275 dabo
2505 1220 2756 1274 tenebras
2777 1232 2943 1288 super
2964 1227 3169 1273 terram
3184 1224 3355 1281 tuam,
3371 1216 3500 1271 dicit
3524 1216 3803 1269 Dominus

2199 1333 2217 1363 ι
2266 1313 2425 1368 Dens.
2500 1313 2567 1367 Et
2632 1313 2859 1369 lrritabo
2933 1327 3028 1368 cor
3102 1309 3422 1383 populorum
3491 1308 3798 1365 multorum

2199 1421 2219 1455 ι
2265 1418 2389 1459 cum
2420 1404 2684 1459 induxere
2719 1404 3101 1460 contritionem
3132 1413 3278 1458 tuam
3312 1402 3367 1457 in
3408 1402 3662 1473 gentibus
3704 1417 3797 1453 su-

2200 1514 2220 1549 ‹
2264 1512 2361 1566 per
2388 1506 2563 1552 terras
2591 1512 2729 1568 quas
2754 1498 2955 1562 nescis,
2979 1505 3035 1552 et
3062 1505 3373 1567 stupescere
3392 1496 3591 1550 faciam
3618 1510 3788 1564 super

2200 1604 2220 1638 ‹
2263 1597 2315 1643 te
2341 1587 2565 1658 populos
2590 1588 2675 1643 vel
2700 1596 2889 1660 gentes
2916 1587 3141 1653 multas,
3165 1596 3219 1642 et
3245 1602 3398 1659 reges
3429 1601 3617 1641 eorum
3662 1585 3801 1641 bor-

2201 1696 2219 1729 ι
2267 1691 2390 1733 rore
2402 1678 2567 1733 nimio
2581 1676 2945 1734 formidabant
2959 1691 3121 1748 super
3137 1683 3213 1739 te.
3224 1692 3347 1731 cum
3362 1675 3545 1731 volare
3559 1676 3799 1744 eruperit

2203 1788 2222 1823 ι
2266 1770 2475 1842 gladius
2497 1785 2650 1825 meus
2683 1783 2847 1840 super
2877 1768 3041 1823 facies
3069 1783 3281 1831 eorum,
3308 1774 3363 1821 et
3387 1766 3791 1834 obstupesceut

2204 1880 2223 1913 ι
2269 1869 2491 1933 repente
2528 1860 2718 1932 singuli
2745 1875 2849 1930 pro
2882 1859 3063 1915 anima
3091 1874 3185 1914 sua
3224 1858 3279 1913 in
3320 1857 3409 1914 die
3438 1857 3606 1911 ruina:
3651 1870 3795 1920 sum,

512 1953 635 2015 gata
664 1945 945 2004 ﬂuminum
966 1947 1207 2012 Domini,
1242 1948 1295 2002 in
1318 1920 1518 2018 quibus
1543 1956 1598 2002 et
1621 1947 1711 2004 illa
1738 1920 1902 2004 arbor
1916 1946 2095 2003 fuerat
2122 1920 2170 1981 Β
2203 1987 2222 2009 ,
2264 1920 2390 2026 quiia
2414 1955 2531 2009 haec
2554 1920 2689 2009 dicit
2717 1920 2980 2007 Dominus
3014 1951 3195 2006 Deus:
3225 1948 3448 2006 Gladius
3498 1947 3643 2019 regis
3690 1947 3798 2002 Ba-

512 2035 731 2106 irrigata
753 2073 767 2100 ,
800 2050 919 2106 qua:
947 2038 1175 2103 corruit,
1214 2038 1331 2094 sive
1358 2040 1542 2094 omnia
1562 2038 1732 2109 ligna,
1767 2054 1888 2111 qum
1922 2055 2094 2109 quon-

508 2124 632 2178 dam
657 2124 875 2180 fnerunt
900 2126 1039 2181 bona
1064 2136 1118 2181 et
1144 2128 1514 2197 irrigabantur
1541 2130 1718 2198 aquis,
1748 2139 1804 2184 et
1826 2130 1877 2183 in
1901 2128 2094 2184 Libani

510 2217 793 2272 altitudine
853 2218 1199 2274 morabantur
1271 2220 1539 2291 accipient
1615 2220 2094 2285 consolationem,

511 2307 726 2376 quando
769 2308 1070 2379 principem
1105 2325 1261 2365 suum
1305 2309 1502 2365 similia
1540 2310 1776 2366 viderint
1830 2312 2096 2367 sustinere

510 2410 781 2455 tormenta
813 2418 827 2455 :
867 2420 884 2451 ι
920 2403 983 2457 Et
1014 2404 1127 2472 ipsa
1168 2404 1314 2459 enim
1348 2404 1681 2461 descendent
1711 2406 1779 2460 ad
1822 2405 2093 2462 infernum

510 2492 578 2545 ad
614 2493 926 2548 interfectos
970 2493 1147 2565 gladio
1178 2496 1411 2555 Domini.
1454 2516 1472 2548 ι
1517 2496 1584 2550 Et
1628 2497 1807 2553 omnis
1837 2495 2097 2552 fortitudo

510 2586 776 2661 lignorum
826 2585 1093 2641 habitabit
1145 2588 1247 2643 sub
1288 2590 1604 2645 umbraculo
1633 2592 1773 2659 ejus,
1810 2590 1865 2645 id
1901 2599 2006 2656 est,
2042 2592 2095 2645 in

512 2689 670 2742 praua
705 2675 755 2727 in
783 2675 963 2729 medio
984 2676 1227 2729 omnium
1258 2678 1568 2742 nationum,
1589 2694 1710 2748 quae
1734 2678 1991 2735 claustris
2018 2680 2097 2734 in-

513 2767 610 2821 l'eri
667 2766 1009 2821 tenebuntur.
1061 2766 1185 2824 Post
1246 2769 1361 2823 hare
1410 2770 1476 2824 ad
1528 2770 1703 2838 ipsum
1758 2768 2096 2825 Pharaonem

514 2875 693 2916 sermo
739 2861 1096 2925 convertitur,
1137 2861 1224 2915 cui
1276 2862 1479 2915 dictum
1509 2860 1684 2914 fuerat
1726 2860 1779 2914 in
1807 2861 2094 2933 priuetpio,

522 2973 539 3003 ι
574 2952 659 3007 cui
683 2953 871 3007 similis
894 2951 1069 3007 factus
1088 2967 1146 3007 es
1173 2952 1225 3007 in
1253 2953 1620 3023 magnitudine
1646 2961 1733 3007 tua
1748 2954 1771 3007 ?
1788 2974 1807 3007 ι
1828 2964 1883 3008 et
1904 2954 2100 3009 dicitur

514 3047 580 3103 ad
603 3062 725 3101 cum
758 3065 770 3100 :
802 3067 819 3099 ι
856 3047 955 3102 Cui
984 3047 1313 3102 assimilatas
1347 3063 1405 3102 es
1425 3084 1439 3113 ,
1465 3064 1498 3103 ο
1525 3048 1721 3119 inclyte
1745 3056 1907 3118 atque
1932 3048 2098 3104 subli-

514 3140 640 3204 tuis,
659 3139 799 3193 inter
823 3138 965 3207 ligna
993 3138 1284 3207 voluptatis
1304 3139 1325 3191 ?
1349 3159 1365 3189 ι
1393 3153 1583 3209 nempe
1602 3138 1840 3209 Assyrio,
1862 3140 1949 3208 qui
1978 3155 2096 3193 cor-

515 3231 645 3287 ruit.
671 3231 738 3285 Et
764 3239 819 3284 tu
854 3245 978 3285 eras
1016 3230 1249 3301 inclytus
1283 3238 1447 3298 atque
1473 3230 1719 3285 sublimis
1761 3231 1903 3286 inter
1952 3230 2093 3302 ligna

516 3321 687 3387 Eden,
725 3322 827 3376 hoc
854 3328 956 3386 est,
981 3320 1292 3376 deliciarum
1327 3330 1381 3374 et
1410 3321 1664 3391 paradisi.
1695 3320 1763 3375 Et
1780 3336 1907 3376 ecce
1931 3321 2091 3376 dedu-

516 3419 640 3468 ctus
658 3426 718 3466 es
745 3410 1146 3483 sicutAssyrius
1169 3425 1291 3465 cum
1319 3410 1568 3467 omnibus
1595 3411 1772 3481 lignis,
1790 3428 1909 3483 quce
1929 3427 2097 3481 quon-

520 3503 645 3558 dam
667 3502 881 3558 fuerant
902 3502 953 3555 in
975 3501 1207 3566 deliciis,
1230 3500 1297 3555 ad
1318 3512 1519 3558 terram
1544 3503 1788 3558 ultimam
1809 3512 1863 3559 et
1877 3506 1944 3560 ad
1965 3506 2098 3559 infc-

518 3610 628 3650 ros.
651 3594 719 3649 Et
742 3595 978 3650 dormies
1010 3608 1113 3649 non
1144 3594 1197 3646 in
1230 3596 1448 3663 requie,
1469 3595 1563 3650 sed
1595 3596 1648 3650 in
1676 3597 1871 3665 pannis,
1897 3597 1951 3651 in
1984 3612 2098 3651 me-

517 3687 608 3741 dio
644 3686 1162 3747 incircumcisorum,
1194 3686 1294 3739 hoc
1320 3694 1423 3750 est,
1451 3686 1871 3752 immundorum,
1897 3696 2096 3742 etcum

526 3779 613 3833 bis
636 3779 729 3848 qui
755 3779 811 3833 in
837 3777 1013 3849 gladio
1046 3777 1257 3832 Domini
1282 3777 1656 3834 conciderunt.
1690 3777 1758 3833 Et
1786 3787 1843 3832 ut
1867 3780 2101 3834 sciamus

521 3872 612 3940 qui
644 3872 714 3925 sit
744 3870 830 3925 ille
855 3871 940 3924 cui
965 3869 1191 3935 dixerit,
1226 3889 1243 3921 ι
1272 3884 1305 3925 0
1334 3870 1530 3941 inclyte
1554 3879 1717 3941 atque
1744 3870 1991 3925 sublimis
2014 3870 2097 3924 in~

520 3973 603 4017 ter
638 3962 781 4032 ligna
804 3962 1120 4032 voluptatis,
1159 3980 1177 4016 ι
1209 3963 1360 4031 ponit
1384 3962 1721 4018 manifestius
1758 3982 1769 4017 :
1815 3982 1831 4015 ι
1871 3964 1987 4032 ipse
2017 3974 2097 4018 est

520 4054 731 4108 Pharao
752 4093 767 4119 ,
806 4061 863 4108 et
893 4052 1071 4108 omnis
1109 4052 1393 4107 multitudo
1424 4052 1564 4122 ejus,
1613 4073 1631 4106 ι
1678 4055 1793 4109 sive
1820 4052 1975 4123 juxta
2006 4054 2100 4110 Se-

521 4146 821 4216 ptuaginta,
854 4163 871 4195 ι
893 4143 982 4200 Sic
1007 4153 1092 4200 est
1112 4144 1323 4200 Pharao
1342 4155 1397 4200 et
1418 4147 1596 4202 onmis
1620 4147 1904 4203 multitudo
1918 4147 2049 4216 ejus,
2078 4169 2092 4200 ι

520 4246 578 4290 ιιι
620 4236 890 4304 quomodo
931 4249 1092 4304 supra
1122 4234 1374 4305 Assyrius
1402 4236 1654 4292 concisus
1688 4247 1772 4292 est
1792 4247 1847 4293 et
1872 4240 2097 4303 corruit,

521 4326 597 4379 sic
624 4333 677 4378 et
699 4322 986 4394 ASgyptius
1016 4325 1329 4378 subruatur.

1069 4434 1297 4492 CAPUT
1339 4435 1549 4490 XXXII.

524 4523 777 4596 Planctus
807 4541 963 4592 super
996 4522 1360 4591 Pharaonem,
1402 4530 1491 4596 qui
1518 4532 1757 4581 tradetur
1785 4534 2098 4587 occidendus

2202 2068 2220 2100 ι
2266 2046 2478 2119 bylonis
2518 2044 2700 2101 veniet
2747 2044 2870 2110 tibi,
2913 2044 2968 2098 in
3024 2043 3217 2115 gladiis
3265 2041 3485 2101 fortium
3523 2041 3787 2112 dejiciam

2202 2158 2219 2189 ι
2269 2131 2667 2191 multitudinem
2699 2144 2869 2190 tuam.
2893 2133 3349 2206 Inexpugnabiles
3376 2142 3566 2205 gentes
3598 2149 3803 2188 euntes

2202 2253 2219 2284 ι
2266 2232 2369 2287 lue.
2412 2230 2480 2286 Et
2507 2231 2797 2286 vastabant
2821 2226 3134 2299 superbiam
3153 2224 3393 2297 Egypti.
3420 2232 3477 2280 et
3500 2222 3800 2294 dissipabi—

2203 2343 2220 2374 ι
2269 2332 2355 2378 tur
2384 2323 2673 2379 multitudo
2702 2322 2841 2390 ejus.
2873 2320 2942 2375 Et
2967 2319 3190 2390 perdam
3210 2316 3389 2372 omnia
3408 2315 3655 2385 jumenta
3668 2314 3797 2384 ejus

2204 2433 2222 2465 ι
2262 2429 2383 2483 qua:
2413 2421 2759 2483 eruntsuper
2782 2424 2954 2481 aquas
3005 2408 3285 2479 plurimas,
3314 2415 3367 2461 et
3414 2422 3518 2461 non
3568 2415 3799 2460 contur-

2204 2524 2223 2555 «
2268 2504 2417 2561 habit
2444 2518 2539 2559 eas
2566 2517 2663 2573 pes
2688 2500 2924 2557 hominis
2951 2500 3112 2565 ultra,
3137 2512 3313 2569 neque
3346 2496 3547 2569 ungula
3569 2496 3796 2565 jumen-

2205 2615 2222 2646 ι
2266 2603 2446 2648 torum
2468 2590 2710 2647 turbabit
2722 2604 2833 2645 eas.
2859 2589 3012 2643 Tunc
3031 2587 3350 2659 purissimas
3370 2588 3591 2643 reddam
3616 2604 3798 2659 aquas

2206 2704 2225 2737 ι
2271 2699 2460 2741 eorum
2505 2693 2561 2740 et
2609 2682 2829 2737 ﬂumina
2862 2697 3079 2747 eorum,
3111 2680 3265 2750 quasi
3290 2680 3469 2736 oleum
3500 2680 3797 2745 adducam,

2207 2798 2224 2829 ι
2263 2778 2339 2833 ait
2367 2775 2627 2833 Dominus
2655 2776 2818 2839 Deus,
2844 2790 2967 2830 eum
2997 2774 3198 2829 dedero
3228 2782 3427 2827 terram
3452 2770 3680 2843 ASgypti
3703 2773 3800 2826 de-

2206 2894 2225 2923 ι
2271 2871 2519 2927 solutam.
2568 2869 2862 2925 Deseretnr
2885 2876 3062 2922 autent
3093 2875 3241 2921 terra
3270 2882 3298 2919 a
3330 2865 3667 2935 plenitudine
3698 2880 3797 2919 sua

2208 2984 2223 3014 ι
2270 2964 2483 3032 quando
2538 2974 2860 3031 percussero
2901 2974 3092 3014 omnes
3140 2957 3474 3013 habitatores
3529 2955 3648 3025 ejus
3676 2996 3693 3021 ,
3746 2964 3801 3012 et

2207 3075 2225 3105 ι
2274 3054 2446 3113 scient
2498 3053 2625 3124 quia
2664 3066 2765 3121 ego
2812 3065 2933 3107 sum
2979 3049 3258 3117 Dominus.
3314 3046 3569 3101 Planctus
3611 3054 3705 3100 est
3744 3055 3803 3100 et

2207 3168 2223 3199 ι
2272 3146 2529 3215 plangent
2564 3157 2687 3197 eum
2720 3141 2843 3199 lilia:
2892 3139 3134 3210 gentium
3183 3151 3344 3205 super
3392 3134 3693 3206 Egyptum
3746 3146 3803 3189 et

2208 3256 2224 3286 ι
2273 3250 2434 3304 super
2471 3231 2868 3287 multitudinem
2899 3229 3019 3297 ejus
3045 3226 3298 3300 plangeut
3331 3241 3479 3289 eum,
3506 3226 3583 3279 ait
3609 3226 3799 3280 Domi-

2208 3347 2224 3377 ι
2277 3341 2376 3379 nus
2408 3324 2567 3387 Dens,
2596 3330 2700 3376 etc.
2728 3318 2997 3393 (Πὶενοη.)
3032 3320 3091 3373 ln
3111 3318 3293 3374 multis
3314 3327 3495 3372 autem
3518 3316 3800 3389 exempla:

2204 3414 2523 3483 ribnsjttx'ta
2548 3413 2905 3484 Septuaginta
2938 3412 3287 3467 duodecimus
3308 3426 3488 3466 annus
3506 3418 3563 3466 et
3588 3411 3803 3467 mensis

2200 3504 2443 3559 decimus
2481 3504 2718 3573 ponitur.
2758 3500 2922 3556 Juxta
2967 3510 3198 3557 cretei-os
3245 3509 3426 3555 autem
3470 3501 3802 3570 interpretes

2201 3596 2444 3649 decimus
2473 3608 2671 3657 annus,
2704 3601 2758 3648 et
2789 3592 3143 3647 duodecim‘us
3192 3590 3412 3654 mensis,
3447 3598 3508 3645 ut
3551 3590 3634 3645 vel
3683 3589 3801 3661 jam

2201 3696 2355 3756 capta
2383 3688 2453 3741 sit
2480 3684 2815 3745 Hierusalem
2832 3692 2889 3737 et
2906 3684 3159 3754 gaudium
3184 3682 3485 3738 Pharaonis
3510 3682 3669 3737 malis
3693 3683 3798 3739 sibi

2202 3776 2609 3831 imminentibus
2639 3774 2939 3829 auferatur.
2970 3773 3066 3828 Vel
3090 3782 3237 3829 certe
3278 3773 3538 3843 capienda
3568 3782 3621 3827 et
3683 3775 3801 3829 suis

2202 3869 2413 3940 magnis
2464 3868 2701 3923 miseriis
2742 3866 2945 3931 doleat,
2986 3880 3147 3935 quam
3196 3864 3425 3920 aliorum
3476 3865 3801 3935 captivitate

2202 3958 2428 4012 iretetur.
2462 3956 2530 4010 Et
2555 3954 2771 4009 inierint
2800 3954 3041 4009 breviter
3061 3954 3307 4024 qumdam
3334 3953 3573 4008 historia:
3593 3953 3797 4008 funda-

2202 4057 2380 4103 menta
2407 4048 2672 4119 jaeientes
2709 4045 2839 4116 quid
2883 4045 3095 4101 Hebraei
3131 4060 3295 4114 super
3324 4045 3426 4100 hoc.
3470 4044 3589 4097 loco
3631 4044 3795 4098 intel-

2204 4142 2367 4210 ligant
2396 4153 2795 4210 perenrrmnus.
2830 4136 2994 4191 Leoni
3030 4146 3381 4207 comparatur
3423 4134 3661 4197 Pharao,
3689 4151 3797 4188 non

2202 4232 2361 4286 unius
2382 4231 2577 4301 gentis,
2609 4231 2703 4284 sed
2737 4229 3027 4283 multarum
3054 4228 3316 4297 gentium,
3349 4227 3463 4281 sive
3492 4226 3721 4281 draconi
3744 4227 3797 4279 in

2204 4322 2338 4375 mari
2368 4330 2426 4375 ut
2460 4330 2658 4373 terram
2688 4334 2965 4387 aquasque
2990 4317 3301 4388 possideat,
3340 4317 3430 4385 qui
3478 4317 3799 4385 irrigationc

2202 4410 2479 4464 ﬂuminum
2504 4408 2814 4476 erigebatur
2839 4408 2891 4461 in
2925 4406 3257 4475 superbiam,
3291 4422 3453 4474 quam
3483 4421 3651 4459 cornu
3698 4422 3796 4459 vo-

2202 4509 2308 4565 cat,
2337 4509 2395 4553 ut
2419 4498 2760 4553 multitudine
2794 4498 3065 4551 exercitus
3095 4497 3175 4551 sui
3210 4512 3399 4553 omnes
3414 4514 3583 4567 aquas
3610 4507 3795 4551 trans-

594 4586 1032 4680 quinc/to‘nosor,
1056 4586 1423 4680 describuntur
1436 4600 1668 4667 gigantes
1682 4617 1771 4668 per
1789 4618 1959 4655 mures
1982 4586 2096 4655 cuth

2206 4592 2319 4643 iens
2345 4598 2555 4658 poterat
2602 4588 2946 4641 conturbare.
2982 4586 3186 4641 Idcirco
3212 4588 3519 4656 expandere
3557 4603 3615 4640 se
3663 4588 3793 4641 dicit

591 4665 778 4732 quibus
801 4665 868 4716 ad
894 4666 1154 4731 infernum
1176 4665 1510 4721 descendunt}

602 4799 619 4831 ‹
668 4781 732 4833 Et
758 4780 957 4833 factum
988 4789 1069 4835 est
1092 4782 1407 4838 duodecimo
1425 4801 1583 4851 anno,
1611 4787 1663 4839 in
1696 4802 1881 4842 mense
1905 4789 2105 4843 duode-

532 4896 548 4925 ι
594 4873 735 4928 eimo
766 4874 912 4945 (sive
942 4875 1173 4943 decimo)
1208 4875 1260 4927 in
1292 4892 1397 4929 una
1431 4877 1518 4932 die
1546 4881 1768 4941 mensis,
1800 4877 1997 4933 factum
2021 4890 2103 4934 est

532 4984 547 5015 ι
596 4963 818 5018 verbum
858 4964 1065 5018 Domini
1090 4966 1155 5019 ad
1195 4982 1279 5020 me
1306 4967 1489 5022 dicens
1520 4986 1531 5022 :
1566 4969 1667 5023 Fili
1705 4952 1971 5034 hominis,
2011 4988 2100 5026 as-

532 5074 549 5102 ι
600 5070 750 5107 smne
779 5053 1069 5108 intuentum
1099 5071 1261 5125 super
1286 5057 1619 5113 Pharaonem
1648 5078 1827 5131 regem
1860 5062 2100 5133 {Egypth

537 5168 553 5198 ι
596 5157 652 5202 et
684 5147 829 5201 dices
854 5147 920 5200 ad
956 5163 1097 5202 eum.
1139 5150 1302 5203 Leoni
1334 5152 1575 5220 gentium
1602 5154 1931 5209 assimilatus
1963 5174 2021 5209 es
2051 5164 2106 5209 et

533 5254 550 5285 ι
600 5236 842 5299 draconi,
884 5238 973 5305 qui
1007 5246 1089 5291 est
1135 5239 1186 5291 in
1216 5240 1370 5292 mari.
1417 5240 1481 5292 Et
1522 5244 1823 5299 ventilahas
1854 5260 2018 5299 cornu
2052 5246 2101 5299 in

534 5346 552 5377 ι
601 5326 906 5381 lluruinibus
960 5328 1099 5393 tnis,
1156 5338 1210 5382 et
1254 5332 1615 5387 rmnturhabas
1669 5348 1834 5400 aquas
1880 5335 2105 5403 pedibus

535 5437 551 5465 ι
601 5418 728 5480 tuis,
749 5428 802 5470 et
823 5419 1173 5475 eoneulcahas
1196 5423 1411 5475 llnmina
1438 5438 1645 5477 earum.
1677 5424 1964 5493 Propterea
1990 5428 2104 5480 hare

538 5526 554 5558 ι
601 5509 731 5562 dicit
745 5508 1001 5567 Dominus
1021 5511 1189 5566 Deus:
1213 5514 1286 5567 Ex
1295 5515 1525 5584 pandam
1544 5529 1703 5585 super
1720 5526 1771 5570 te
1795 5527 1907 5571 rete
1924 5534 2102 5572 meum

537 5618 552 5647 ι
600 5599 651 5652 in
678 5598 1014 5655 multitudine
1049 5604 1364 5673 populorum
1392 5606 1704 5671 multorum,
1734 5616 1786 5661 et
1816 5607 2101 5661 extraham

538 5713 553 5741 ι
603 5701 652 5746 te
683 5697 735 5746 in
762 5709 960 5764 sagena
1001 5711 1117 5749 mea
1144 5736 1158 5761 ,
1189 5706 1244 5751 et
1272 5696 1549 5766 projiciam
1590 5699 1641 5752 in
1678 5709 1898 5753 terram.
1931 5698 2103 5770 Super

538 5801 554 5831 ι
606 5784 794 5839 faciem
833 5787 943 5857 agri
972 5786 1219 5853 abjiciam
1253 5798 1333 5852 te,
1364 5798 1418 5842 et
1449 5789 1691 5843 habitare
1722 5790 1915 5844 faciam
1944 5806 2106 5858 super

540 5888 555 5921 ί
602 5886 649 5927 lC
688 5872 863 5929 muniri
896 5878 1133 5930 Vttlaliiin
1173 5880 1307 5941 ru'ii,
1345 5890 1391 5930 t‘i
1433 5882 1684 5931 sulttrahn
1725 5883 1788 5932 ιξυ
1826 5892 1871 5933 le
1906 5884 2103 5934 hostias

2208 4694 2320 4735 rete
2340 4696 2494 4735 suum
2516 4695 2676 4748 super
2699 4677 3095 4735 multitudinem
3120 4677 3254 4745 ejus,
3273 4686 3327 4731 et
3352 4678 3642 4732 extrahere
3671 4695 3795 4732 eum

2207 4786 2402 4841 sagena
2419 4785 2511 4826 sua
2531 4769 2607 4823 vel
2635 4769 2812 4831 hamo,
2840 4777 2893 4821 et
2909 4765 3307 4838 projiceresive
3337 4767 3631 4821 extendere
3670 4783 3795 4820 eum

2209 4875 2371 4930 super
2411 4870 2607 4914 terram
2627 4901 2641 4924 ,
2674 4861 2763 4929 qui
2787 4859 2939 4928 quasi
2968 4857 3189 4913 coluber
3230 4857 3411 4911 multis
3437 4857 3595 4927 spiris
3620 4856 3799 4913 fuenst

2212 4951 2483 5004 involutus
2530 4959 2588 5003 ut
2633 4966 2661 5002 a
2717 4950 2928 5004 cunctis
2961 4948 3084 5013 coeli
3132 4948 3440 5003 volatilibus
3478 4949 3791 5003 devoretur.

2212 5043 2449 5107 (Ianique
2476 5056 2578 5094 non
2610 5039 2781 5093 solum
2821 5053 2969 5101 aves,
3013 5038 3107 5092 sed
3151 5052 3339 5091 omnes
3393 5036 3577 5091 bestia
3635 5044 3795 5091 terra:

2207 5149 2329 5186 eum
2363 5132 2755 5193 laceraverint,
2795 5130 3015 5198 reliquae
3068 5144 3260 5183 carnes
3308 5129 3425 5198 ejus
3471 5135 3689 5182 montes
3741 5136 3795 5180 et

2212 5226 2377 5279 valles
2424 5239 2748 5291 camposque
2791 5221 3155 5291 complebunt,
3185 5222 3258 5275 ita
3289 5228 3345 5274 ut
3370 5228 3562 5274 cuncta
3587 5220 3791 5273 vermi-

2208 5320 2309 5372 bus
2330 5324 2588 5371 scateant.
2618 5315 2743 5370 lltec
2779 5324 2955 5369 autem
2984 5315 3217 5383 loquitur
3256 5330 3352 5383 per
3392 5314 3792 5383 metaphoram.

2212 5418 2269 5463 ut
2300 5419 2581 5477 postquam
2610 5406 2847 5461 volatilia
2884 5406 3006 5459 θοῖιὶ
3036 5415 3092 5459 et
3139 5405 3325 5459 bestiae
3375 5405 3634 5458 carnibus
3679 5405 3795 5473 ejus

2211 5499 2414 5553 fuerint
2437 5505 2711 5560 saturatm,
2741 5495 2792 5549 id
2814 5495 3179 5549 estexercitns
3202 5502 3255 5549 et
3276 5494 3528 5547 universa
3548 5495 3795 5547 multitu-

2212 5591 2302 5655 do,
2328 5589 2533 5658 reliqua
2572 5604 2696 5658 pars
2726 5590 2779 5642 in
2809 5603 3022 5643 vermes
3068 5598 3121 5640 et
3166 5587 3372 5643 saniem
3420 5596 3791 5641 convertatur.

2213 5683 2382 5742 Tunc,
2427 5682 2620 5751 inquit,
2649 5681 2769 5736 coeli
2803 5680 3038 5734 tenebris
3066 5678 3441 5741 obvolventur,
3470 5675 3549 5731 sol
3583 5687 3641 5730 et
3672 5677 3791 5730 luna

2213 5782 2483 5827 etcmtera
2511 5771 2794 5824 luminaria
2833 5784 2939 5823 non
2986 5768 3187 5821 dabunt
3236 5766 3416 5820 lumen
3465 5780 3659 5829 suum,
3704 5766 3793 5818 sed

2214 5880 2375 5933 super
2407 5874 2456 5917 te
2487 5870 2677 5917 cuncta
2713 5861 3034 5930 nigrescent,
3064 5859 3303 5927 nihilque
3331 5855 3641 5912 tihi‘ltctum
3671 5858 3789 5911 erit.
