3936 6352
225 390 324 449 εειι

1171 389 1522 447 COMMENT.
1565 390 1630 444 IN
1670 390 2121 447 EZECHIELEM.
2162 422 2231 433 ——-
2270 392 2396 447 LIB.
2434 391 2541 449 XII.

3387 392 3494 449 823‘.

227 506 297 563 Et
318 505 383 559 ad
409 514 557 559 tuum
589 502 868 557 interitum
896 516 1085 557 omnes
1106 500 1284 571 populi
1326 509 1383 556 et
1430 500 1609 555 cuncti
1653 516 1808 572 reges
1836 509 1885 570 Α
1914 503 1997 558 sui
2022 502 2269 558 ordinem
2290 501 2660 573 perdiderunt.
2690 500 2877 573 Neque
2899 502 3048 558 enim
3072 510 3295 559 utuntur
3312 504 3494 561 haere-

225 615 415 656 eorum
472 600 697 653 horrore
744 596 910 649 nimio
953 593 1359 659 formidabunt,
1411 593 1813 663 conspicientes

226 690 469 760 gladium
502 702 679 741 meum
706 685 813 741 huc
839 684 1071 754 illucque
1115 682 1361 749 volitare,
1407 692 1462 739 et
1506 682 1637 737 nulli
1688 698 1813 753 par-

226 793 376 841 cere,
394 785 451 831 et
470 777 524 830 in
544 784 634 829 tua
654 774 808 829 ruina
830 773 1040 828 ruinam
1063 771 1296 827 similem
1316 771 1715 841 pertimescent.
1743 768 1813 824 Ut

229 874 414 922 autem
440 866 582 921 scias
608 865 698 934 qui
747 864 850 919 iste
888 864 960 919 sit
1004 862 1242 933 gladius,
1273 861 1395 917 audi
1427 862 1765 915 manifestius
1796 880 1805 913 ε

233 973 256 1008 ι
298 955 508 1028 gladius
537 955 678 1026 regis
702 952 992 1024 Babylonis
1018 952 1197 1006 veniet
1224 950 1318 1006 tibi
1344 968 1357 1004 :
1387 951 1441 1005 in
1478 950 1673 1022 gladiis
1702 948 1812 1003 for-

224 1048 389 1113 tium,
429 1066 448 1100 ι
482 1046 597 1101 sive
647 1046 944 1117 gigantum,
978 1061 996 1095 ‹
1034 1042 1284 1113 dejiciam
1323 1055 1541 1097 omnem
1571 1038 1812 1094 multitu-

226 1136 409 1195 dinem
438 1145 622 1191 tuam:
664 1155 683 1186 ι
717 1135 809 1206 qui
840 1135 1084 1207 gigantes
1136 1130 1581 1203 inexpugnabiles
1625 1138 1812 1201 gentes

221 1238 375 1294 sunt,
396 1244 517 1298 quae
544 1227 823 1299 Babylonii
853 1228 995 1298 regis
1024 1227 1345 1283 tenebantur
1365 1223 1630 1280 exercitu.
1664 1242 1682 1275 ι
1718 1224 1809 1278 Isti

221 1321 539 1385 vastabunt,
568 1320 682 1375 sive
713 1318 1026 1389 disperdent
1064 1316 1371 1387 superbiam
1423 1314 1669 1385 Egypti,
1702 1333 1719 1365 ι
1755 1322 1811 1369 et

220 1428 443 1468 omnem
466 1410 863 1467 multitudinem
892 1409 1028 1481 ejus,
1054 1410 1297 1480 nihilque
1336 1408 1390 1462 in
1438 1407 1671 1479 Egypto
1719 1421 1808 1462 re-

220 1505 488 1569 manebit,
514 1504 607 1559 sed
640 1518 762 1558 cum
808 1502 1116 1557 hominibus
1165 1508 1220 1556 et
1254 1499 1499 1569 jumenta
1545 1501 1810 1569 brutaque

218 1595 483 1651 animalia
510 1595 716 1665 pariter
739 1592 1070 1651 aufesentur.
1121 1592 1188 1646 Et
1234 1599 1384 1646 tanta
1427 1590 1535 1645 erit
1580 1590 1809 1645 solitudo

218 1689 278 1742 in
302 1686 559 1759 Egypto,
576 1696 635 1742 ut
656 1702 755 1743 nec
782 1685 915 1756 pede
939 1684 1196 1750 hominis,
1212 1699 1311 1740 nec
1333 1683 1531 1755 ungula
1553 1682 1806 1754 jumenti,

216 1794 383 1849 aqua:
410 1779 551 1832 illius
585 1777 992 1842 conturbentur,
1019 1777 1111 1831 sed
1152 1775 1335 1847 quieta
1375 1776 1485 1832 sint
1523 1775 1728 1843 omnia,
1750 1784 1805 1831 et

1918 597 2010 654 tici
2036 595 2360 653 testimoniis
2391 595 2792 666 Seripturarum
2819 598 2922 654 sibi
2945 598 3341 655 coherentibus
3358 640 3373 665 ,
3396 602 3495 655 sed

1915 689 2240 745 conturbant
2264 686 2465 744 omnia.
2490 686 2558 742 Et
2575 688 2699 758 quia
2729 688 2844 759 ipse
2866 697 2950 744 est
2980 689 3232 747 inimicus
3252 699 3313 746 et
3328 690 3501 751 ultor.

1915 796 2020 836 non
2048 780 2220 837 solum
2244 795 2412 852 aquas
2446 782 2652 837 alienas
2679 782 2844 838 draco
2872 781 3157 855 Egyptius
3202 783 3497 840 conturbat

1913 873 2137 943 pedibus
2158 874 2306 941 suis,
2330 876 2424 931 sed
2454 875 2737 931 concaleat
2772 873 2993 931 ﬂumina
3038 891 3158 943 sua,
3186 890 3256 931 ne
3304 884 3505 945 parcat

1913 966 1995 1021 eis
2020 980 2155 1037 quos
2182 966 2349 1022 semel
2378 967 2431 1022 in
2461 982 2615 1022 suam
2638 965 2902 1037 redegerit
2950 974 3295 1037 potestatem.
3337 964 3494 1033 Quod

1913 1055 2157 1113 devitarc
2178 1056 2401 1127 cupiens
2418 1055 2597 1125 justus
2617 1064 2874 1127 precatur
2906 1073 2917 1109 :
2958 1072 2978 1106 ο
3008 1054 3124 1111 Non
3149 1055 3335 1110 veniat
3357 1054 3497 1109 mihi

1911 1161 2009 1216 pes
2042 1146 2309 1217 superbia:
2333 1144 2507 1219 (Ρωι.
2543 1144 2728 1217 xxxv).
2763 1164 2781 1198 ι
2812 1144 2880 1200 Et
2916 1144 2969 1199 in
2999 1143 3105 1200 alio
3128 1144 3246 1200 loco
3270 1143 3491 1200 concul-

1913 1244 2066 1290 catus
2096 1234 2234 1305 petit
2258 1249 2330 1291 ne
2358 1236 2553 1290 iterum
2591 1233 2961 1300 conculcetur,
2998 1252 3017 1286 ‹
3054 1231 3309 1289 Miserere
3361 1233 3490 1297 mei,

1910 1326 2156 1391 Domine,
2182 1325 2438 1397 quoniam
2462 1324 2800 1381 conculcavit
2830 1339 2917 1380 me
2941 1324 3104 1379 homo
3132 1322 3301 1396 (Psal.
3332 1322 3443 1393 ιν).
3466 1342 3484 1372 ι

1909 1416 2164 1470 Inimicus
2188 1423 2369 1471 autem
2394 1416 2555 1470 homo
2575 1414 2819 1470 diabolus
2855 1422 2957 1469 est.
3019 1414 3097 1468 De
3128 1428 3233 1482 quo
3257 1421 3310 1467 et
3355 1412 3493 1468 alter

1909 1506 2149 1576 psalmus
2200 1505 2458 1576 loquitur,
2494 1525 2513 1556 «
2544 1513 2603 1559 ut
2636 1520 2743 1560 non
2766 1502 3141 1574 magniﬂeetur
3163 1502 3305 1557 ultra
3326 1503 3490 1559 homo

1910 1613 2071 1667 super
2118 1605 2318 1653 terram
2368 1596 2541 1670 (Psal.
2572 1597 2682 1655 ix).
2721 1615 2741 1649 ›
2784 1596 3076 1667 Propterea
3133 1616 3151 1647 ‹
3208 1599 3323 1653 hmo
3365 1598 3495 1653 dicit

1909 1689 2167 1745 Dominus
2200 1688 2346 1744 Deus
2394 1706 2407 1742 :
2460 1688 2774 1758 Expandam
2829 1703 2991 1758 super
3042 1695 3094 1743 te
3138 1697 3254 1743 rete
3308 1704 3486 1743 meum

1910 1780 1966 1833 in
1996 1778 2335 1834 nmltitudine
2358 1778 2675 1849 populorum
2714 1779 3024 1836 multorum.
3060 1799 3077 1833 ι
3122 1779 3255 1836 Rete
3278 1778 3491 1836 Domini

215 1887 375 1941 aqum
404 1869 682 1926 ﬂuminum
721 1867 837 1938 ejus
888 1869 1045 1939 quasi
1080 1868 1256 1923 oleum
1300 1866 1469 1923 ﬂuant
1498 1868 1805 1939 purissimae
1834 1863 1881 1922 Β
1908 1869 2122 1927 Veteris
2145 1878 2200 1927 et
2225 1869 2358 1928 Novi
2387 1871 2717 1928 Testamemi
2747 1873 2955 1928 ratione
2980 1881 3289 1929 contextum
3324 1874 3495 1929 mitti-

215 1980 287 2017 ac
314 1963 563 2022 nitentes,
598 1960 746 2015 nullo
795 1975 892 2030 per
939 1974 1033 2015 eas
1083 1968 1419 2026 transeunte,
1468 1974 1570 2015 nec
1619 1974 1809 2015 earum

214 2054 421 2108 ﬂuenta
460 2054 729 2108 turbante.
775 2052 888 2107 Hoc
919 2060 1100 2107 autem
1128 2060 1349 2122 propter
1377 2051 1596 2122 [Egypti
1622 2050 1811 2107 solitu-

228 2144 423 2206 1inem,
446 2156 565 2212 qua:
592 2142 865 2213 redigetur
890 2142 943 2196 in
980 2143 1252 2197 desertum
1275 2182 1289 2206 ,
1323 2140 1391 2196 ab
1430 2142 1578 2196 omni
1630 2142 1810 2196 multi-

213 2235 407 2289 tudine
430 2251 547 2300 sua,
579 2234 795 2304 quando
833 2234 1167 2289 habitatores
1214 2230 1331 2301 ejus
1381 2232 1639 2287 Dominus
1685 2246 1808 2301 per-

210 2327 476 2392 cusserit,
508 2336 567 2381 ut
595 2325 919 2396 intelligant,
956 2326 1047 2394 qui
1080 2326 1474 2391 remanserint,
1499 2323 1643 2393 quod
1692 2324 1807 2393 ipse

211 2420 290 2473 sit
318 2417 596 2473 Dominus.
622 2417 825 2472 Idcirco
846 2416 1093 2485 planctus
1120 2422 1204 2469 est
1232 2413 1529 2469 Pharaonis
1544 2454 1559 2477 ,
1582 2422 1637 2468 et
1657 2411 1808 2482 plan-

209 2521 347 2582 gent
370 2526 491 2566 eum
520 2509 644 2565 lilia:
670 2509 910 2581 gentium
940 2509 993 2563 in
1020 2509 1273 2574 circuitu,
1292 2522 1397 2562 non
1426 2506 1601 2562 solum
1621 2513 1806 2559 autem

210 2619 381 2673 super
407 2603 517 2667 illo,
547 2604 641 2657 sed
669 2612 723 2658 et
753 2617 916 2672 super
942 2599 1289 2655 multitudine
1335 2598 1485 2668 ejus,
1526 2613 1646 2668 qua:
1700 2598 1806 2653 Do-

210 2695 367 2748 mino
393 2701 639 2748 vastante
673 2692 847 2747 deleta
876 2700 976 2748 est.
1018 2690 1145 2745 Hcce
1180 2704 1344 2760 super
1370 2688 1600 2759 simplici
1628 2688 1804 2742 littera

208 2787 418 2841 cursim
466 2785 667 2839 dixisse
701 2782 947 2838 suﬂiciat.
983 2781 1278 2837 Veniamus
1302 2780 1369 2835 ad
1395 2778 1805 2850 intelligentiam

209 2878 535 2947 spiritalem.
574 2876 684 2932 Nec
711 2884 839 2945 puto
890 2890 1213 2945 magnopere
1252 2872 1608 2928 laborandum
1647 2884 1805 2925 nosse

209 2968 307 3035 qui
364 2968 433 3021 sit
485 2966 697 3020 Pharao
755 2980 849 3019 rex
902 2963 1162 3035 ngypti,
1219 2978 1341 3018 cum
1390 2976 1552 3033 supra
1591 2959 1807 3029 plenius

206 3058 536 3123 dixerimus,
576 3072 694 3112 eam
750 3054 1000 3110 videlicet
1041 3062 1360 3124 potestatem
1401 3052 1493 3109 cui
1542 3049 1808 3122 Egyptus

207 3150 445 3213 credita,
465 3146 546 3203 vel
568 3163 672 3202 una
695 3146 993 3218 provincia,
1011 3144 1093 3200 vel
1115 3143 1382 3216 [Egyptus
1409 3141 1575 3198 totius
1595 3140 1804 3205 mundi,

1914 1974 2001 2020 tur
2024 1980 2188 2036 super
2220 1966 2532 2032 draconem,
2560 1965 2653 2035 qui
2683 1965 2890 2021 habitat
2914 1966 2969 2020 in
2999 1964 3315 2035 populorum
3361 1965 3497 2020 mul—

1912 2055 2158 2119 titudine,
2187 2062 2244 2110 et
2268 2070 2483 2126 semper
2518 2054 2691 2110 turbis
2728 2063 2784 2109 et
2804 2055 3150 2111 multitudine
3170 2054 3488 2110 delectatur.

1912 2146 1981 2200 Ut
2005 2146 2257 2199 extrahat
2283 2160 2405 2199 eum
2438 2146 2492 2199 in
2518 2159 2715 2214 sagena
2757 2160 2850 2198 sua
2873 2185 2887 2209 ,
2914 2144 3027 2200 sive
3070 2145 3125 2199 in
3164 2144 3325 2200 hamo
3370 2160 3488 2201 suo.

1908 2236 2012 2290 ista
2043 2244 2125 2290 est
2150 2250 2348 2304 sagena
2375 2233 2587 2306 (Matth.
2615 2235 2757 2307 xm),
2786 2252 2907 2305 qua:
2946 2235 2998 2290 in
3034 2250 3183 2291 mare
3210 2234 3369 2305 hujus
3392 2251 3489 2291 saa-

1907 2325 2014 2381 cull
2042 2326 2292 2392 mittitur,
2316 2335 2373 2379 ut
2403 2324 2651 2383 extrahat
2667 2325 2842 2395 pisces
2866 2324 3063 2380 multos
3080 2365 3095 2391 ,
3126 2324 3262 2381 alios
3288 2324 3490 2397 eligen-

1908 2417 2026 2482 dos,
2048 2424 2105 2471 et
2130 2417 2266 2474 alios
2291 2416 2637 2485 abjicicndos.
2703 2413 2828 2472 Sive
2863 2416 2964 2471 iste
2992 2414 3185 2471 hamus
3215 2417 3281 2471 de
3305 2415 3491 2485 quoin

1905 2510 2005 2567 Job
2045 2511 2307 2582 scriptum
2339 2518 2467 2567 est:
2509 2528 2529 2562 ι
2556 2510 2841 2566 Adducens
2884 2518 3064 2565 autem
3106 2510 3396 2564 draconem
3435 2508 3493 2563 in

1907 2606 2091 2669 hamo,
2135 2614 2190 2660 et
2228 2604 2589 2661 circumdabis
2634 2604 2932 2674 capistrum
2981 2603 3125 2659 circa
3167 2617 3327 2657 nares
3371 2601 3491 2670 eius

1907 2697 2051 2770 (Job.
2077 2696 2186 2767 χι).
2210 2716 2229 2748 ι
2255 2694 2362 2751 Pro
2390 2711 2496 2765 quo
2525 2695 2909 2766 interpretatus
2937 2701 3021 2749 est
3050 2692 3239 2762 Aquila
3270 2709 3284 2745 :
3326 2709 3345 2742 ι
3378 2690 3491 2747 Ex-

1908 2787 2094 2843 trahes
2133 2786 2422 2842 Leviathan
2456 2785 2508 2841 in
2537 2787 2699 2842 hamo
2717 2786 2737 2851 ,“
2755 2795 2811 2841 et
2840 2784 3054 2840 funibus
3081 2781 3352 2855 colligabis
3392 2782 3487 2839 lin-

1906 2894 2066 2948 guam
2087 2876 2253 2946 ejus.»
2288 2877 2604 2932 Extrahitur
2640 2886 2817 2931 autem
2854 2878 3015 2932 draco
3047 2875 3159 2931 sive
3189 2874 3483 2929 Leviathan

1907 2969 1973 3025 de
2000 2969 2133 3023 mari
2163 2969 2323 3022 hamo
2345 2967 2428 3022 vel
2460 2981 2653 3037 sagena
2668 2966 2904 3031 Domini,
2930 2974 2987 3019 ut
3009 2964 3340 3035 projiciatur,
3369 2966 3482 3020 sive

1908 3063 2231 3117 extendatur
2282 3074 2440 3131 super
2482 3068 2707 3124 terram,
2737 3066 2793 3113 et
2832 3072 3022 3113 omnes
3046 3058 3205 3127 spira:
3229 3055 3346 3125 ejus
3374 3059 3490 3126 qui-

1908 3152 2009 3206 bus
2036 3166 2161 3206 suas
2192 3150 2412 3206 insidias
2443 3150 2747 3206 occultabat
2772 3148 3102 3219 aperiantur,
3131 3157 3184 3204 et
3212 3150 3489 3218 proferan-

208 3258 337 3311 qua:
363 3258 463 3297 non
493 3250 578 3296 est
604 3242 687 3296 leo
710 3240 921 3296 condita
940 3279 954 3303 ,
978 3238 1071 3293 sed
1096 3237 1315 3309 proprio
1341 3236 1473 3290 vitio
1507 3231 1806 3289 assimilata
1833 3220 1879 3284 C
1912 3249 2002 3297 ωι-
2034 3243 2088 3296 ίη
2110 3240 2401 3309 publicum,
2433 3247 2488 3296 ει
2514 3240 2569 3294 in
2596 3248 2739 3294 terra
2773 3239 3059 3309 abjiciamr
3084 3247 3139 3293 ει
3160 3239 3365 3309 jaceat,
3390 3256 3462 3310 qu

208 3335 358 3388 leoni
386 3335 621 3404 gentium
656 3350 670 3385 :
713 3350 731 3383 ι
770 3331 945 3386 llomo
985 3329 1127 3385 enim
1163 3342 1291 3383 cum
1321 3327 1373 3381 in
1406 3326 1611 3381 honore
1638 3331 1801 3388 esset,

208 3440 327 3479 non
356 3424 641 3489 intellexit,
665 3430 1012 3491 comparatus
1036 3429 1119 3477 est
1137 3418 1398 3489 jumentis
1429 3416 1807 3487 insipientibus

210 3523 274 3571 et
291 3514 483 3568 similis
508 3512 681 3567 factus
701 3520 784 3566 est
806 3510 911 3566 illis
935 3507 1105 3581 (Psal.
1126 3506 1333 3580 ηνιιι).
1372 3525 1388 3558 ι
1426 3506 1503 3560 De
1523 3506 1626 3559 hoc
1651 3504 1807 3558 leone

209 3615 273 3661 et
320 3604 511 3658 Petrus
554 3602 837 3673 loquitur:
877 3620 896 3652 ι
932 3598 1289 3655 Adversarius
1333 3604 1519 3651 noster
1542 3593 1805 3657 diabolus,

216 3696 373 3764 quasi
428 3695 509 3748 leo
556 3693 772 3764 rugiens
818 3692 1012 3747 circuit
1061 3689 1114 3758 (Ι
1144 3689 1288 3743 Patr.
1320 3687 1404 3759 v);
1444 3707 1461 3739 ›
1496 3695 1553 3742 et
1578 3686 1631 3740 in
1667 3699 1809 3741 nono

214 3785 429 3855 psalmo
460 3783 718 3849 scriptum
746 3789 829 3835 est
871 3796 885 3833 :
941 3798 958 3830 ο
1013 3778 1304 3832 lnsidiatur
1346 3777 1401 3831 in
1448 3774 1766 3829 abscondito
1792 3812 1806 3835 ,

215 3878 376 3944 quasi
407 3875 490 3927 leo
520 3875 571 3927 in
611 3872 867 3942 spelunca
895 3888 1016 3935 sua,
1040 3868 1327 3925 insidiatur
1372 3878 1432 3922 ut
1474 3868 1649 3937 rapiat
1677 3881 1810 3936 pau-

218 3979 424 4035 perem.
469 3982 485 4013 ›
522 3963 588 4015 Ει
616 3959 877 4015 Jeretnias
908 3958 1113 4029 Spiritu
1156 3964 1342 4013 sancto
1371 3956 1448 4010 ait
1486 3973 1500 4009 :
1538 3974 1555 4005 ι
1605 3954 1714 4008 Leo
1746 3954 1811 4008 de

222 4059 361 4108 silva
403 4053 670 4122 percussit
692 4066 785 4105 eos
814 4050 1114 4122 (Jer.xn).i
1149 4049 1447 4105 Draconem
1481 4054 1663 4099 autem
1706 4044 1811 4099 dici

224 4146 518 4207 diabolum,
536 4159 635 4213 pro
655 4159 760 4214 quo
775 4143 965 4212 Aquila
994 4144 1376 4211 interpretatus
1398 4147 1482 4194 est
1497 4138 1809 4201 Leviathan,

225 4251 423 4289 nomen
454 4236 706 4289 draconis
729 4248 1025 4303 exponens,
1034 4232 1185 4301 juxta
1210 4231 1543 4301 superiorem
1564 4228 1815 4298 explana-

226 4327 429 4380 tionem
466 4324 649 4379 multis
683 4322 1003 4377 testimoniis
1038 4321 1222 4383 docui;
1250 4320 1341 4390 qui
1370 4320 1579 4373 dixerat
1606 4336 1617 4370 :
1649 4338 1665 4369 ‹
1698 4317 1812 4371 Mea

226 4424 353 4468 sunt
373 4414 681 4479 lluntina,et
703 4428 802 4482 ego
824 4412 921 4468 feci
949 4427 1028 4467 ea.
1057 4411 1198 4464 ilste
1222 4411 1385 4480 igitur
1406 4411 1569 4465 draco
1590 4408 1815 4462 ﬂumini—

230 4509 330 4561 bus
352 4507 482 4568 suis,
501 4505 653 4574 quasi
678 4504 930 4559 cornibus
953 4504 1243 4558 ventilabal
1264 4502 1523 4571 plurimas
1543 4501 1812 4562 nationes,

227 4612 349 4665 qua:
375 4610 536 4663 super
567 4594 853 4657 Marcione,
883 4593 1192 4653 Valentino,
1230 4592 1376 4651 Ario,
1427 4598 1482 4643 et
1526 4588 1808 4650 Eunomia,
1840 4570 1891 4629 D

228 4688 548 4757 exterisque
592 4686 864 4740 haereseon
908 4685 1237 4754 principibus
1284 4681 1579 4751 intelligere
1622 4696 1812 4748 possu-

230 4794 371 4839 mus,
406 4778 499 4847 qui
527 4777 807 4830 imitantur
834 4775 1229 4828 ecclesiasticos
1272 4774 1416 4825 viros
1460 4771 1700 4825 dicentes
1746 4769 1813 4821 ad

231 4868 512 4924 dominum
543 4866 875 4921 Salvatorem
908 4878 922 4916 :
956 4884 970 4913 ι
1004 4863 1060 4917 In
1092 4872 1143 4917 te
1174 4862 1421 4916 inimicos
1451 4868 1664 4914 nostros
1689 4873 1814 4910 ven—

234 4958 509 5018 tilabimus
534 4972 699 5013 cornu
730 4952 902 5027 (Psal.
928 4958 1103 5023 mu).
1128 4974 1145 5004 ι
1176 4953 1241 5006 Et
1284 4968 1391 5007 non
1440 4950 1698 5005 ventilant
1746 4948 1813 5001 ad

228 5051 487 5115 salutem,
515 5056 573 5103 ut
598 5048 665 5103 de
703 5056 847 5102 terra
900 5045 968 5099 ad
1014 5044 1211 5100 coelum
1258 5044 1457 5107 levent,
1499 5042 1592 5096 sed
1647 5051 1703 5094 ut
1761 5040 1813 5093 in

229 5142 559 5215 prolundum
600 5139 870 5207 abjiciant.
921 5137 1162 5205 Denique
1205 5135 1448 5203 sequitur
1486 5153 1497 5186 ;
1539 5153 1556 5183 ε
1596 5134 1657 5186 Ει
1688 5149 1815 5185 con-

235 5231 494 5289 turbabas
525 5244 692 5299 aquas
713 5228 937 5299 pedibus
958 5229 1082 5281 tuis.
1129 5245 1146 5276 ι
1176 5224 1334 5279 Juxta
1370 5224 1497 5278 illud
1526 5224 1764 5293 Apostoli
1800 5241 1809 5273 :

238 5343 258 5375 ι
322 5321 425 5389 Qui
478 5327 658 5374 autem
723 5319 1012 5374 conturbat
1072 5332 1209 5380 vos,
1264 5314 1500 5386 portabit
1554 5314 1813 5383 judicium

233 5412 383 5483 (Gal.
406 5412 495 5484 v);
526 5432 543 5464 ι
580 5410 696 5467 Non
723 5411 836 5465 vult
863 5410 1005 5465 enim
1054 5424 1222 5479 aquas
1271 5408 1414 5462 Siloe
1461 5408 1665 5469 bibere,
1697 5421 1816 5474 qua:

240 5503 445 5560 vadunt
460 5518 580 5558 cum
603 5502 834 5566 silentio,
857 5501 951 5556 sed
972 5515 1137 5570 aquas
1152 5498 1368 5569 .‘Egypti
1393 5497 1633 5551 turbidas
1657 5507 1817 5564 atque

238 5607 526 5659 cmnosas,
579 5609 698 5663 quae
745 5601 1035 5662 antequam
1093 5589 1315 5661 pedibus
1368 5589 1820 5644 conculcarentur

236 5684 517 5748 draconis,
543 5699 689 5755 parte
724 5691 900 5746 erant,
928 5691 983 5737 et
1020 5698 1115 5735 suo
1142 5680 1367 5735 ﬂuentes
1414 5681 1617 5735 ordine.
1668 5681 1817 5734 Pusi-

241 5792 407 5844 quant
432 5785 607 5829 autem
636 5773 862 5843 pedibus
895 5773 1035 5827 illius
1076 5773 1405 5827 conturbat-.2
1456 5783 1596 5835 sunt,
1629 5792 1813 5826 cum.

1908 3334 2105 3394 inloco
2132 3342 2385 3402 posuerat
2412 3346 2475 3387 os
2508 3346 2685 3395 suum,
2732 3339 2788 3385 et
2834 3346 2892 3386 se
2936 3330 3215 3385 Altissimo
3258 3330 3486 3385 similem

1908 3440 2027 3480 esse
2071 3424 2329 3493 iactabat.
2386 3423 2536 3478 Unde
2572 3422 2855 3491 sequitur:
2896 3440 2913 3472 ι
2951 3420 3017 3474 Et
3066 3420 3335 3486 habitare,
3379 3422 3493 3476 sive

1911 3516 2099 3569 sedere
2128 3513 2322 3568 faciam
2351 3527 2511 3582 super
2533 3522 2584 3566 te
2608 3513 2787 3566 omnia
2811 3510 3049 3566 volatilia
3080 3511 3223 3573 εαξη,
3254 3520 3310 3567 et
3345 3522 3495 3567 satu-

1910 3606 2042 3659 rabo
2073 3606 2137 3659 de
2162 3614 2213 3659 te
2246 3606 2443 3659 bestias
2471 3605 2730 3658 universa:
2755 3614 2929 3657 teme.
2972 3623 2989 3654 ι
3029 3602 3335 3658 Secundum
3360 3604 3490 3659 illud

1910 3696 2049 3762 quod
2113 3696 2367 3763 scriptum
2409 3704 2528 3749 est:
2558 3714 2575 3745 ι
2613 3694 2815 3747 Dedisti
2865 3709 2987 3748 eum
3046 3708 3229 3748 escam
3280 3694 3489 3765 populis

1912 3784 2223 3852 ᾹΞιΙιίοριιιη
2248 3782 2416 3853 (Psal.
2435 3784 2647 3855 cum).
2679 3803 2698 3835 ›
2726 3784 2828 3851 Qui
2858 3785 2941 3837 vel
2966 3784 3199 3838 volatilia
3228 3794 3492 3841 vocantur

1910 3877 1993 3929 vel
2022 3876 2206 3929 bestiae
2239 3884 2415 3930 terrae.
2447 3874 2715 3937 Volatilia,
2746 3889 2867 3944 qua:
2913 3884 3209 3930 sementem
3256 3884 3315 3930 ut
3354 3877 3493 3932 dixi-

1912 3982 2031 4020 mus
2052 3966 2205 4033 juxta
2234 3965 2373 4018 viam
2402 3964 2615 4034 rapiunt
2642 3982 2655 4017 :
2678 3964 2864 4019 bestiae
2887 3972 3044 4019 terra:
3066 3966 3209 4021 vitiis
3230 3968 3491 4031 ell'erataz,

1914 4060 2055 4127 quod
2086 4059 2153 4112 ad
2178 4059 2455 4112 lucreticos
2474 4064 2635 4125 atque
2657 4056 2880 4127 gentiles
2902 4056 3088 4112 referri
3115 4068 3308 4127 potest.
3339 4059 3491 4127 Quod

1914 4159 2093 4203 autem
2124 4148 2367 4217 sequitur
2399 4168 2413 4201 ;
2447 4168 2463 4199 ι
2501 4148 2566 4201 Et
2593 4146 2732 4202 dabo
2753 4164 2943 4203 carnes
2968 4157 3085 4202 tuas
3131 4165 3293 4218 super
3335 4165 3485 4204 mon-

1916 4248 2015 4301 tes,
2044 4248 2095 4293 et
2122 4238 2352 4307 implebo
2382 4239 2545 4293 colles
2582 4247 2701 4293 tuos
2728 4241 2877 4294 sanie
2922 4249 3012 4293 tua
3047 4260 3067 4292 θ
3100 4242 3213 4295 sive
3262 4242 3494 4310 implebo

1915 4332 2080 4384 valles
2125 4331 2383 4397 sanguine
2414 4340 2505 4385 tuo
2532 4348 2544 4383 :
2576 4331 2719 4385 hunc
2750 4332 2911 4385 habet
2941 4346 3180 4395 sensum,
3207 4342 3265 4385 ut
3298 4332 3490 4387 volati-

1915 4423 1986 4475 lia
2012 4421 2153 4483 cmli,
2179 4431 2233 4477 et
2262 4421 2461 4477 bestias
2497 4431 2652 4475 terrae
2679 4422 3025 4490 deceptorum
3070 4423 3292 4492 populos
3339 4423 3494 4478 intel-

1917 4513 2165 4583 ligamus,
2212 4512 2689 4579 crudelitatemque
2739 4512 3035 4582 gentilium.
3072 4512 3277 4568 Montes
3313 4523 3490 4568 autem

1918 4607 1983 4658 ad
2021 4606 2290 4675 principes
2318 4602 2615 4657 referamus
2645 4602 2943 4665 haereseon,
2964 4602 3139 4672 qualis
3171 4604 3270 4657 fuit
3300 4604 3494 4658 Valen-

1917 4698 2060 4750 tinus
2082 4705 2137 4749 et
2163 4695 2420 4759 Marcion,
2450 4695 2719 4763 collesque
2764 4708 3103 4748 successores
3153 4709 3336 4748 eorum
3358 4736 3372 4758 ,
3401 4697 3490 4763 qui

1918 4796 2230 4839 saturantur
2254 4786 2405 4839 sanie
2430 4785 2680 4840 draconis
2714 4802 2726 4839 :
2754 4785 2866 4839 sive
2899 4783 3084 4848 valles,
3112 4800 3231 4854 quae
3262 4785 3490 4855 implen—

1919 4885 2004 4927 tur
2041 4876 2291 4930 draconis
2334 4876 2623 4945 sanguiue,
2657 4874 2939 4929 inferiores
2980 4890 3221 4943 quosque
3270 4877 3485 4931 creden-

1921 4968 2071 5019 tium.
2106 4966 2210 5019 Aut
2244 4976 2389 5020 certe
2422 4975 2629 5020 montes
2651 4964 2987 5018 adversarias
3018 4972 3341 5033 potestates,
3373 4981 3493 5034 qua:

1924 5059 1975 5111 in
2006 5072 2129 5111 aere
2165 5058 2489 5117 discurrunt,
2508 5062 2562 5109 et
2594 5054 2779 5117 valles,
2804 5068 2921 5121 quae
2946 5052 3152 5107 inferna
3183 5061 3490 5121 penetrant,

1922 5159 1971 5201 et
2005 5148 2219 5202 :eternis
2254 5145 2525 5214 suppliciis
2570 5143 2885 5211 mancipata:
2935 5152 3075 5196 sunt.
3130 5142 3297 5196 Porro
3351 5144 3492 5210 quod

1924 5238 2118 5291 dicitur
2148 5250 2159 5287 :
2200 5255 2216 5284 ι
2254 5236 2317 5287 lit
2347 5233 2580 5302 irrigabo
2614 5241 2814 5285 terram
2853 5230 3072 5299 paedore
3106 5230 3383 5299 sanguinis
3415 5231 3491 5282 tui

1924 5349 2083 5404 super
2111 5342 2342 5395 montes,
2375 5349 2393 5383 ι
2423 5330 2535 5384 sive
2563 5327 2873 5398 irrigabitur
2900 5334 3038 5379 terra
3068 5324 3131 5377 de
3163 5324 3494 5377 stercoribus

1926 5425 2028 5478 tuis
2053 5438 2212 5490 super
2243 5429 2474 5484 montes,
2504 5438 2521 5469 ι
2557 5428 2611 5472 et
2635 5416 2801 5471 valles
2841 5414 3198 5483 implebuntur
3241 5430 3306 5467 ex
3354 5422 3427 5475 te,
3467 5432 3483 5463 ι

1925 5514 2051 5568 illud
2085 5512 2381 5581 signiﬁcat,
2410 5510 2551 5579 quod
2599 5507 2775 5563 omnis
2820 5505 3069 5574 superbia
3118 5514 3173 5557 et
3229 5519 3494 5573 arrogans

1924 5606 2297 5661 lmretieorum
2328 5614 2521 5665 tumor,
2554 5618 2656 5655 non
2688 5612 2792 5654 tam
2844 5595 2991 5650 vitali
3038 5603 3093 5649 et
3129 5609 3283 5663 puro,
3328 5609 3487 5661 quam

1925 5703 2133 5773 putrido
2168 5710 2327 5768 atque
2379 5697 2559 5751 l'eteuti
2606 5695 2864 5764 sanguine
2902 5688 3230 5759 compleatur
3283 5706 3294 5739 :
3339 5686 3491 5753 juxta

1927 5795 2049 5846 illud
2087 5794 2226 5857 σίντην]
2263 5799 2515 5843 ιιι-ριυιινιτιι
2545 5796 2621 5839 est
2657 5800 2668 5835 τ
2711 5803 2726 5833 r
2767 5783 2910 5838 I‘ene
2965 5795 3057 5835 COS
3111 5779 3247 5832 sicut
3285 5786 3488 5833 stercus
