3936 6392
462 363 565 416 8‘23

1101 372 1161 428 Β.
1204 369 1458 426 RABANI
1494 366 1712 425 MAURI
1749 364 2071 422 ARCHIEP.
2112 363 2423 422 MOGUNT.
2464 360 2750 419 OPERUM
2787 360 2967 419 PARS
3005 361 3070 417 ΙΙ.

3638 357 3752 415 824

463 492 623 537 terrae
652 483 824 554 (Psal.
846 484 1105 553 LXXIII)»
1124 485 1199 541 De
1226 501 1335 556 quo
1357 494 1577 542 sanctus
1599 501 1629 540 a
1658 484 1884 540 Domino
1905 485 2040 539 libe-
2066 492 2119 551 Α
2143 482 2233 551 qui
2261 480 2412 550 prius
2446 479 2746 537 Pharaonis
2778 480 3186 536 admirabantur
3205 477 3500 551 potentiam
3552 488 3750 550 postea

465 583 639 629 ratur.
675 593 692 626 ι
726 574 817 645 qui
847 576 1073 630 suscitat
1097 578 1163 631 de
1193 584 1337 632 terra
1366 577 1601 648 inopem,
1625 584 1681 630 et
1706 576 1774 631 de
1799 585 2045 632 stercore

460 666 621 733 erigit
646 681 936 738 pauperem
970 685 983 724 :
1013 677 1074 724 ut
1120 669 1343 725 collocat
1384 684 1507 725 eum
1535 685 1657 725 cum
1684 668 2042 740 principibus,

461 770 582 810 cum
609 757 940 827 principibus
968 760 1148 828 populi
1178 760 1259 815 sui
1286 759 1458 831 (Psal.
1488 757 1642 832 cxu).
1686 778 1704 811 ι
1740 758 1845 814 Per
1874 758 2043 814 valles

459 856 640 901 autem
663 847 716 902 in
744 847 854 902 ima
873 848 1185 919 depressos,
1213 859 1273 905 ut
1314 866 1474 919 supra
1524 850 1782 914 diximus,
1815 858 1908 903 aut
1961 849 2044 904 in-

460 937 608 993 ferna
635 939 921 1010 significat,
950 950 1037 994 aut
1072 942 1327 996 humilem
1376 942 1752 997 iuereticorum
1797 958 2039 1006 sensum,

460 1040 679 1101 propter
706 1031 1030 1101 voluptatem
1058 1041 1111 1088 et
1139 1042 1384 1090 terrenas
1417 1048 1548 1103 opes
1592 1044 1789 1089 cuncta
1834 1033 2042 1089 facien-

461 1122 613 1175 tium.
642 1120 793 1188 Quod
823 1134 1004 1177 autem
1024 1123 1269 1195 jungitur
1298 1143 1313 1179 :
1351 1144 1369 1177 ι
1402 1124 1470 1179 Ει
1493 1125 1736 1194 operiam
1778 1141 1900 1180 cum
1948 1140 2043 1180 ex-

461 1211 658 1266 tinctus
699 1211 867 1268 fueris
907 1214 1124 1280 ctelum,
1150 1224 1205 1269 et
1251 1216 1560 1287 nigrescere
1606 1215 1802 1272 faciam
1860 1216 2043 1272 stellas

458 1298 596 1367 ejus,
627 1302 793 1357 solem
823 1304 965 1359 nube
993 1317 1204 1376 tegam,
1231 1315 1287 1360 et
1335 1307 1462 1362 luna
1510 1322 1616 1362 non
1662 1308 1813 1364 dabit
1860 1308 2041 1363 iumen

459 1408 646 1457 suum,
677 1396 858 1450 omnia
894 1395 1183 1452 luminaria
1216 1399 1341 1455 cmii
1383 1415 1616 1458 interere
1663 1401 1747 1457 vel
1791 1403 2044 1458 tenebre-

458 1498 610 1539 scere
639 1484 831 1539 faciam
856 1502 1019 1558 super
1043 1498 1095 1543 te
1115 1529 1130 1553 ,
1152 1497 1209 1543 et
1251 1490 1390 1545 dabo
1436 1490 1687 1546 tenebras
1715 1507 1878 1561 super
1930 1501 2041 1546 ter-

459 1588 574 1627 ram
632 1584 812 1640 tuam,
866 1576 998 1630 dicit
1049 1576 1308 1633 Dominus
1372 1579 1539 1646 Deus,
1590 1598 1609 1632 ι
1657 1578 1705 1635 si
1751 1596 2046 1651 sequamur

458 1664 695 1720 litteram
728 1708 743 1732 ,
808 1668 1023 1738 penitus
1090 1669 1313 1742 intelligi
1378 1687 1489 1728 non
1560 1682 1755 1743 potest.
1818 1672 2044 1740 Quando

457 1756 603 1809 enim
656 1756 942 1813 interfecto
999 1758 1284 1814 Pharaone
1358 1760 1474 1817 sive
1548 1761 1782 1817 dracone
1841 1761 1922 1817 sol
1988 1769 2044 1818 et

2146 584 2270 624 eum
2314 569 2652 624 admirentur
2703 569 2770 624 de
2820 584 2920 625 suo
2973 569 3209 625 culmine
3251 569 3531 626 cecidisse.
3563 567 3753 639 Reges

2144 676 2360 734 quoque
2381 660 2703 732 populorum
2730 661 2899 716 nimio
2931 661 3160 716 horrore
3184 659 3552 716 formidabunt
3576 675 3753 730 super

2143 769 2290 820 eum,
2322 769 2550 824 quorum
2591 768 2758 825 regna
2803 752 3032 808 Domino
3072 751 3317 808 diabolus
3359 751 3597 807 ostendit
3646 768 3661 803 :
3696 757 3751 803 et

2144 845 2213 900 de
2255 844 2453 914 quibus
2494 842 2550 897 in
2595 842 2802 914 psalmo
2850 842 3050 897 dicitur
3097 860 3110 896 :
3165 862 3184 893 ι
3234 841 3539 897 Astiterunt
3581 854 3751 909 reges

2146 943 2325 1000 terrae,
2338 942 2396 989 et
2418 934 2693 1005 principes
2718 943 3093 989 convenerunt
3121 933 3175 987 in
3206 949 3371 986 unum
3396 930 3569 1004 (Paul.
3606 932 3693 1000 ιι).
3725 951 3742 981 ι

2144 1024 2258 1081 Hoc
2277 1035 2457 1080 autem
2483 1025 2595 1091 fiet,
2615 1044 2633 1077 ι
2671 1041 2794 1081 cum
2820 1025 3002 1081 volare
3022 1026 3251 1095 cmperit
3279 1025 3489 1095 gladius
3522 1020 3746 1079 Domini

2144 1132 2305 1187 super
2334 1115 2503 1173 facies
2533 1132 2745 1185 eorum,
2780 1138 2796 1169 ι
2835 1118 3153 1173 ειιιιτιιιςιίιιιι·
3182 1134 3367 1187 regum
3414 1118 3527 1174 sive
3571 1134 3749 1187 popu-

2144 1209 2340 1265 lorum.
2373 1208 2598 1266 Gladius
2629 1218 2812 1266 autem
2856 1211 3068 1265 Domini
3113 1210 3491 1283 intelligendus
3534 1220 3619 1265 est
3665 1211 3749 1262 vi-

2143 1317 2277 1357 vens
2324 1317 2503 1357 sermo
2560 1303 2654 1357 Dei
2703 1312 2757 1358 et
2807 1302 2998 1358 efﬁcax
3028 1313 3084 1358 et
3113 1312 3303 1359 acutus
3334 1318 3499 1371 super
3522 1317 3745 1356 omnem

2145 1393 2382 1465 gladium
2403 1408 2468 1448 ex
2494 1402 2727 1463 utraque
2764 1402 2921 1463 parte
2959 1402 3198 1459 acutum,
3245 1395 3336 1464 qui
3386 1394 3532 1449 volat
3578 1403 3749 1464 atque

2145 1484 2403 1540 discurrit
2425 1492 2477 1541 et
2510 1486 2826 1556 perstringit
2851 1488 3191 1542 cernentium
3221 1486 3407 1541 oeulos
3452 1488 3746 1555 vultusque

2146 1578 2401 1634 deterret.
2430 1578 2498 1634 Et
2540 1578 2988 1650 obstupesccntes
3032 1596 3193 1651 super
3245 1582 3403 1636 ruina
3438 1580 3746 1636 Pharaonis

2147 1686 2206 1726 se
2237 1672 2290 1726 in
2321 1670 2412 1726 illo
2455 1671 2676 1727 videant
2716 1687 2836 1728 esse
2877 1674 3134 1743 dejectos.
3174 1674 3241 1728 Et
3268 1674 3479 1729 Domini
3520 1674 3742 1744 quidem

2146 1762 2459 1835 giadius,de
2480 1778 2588 1834 quo
2616 1764 2876 1834 scriptum
2912 1772 2995 1819 est
3024 1781 3038 1818 :
3077 1784 3096 1817 ι
3133 1765 3275 1821 Ecce
3300 1765 3391 1821 hic
3421 1767 3634 1836 positus
3658 1775 3744 1821 est

461 1844 609 1911 luna,
656 1854 713 1901 et
758 1847 950 1913 stellae,
1007 1863 1113 1902 non
1168 1848 1435 1905 dederunt
1488 1850 1672 1905 lumen
1735 1868 1892 1907 suum
1919 1893 1934 1918 ,
1990 1861 2046 1907 ct
2074 1861 2121 1922 Β
2148 1855 2204 1910 in
2230 1855 2388 1910 ruina
2416 1862 2473 1910 et
2494 1856 2898 1914 resurrectione
2927 1854 3219 1911 multorum
3279 1854 3432 1928 (Luc.
3462 1856 3560 1927 ιι),
3596 1877 3615 1908 ι
3649 1856 3740 1925 ja-

462 1935 662 1991 cuei’um
684 1945 931 2007 opertum
969 1947 1053 1993 est
1083 1939 1323 1994 tenebris
1345 1980 1363 2005 ,
1387 1939 1543 2009 juxta
1574 1941 1705 1996 illud
1726 1942 1994 2012 poeticum
2031 1959 2045 1996 :

627 2080 876 2145 Impiaque
899 2088 1133 2133 aeternam
1156 2087 1424 2136 timuerunt
1446 2086 1627 2137 saecula
1648 2098 1841 2139 noctem

462 2205 604 2276 Ergo
624 2207 728 2262 hoc
751 2207 1038 2264 dicendum
1055 2217 1157 2276 est,
1180 2210 1323 2279 quod
1345 2212 1615 2270 exstincto
1636 2213 1942 2284 Pharaone,
1956 2218 2051 2287 qui

465 2298 885 2368 transligurabat
909 2314 967 2355 se
1006 2300 1061 2355 in
1103 2301 1350 2373 angelum
1394 2303 1550 2370 lucis,
1583 2305 1651 2361 de
1690 2322 1799 2377 quo
1840 2308 1897 2363 in
1944 2309 2053 2365 alio

466 2388 586 2444 loco
612 2390 870 2459 scriptum
902 2399 985 2445 est
1033 2409 1047 2444 :
1100 2409 1121 2443 σ
1172 2391 1287 2447 Lux
1339 2393 1628 2465 impiorum
1678 2397 2055 2470 exstinguetur

468 2477 652 2551 (Prov.
686 2479 861 2551 xxiv),
895 2500 912 2532 ι
949 2481 1143 2536 omium
1168 2482 1282 2538 sive
1306 2482 1429 2537 cmli
1449 2484 1764 2555 aperientur
1790 2487 2052 2553 tenebris,

467 2572 535 2627 de
558 2572 755 2643 quibus
774 2582 829 2627 et
858 2572 1057 2627 Paulus
1085 2572 1325 2644 loquitur
1354 2593 1407 2628 ει
1429 2576 1498 2631 Ει
1515 2577 1777 2648 spiritalia
1800 2580 2056 2650 nequitia:

470 2664 526 2718 in
555 2663 1099 2737 cceiestibus(Ephes.
1124 2666 1219 2738 γι).
1243 2686 1261 2719 ι
1283 2667 1351 2721 Ει
1378 2668 1688 2737 nigrescere
1716 2668 1844 2725 fecit
1873 2670 2057 2726 Domi-

470 2772 573 2812 nus
598 2757 784 2813 stellas
825 2757 961 2828 ejus,
1010 2756 1096 2811 vel
1140 2759 1406 2821 draconis,
1448 2758 1533 2814 vel
1563 2760 1726 2815 eteii:
1759 2776 1923 2832 super
1950 2777 2057 2833 quo

469 2857 524 2904 et
552 2847 720 2905 Judas
756 2848 1029 2920 apostolus
1077 2850 1267 2905 scribit
1299 2867 1318 2901 ι
1353 2851 1532 2906 sidera
1581 2853 1823 2907 errantia
1882 2853 2053 2927 (Iud.

470 2955 521 2991 υ.
553 2936 662 3009 i3),
716 2957 736 2990 ι
769 2937 963 3009 quibus
1000 2939 1175 3009 caligo
1197 2939 1542 2995 tenebrarum
1574 2940 1627 2994 in
1666 2949 1929 2997 aeternum
1971 2957 2058 2998 re-

473 3038 741 3084 servatur.
778 3028 871 3083 Sol
898 3044 1111 3098 quoque
1150 3030 1291 3085 nube
1333 3039 1562 3100 tegetur,
1608 3031 1686 3088 sol
1735 3033 2053 3104 iniquitatis,

472 3119 565 3188 qui
594 3120 896 3175 contrarius
920 3128 1006 3175 est
1032 3120 1130 3175 soli
1159 3121 1406 3192 justiti-ae.
1429 3120 1581 3179 Nube
1604 3132 1805 3191 autem,
1834 3126 1916 3181 vel
1942 3127 2059 3196 ipso

2150 1955 2335 2002 centes
2362 1944 2561 2012 elevat,
2586 1955 2642 2003 et
2665 1945 2807 2001 male
2836 1956 3048 2003 erectos
3078 1948 3383 2004 humilitate
3414 1959 3739 2005 commutat.

2152 2034 2371 2094 Gladius
2398 2043 2580 2092 autem
2606 2037 2752 2109 regis
2777 2037 3066 2108 Babylonis
3112 2040 3294 2094 veniet
3339 2055 3505 2110 super
3546 2040 3742 2096 draco-

2148 2143 2274 2184 nem
2303 2128 2636 2200 z’Egyptium,
2666 2138 2728 2183 ut
2752 2130 2805 2183 in
2832 2128 3025 2201 gladiis
3055 2129 3293 2198 fortium,
3321 2134 3435 2189 sive
3460 2134 3741 2205 gigantum

2150 2217 2368 2287 dejiciat
2393 2217 2653 2274 Dominus
2678 2218 3075 2275 multitudinem
3102 2218 3239 2290 ejus,
3267 2221 3358 2293 qui
3377 2238 3559 2295 regem
3576 2222 3748 2296 Egy-

2150 2310 2227 2381 pti
2255 2311 2585 2367 sectabatur.
2615 2329 2633 2362 ι
2669 2310 3134 2382 inexpugnabiles,
3170 2331 3189 2365 ι
3223 2312 3418 2384 inquit,
3436 2315 3550 2370 sive
3576 2316 3749 2385 pesti-

2152 2401 2327 2458 lentes
2350 2402 2418 2456 de
2439 2400 2708 2473 gentibus.
2745 2419 2764 2453 ι
2801 2417 2991 2458 omnes
3012 2403 3102 2457 isti
3134 2421 3153 2456 ι
3185 2412 3246 2458 ιιι
3270 2404 3394 2459 mali
3422 2406 3489 2460 ad
3508 2409 3748 2477 punien-

2154 2492 2280 2547 dum
2305 2492 2592 2547 tradantur
2617 2491 2913 2563 pejoribus,
2944 2492 3010 2548 de
3038 2493 3236 2563 quibus
3282 2494 3546 2564 scriptum
3594 2504 3681 2549 est
3729 2515 3743 2549 :

2161 2602 2179 2634 ι
2201 2582 2568 2639 Immissiones
2593 2598 2692 2653 per
2712 2584 2931 2654 angelos
2949 2585 3215 2654 pessimos
3239 2582 3412 2658 (Psal.
3446 2586 3687 2656 uxvn);
3721 2607 3741 2639 ι

2156 2682 2215 2729 et
2264 2672 2601 2745 Apostolus:
2640 2692 2660 2725 ι
2703 2674 2850 2742 Quos
2898 2675 3115 2740 tradidi,
3161 2676 3357 2745 inquit,
3412 2676 3661 2742 Satanaz,
3689 2688 3746 2731 ut

2157 2765 2371 2822 discant
2398 2781 2509 2822 non
2535 2764 2946 2838 blasphemare;
3000 2766 3087 2823 vel
3116 2767 3170 2823 in
3213 2768 3493 2824 interitum
3540 2774 3742 2830 carnis.

2162 2860 2220 2907 ut
2240 2856 2466 2924 spiritus
2487 2858 2672 2915 salvus
2695 2862 2786 2914 fiat
2809 2859 2861 2929 (1
2889 2863 3016 2914 Tim.
3042 2879 3097 2929 i;
3151 2862 3164 2912 i
3197 2862 3317 2919 Cor.
3346 2863 3422 2932 v).
3450 2884 3469 2916 ι
3493 2863 3630 2919 Cum
3649 2883 3741 2918 au-

2163 2953 2269 3000 tem
2291 2963 2385 3016 per
2403 2950 2783 3016 hujuscemodi
2812 2951 3095 3009 ministras
3118 2954 3326 3023 dejecta
3350 2956 3517 3010 fuerit
3546 2972 3737 3025 super-

2159 3037 2246 3093 bia
2271 3038 2514 3111 Egypti,
2538 3052 2591 3097 et
2616 3044 2912 3101 multitudo
2941 3046 3087 3103 illius
3112 3047 3402 3117 dissipata.
3434 3050 3736 3117 perdentur

2160 3128 2342 3181 omnia
2362 3129 2609 3198 jumenta
2639 3133 2805 3197 illius,
2832 3150 2954 3204 quze
2978 3145 3136 3189 erant
3160 3153 3326 3203 super
3356 3152 3530 3206 aquas
3559 3138 3733 3206 pluri-

474 3209 706 3273 Domino
734 3209 1036 3277 Salvatore,
1061 3212 1152 3280 qui
1179 3211 1457 3267 descendit
1486 3213 1541 3268 in
1566 3213 1861 3286 Egyptum
1894 3231 2059 3287 super
2085 3220 2130 3284 C
2160 3232 2301 3272 mas.
2326 3235 2345 3270 ι
2376 3220 2442 3274 Ει
2466 3236 2572 3276 non
2598 3225 2949 3280 conturbabit
2972 3242 3066 3281 eas
3096 3242 3188 3296 pes
3217 3228 3455 3283 hominis
3474 3229 3617 3285 ultra
3644 3246 3659 3297 ;
3688 3229 3732 3284 si

474 3305 674 3362 nubem
704 3302 895 3367 levem,
928 3304 1075 3361 nullo
1104 3314 1449 3375 peccatorum
1478 3308 1715 3376 pondere
1754 3324 2061 3379 praegrava-

477 3400 627 3457 tam;
658 3392 743 3447 vel
776 3393 1056 3464 prophetis
1080 3404 1135 3450 et
1159 3396 1417 3465 apostolis
1444 3398 1513 3453 de
1548 3398 1743 3467 quibus
1784 3399 2011 3471 legimus
2041 3417 2057 3454 :

481 3502 501 3536 ι
535 3483 800 3541 Mandabu
833 3486 1065 3541 nubibus
1112 3501 1181 3542 ne
1221 3487 1413 3557 pluant
1460 3502 1623 3561 super
1662 3505 1784 3545 eam
1832 3492 2061 3548 imbrem

478 3574 716 3646 (isarv).
755 3595 773 3626 ι
809 3576 876 3631 Ει
919 3577 973 3630 in
1014 3577 1283 3633 Psalmis:
1319 3597 1338 3630 ι
1377 3579 1593 3635 Veritas
1645 3592 1735 3636 tua
1775 3597 1947 3653 usque
1993 3584 2060 3639 ad

480 3667 655 3724 nubes
711 3664 883 3737 (Psal.
914 3666 1099 3739 xxxv).
1166 3688 1184 3721 ι
1236 3665 1369 3723 Cum
1415 3678 1595 3724 autem
1652 3670 1729 3725 soi
1761 3671 2065 3741 iniquitatis

485 3755 648 3812 fuerit
671 3756 1013 3823 obscuratus,
1038 3757 1217 3813 lunam
1260 3774 1421 3829 quam
1474 3761 1849 3817 haereticorum
1897 3765 2064 3819 senti-

481 3862 603 3902 mus
627 3847 1004 3912 ecclesiam,et
1023 3865 1142 3919 quas
1168 3864 1199 3904 a
1230 3850 1343 3906 sole
1372 3851 1670 3921 iniquitatis
1698 3851 1878 3909 iumen
1908 3864 2063 3923 puta-

480 3939 641 3993 batur
680 3939 949 4008 accipere,
976 3955 1082 3997 non
1110 3940 1260 3996 dabit
1281 3941 1462 3997 lumen
1492 3957 1671 4009 suum,
1703 3959 1805 3999 nec
1835 3945 2066 4014 decipiet

481 4032 764 4090 credentes
796 4030 915 4086 falsi
942 4032 1176 4088 nominis
1202 4034 1449 4092 scientia.
1479 4033 1671 4091 Omnia
1716 4051 1931 4108 quoque
1977 4037 2057 4091 iu-

486 4124 732 4189 minaria,
764 4133 820 4178 et
847 4124 1106 4195 quidquid
1138 4125 1351 4181 videtur
1385 4128 1439 4182 in
1486 4128 1757 4184 haereticis
1797 4144 1917 4184 esse
1965 4130 2064 4185 do-

485 4216 694 4279 ctrinae,
718 4216 983 4271 exstincto
1012 4216 1246 4273 dracone
1267 4220 1559 4274 caecabitur
1584 4238 1596 4274 :
1622 4220 1736 4276 sive
1761 4223 2069 4284 mmrebunt

486 4306 729 4377 principe
771 4308 1013 4377 perdito,
1038 4307 1109 4361 ita
1139 4316 1200 4363 ut
1226 4312 1341 4379 ipse
1369 4310 1629 4367 Dominus
1663 4320 1860 4367 terram
1893 4314 2065 4368 htnre-

488 4398 948 4467 ticorumoperiat
974 4399 1243 4465 tenebris;
1283 4400 1587 4470 ignorantia
1633 4402 1841 4458 scilicet
1870 4405 2067 4459 veritas

490 4491 577 4553 tis,
608 4498 666 4541 ut
698 4488 823 4543 czeci
857 4503 1030 4543 cnecos
1058 4490 1257 4544 ducant
1283 4491 1335 4544 in
1366 4489 1574 4545 foveam
1603 4509 1615 4545 :
1649 4501 1706 4548 et
1733 4493 2067 4547 habitatores

2159 3312 2305 3365 enim
2327 3310 2646 3384 beatus.qui
2668 3317 2897 3370 seminat
2918 3332 3084 3385 super
3102 3334 3296 3386 aquas,
3320 3320 3410 3375 ubi
3436 3322 3535 3377 bos
3557 3335 3613 3377 et
3632 3323 3738 3378 asi-

2164 3419 2269 3459 nus
2286 3405 2521 3472 calcant,
2541 3427 2571 3463 e
2586 3417 2773 3463 cuntra
2785 3408 2865 3462 rio
2885 3410 3090 3471 infelix.
3112 3412 3200 3480 qui
3224 3414 3503 3482 simplices
3521 3432 3549 3482 ιι
3560 3414 3733 3468 "idem

2164 3508 2266 3547 suo
2286 3493 2423 3548 ultra
2454 3498 2655 3565 poterit
2677 3512 2866 3552 errore
2891 3499 3147 3567 retinere,
3191 3500 3264 3555 ita
3296 3512 3352 3554 ut
3383 3518 3477 3569 pes
3503 3504 3735 3557 hominis

2165 3603 2274 3643 non
2291 3589 2460 3644 calcet
2479 3591 2533 3645 in
2551 3592 2655 3657 eis,
2676 3606 2785 3661 quo
2806 3607 2873 3647 ne
2886 3592 3340 3663 slguuungquidem
3366 3594 3655 3663 sapientiae
3669 3604 3744 3647 at.

2164 3694 2275 3750 que
2298 3681 2525 3737 rationis
2551 3696 2708 3752 aqua
2734 3682 3009 3753 Egyplic
3034 3685 3087 3739 in
3118 3699 3177 3740 se
3201 3684 3403 3739 habere
3426 3686 3735 3739 videantur.

2169 3778 2189 3812 ι
2225 3758 2433 3831 Ungula
2485 3775 2702 3831 quoque
2742 3761 3112 3832 jumentorum
3161 3778 3267 3818 non
3301 3764 3542 3819 turbabit
3577 3781 3689 3830 cas,
3723 3789 3739 3818 ι

2163 3861 2225 3906 ιιι
2249 3851 2317 3906 de
2342 3851 2732 3921 limpidissimis
2753 3893 2767 3920 ,
2791 3860 2956 3923 atque
2983 3854 3279 3909 nitentibus
3310 3854 3476 3909 faciat
3505 3857 3740 3911 turbidas

2163 3950 2220 3996 et
2245 3956 2514 3997 ctenosas.
2545 3941 2697 3999 Tunc
2728 3944 3019 4000 reddentur
3046 3961 3153 4000 non
3177 3946 3245 4000 ab
3264 3946 3405 4011 aliis,
3422 3950 3518 4003 sed
3546 3951 3615 4005 ab
3639 3951 3746 4022 ipso

2164 4029 2396 4087 Domino
2432 4047 2587 4102 aquae
2624 4033 2946 4104 purissimae,
2975 4050 3096 4105 quae
3124 4034 3375 4092 draconis
3416 4036 3634 4096 lberam
3657 4043 3745 4097 du-

2164 4122 2461 4179 minatione
2485 4124 2733 4190 turbatae,
2763 4125 2838 4179 ita
2878 4133 2939 4180 ut
2977 4124 3195 4180 flumina
3239 4142 3427 4183 earum
3478 4128 3743 4197 labantur,

2165 4214 2321 4285 quasi
2345 4214 2551 4281 oleum,
2574 4224 2628 4270 et
2655 4216 2764 4270 sint
2788 4216 2902 4270 veri
2938 4214 3157 4271 luminis
3184 4219 3597 4274 nutrimentum.
3629 4220 3745 4276 Haec

2166 4316 2349 4361 autem
2378 4304 2511 4360 fient
2552 4322 2675 4361 cum
2721 4307 2928 4362 dederit
2972 4307 3232 4364 Dominus
3279 4317 3481 4364 terram
3534 4311 3742 4384 [Egypti

2166 4395 2464 4450 desolatam
2492 4405 2547 4451 et
2573 4397 2869 4467 perdiderit
2898 4396 3298 4455 multitudinem
3335 4398 3487 4468 ejus,
3529 4413 3584 4456 et
3632 4419 3745 4473 per-

2169 4486 2313 4540 cussi
2341 4484 2543 4540 fuerint
2566 4501 2758 4541 omnes
2793 4486 3128 4542 habitatores
3172 4488 3340 4555 illius,
3373 4500 3433 4545 ut
3480 4492 3585 4546 isto
3630 4508 3742 4562 pro.

488 4590 649 4635 term:
693 4580 978 4638 mittantur
1023 4579 1076 4633 in
1105 4582 1357 4635 tenebras
1392 4582 1710 4648 exteriores,
1742 4584 1833 4638 ubi
1862 4592 1945 4638 est
1970 4584 2063 4639 fie—
2089 4583 2141 4641 D
2169 4577 2311 4633 fectu
2357 4579 2499 4633 scire
2545 4578 2773 4648 possint,
2817 4579 2941 4648 quia
2992 4580 3106 4649 ipse
3152 4580 3223 4634 sit
3276 4581 3557 4637 Dominus.
3602 4583 3745 4650 Quod

489 4683 574 4727 tas
604 4681 657 4727 et
687 4672 889 4726 stridor
916 4672 1177 4726 dentium.
1220 4671 1348 4727 Post
1374 4673 1489 4727 htec
1519 4673 1716 4727 dicitur
1742 4692 1756 4728 ε
1795 4692 1816 4726 ι
1850 4675 1917 4729 Ει
1944 4676 2067 4731 irri-

488 4763 615 4819 tabo
650 4778 746 4819 cor
770 4762 1088 4832 populorum
1122 4763 1433 4828 multorum,
1469 4779 1590 4817 cum
1629 4764 1891 4819 induxero
1941 4780 2066 4821 con-

489 4855 787 4919 tritionein,
814 4854 927 4909 sive
963 4853 1324 4922 captivitatem
1352 4861 1496 4908 tuam
1528 4856 1579 4909 in
1610 4855 1880 4926 gentibus,
1904 4872 2067 4926 super

490 4957 689 5001 terram
710 4963 868 5015 quam
892 4948 1090 5012 nescis,
1128 4966 1147 4998 ι
1180 4955 1237 5001 ιιι
1260 4948 1351 5016 qui
1378 4948 1525 5017 prius
1545 4947 1811 5003 Pharaoni
1859 4952 2065 5005 servie-

492 5047 631 5102 rant,
663 5038 967 5092 irascantur
994 5033 1182 5091 con'tra
1229 5054 1373 5100 eum,
1409 5039 1652 5094 videntes
1698 5041 2065 5110 captivitatem

488 5128 625 5197 ejus,
649 5129 716 5182 ad
752 5127 910 5181 aliam
961 5138 1182 5192 terram,
1209 5144 1369 5197 quam
1400 5129 1563 5183 draco
1610 5130 1904 5197 nesciebat,
1950 5148 2071 5186 esse

491 5223 821 5292 perductam.
845 5220 955 5275 Nec
989 5220 1246 5275 debemus
1271 5221 1542 5291 ambigere
1587 5222 1756 5276 bonas
1800 5238 1917 5277 esse
1965 5231 2073 5277 ter-

491 5328 607 5376 ras,
632 5327 767 5380 quas
796 5310 1006 5365 Pharao
1028 5311 1252 5375 nesciat,
1296 5310 1502 5365 scilicet
1548 5312 1761 5381 quando
1790 5315 2071 5382 captivitas

489 5401 786 5456 Pharaonis
808 5401 910 5455 alia
939 5400 1248 5471 captivitate
1273 5410 1526 5465 mutatur,
1553 5403 1618 5457 de
1651 5418 1753 5470 qua
1779 5404 1977 5458 dicitur
2001 5406 2068 5458 ad

491 5492 825 5549 Salvaturem
858 5508 870 5544 :
907 5510 925 5543 ι
959 5491 1266 5545 Ascendeus
1296 5492 1349 5546 in
1394 5493 1559 5546 altum
1606 5498 1873 5562 captivam
1920 5496 2072 5548 duxit

490 5584 877 5653 captivitatem,
906 5581 1112 5651 accepit
1134 5578 1303 5652 (Psal.
1335 5584 1531 5653 van),
1566 5603 1583 5634 ι
1618 5584 1900 5652 sivejuxta
1926 5586 2063 5654 Apo-

494 5678 687 5734 stolum
716 5694 726 5729 :
763 5695 781 5727 ι
802 5676 946 5729 dedit
971 5678 1108 5731 dona
1142 5677 1192 5730 in
1222 5677 1544 5731 hominibus.
1578 5697 1594 5728 ι
1622 5708 1690 5717 —-
1719 5696 1737 5728 ι
1779 5678 1844 5731 Et
1892 5689 2070 5746 stupe-

508 5786 650 5837 νινε,
682 5770 871 5841 inquit,
902 5769 1093 5823 facium
1127 5782 1284 5836 super
1330 5779 1379 5821 te
1430 5768 1653 5838 populos
1708 5769 1921 5831 mulius.
2015 5782 2065 5823 ut

2175 4676 2352 4723 autem
2372 4666 2636 4739 jungitur,
2670 4688 2688 4719 ι
2721 4670 2971 4739 planctus
2998 4678 3100 4734 est,
3129 4678 3184 4725 et
3207 4670 3466 4741 plangent
3486 4688 3609 4727 eum
3634 4675 3745 4728 filim

2174 4760 2414 4831 gentium
2445 4776 2607 4830 super
2629 4760 2918 4832 IEgyptum
2947 4769 2999 4815 et
3032 4775 3194 4831 super
3216 4761 3611 4818 multitudinem
3641 4764 3746 4832 ejus

2172 4850 2426 4921 plangent
2453 4865 2599 4916 eum,
2628 4850 2703 4904 ait
2732 4850 2992 4906 Dominus
3020 4840 3193 4917 Deus,
3229 4870 3246 4902 ι
3290 4853 3634 4922 perspicuum
3672 4863 3747 4909 est

2174 4942 2383 4995 animas
2411 4942 2650 4995 omnium
2679 4943 2941 5012 gentium,
2976 4956 3095 5010 qua:
3134 4938 3285 5013 prius
3331 4958 3601 5013 oppressa:
3642 4945 3746 5000 fuc-

2174 5039 2297 5084 rant
2325 5049 2337 5083 :
2368 5032 2481 5085 sive
2504 5047 2686 5086 carum
2712 5033 3112 5101 gentium,quzn
3135 5049 3477 5104 nequaquam
3506 5036 3559 5089 in
3587 5036 3741 5106 Egy-

2170 5131 2264 5191 pto
2288 5124 2659 5188 morabantur,
2685 5124 2778 5178 sed
2810 5124 2862 5177 i-n
2892 5126 3111 5194 regione
3157 5126 3453 5180 viventium
3477 5168 3491 5188 ,
3535 5126 3746 5181 interfe-

2162 5224 2320 5273 ctum
2358 5217 2646 5270 draconem
2700 5216 2972 5287 plangere,
3000 5226 3053 5272 et
3099 5233 3317 5272 onmem
3362 5219 3745 5273 multitudinem

2175 5301 2291 5377 ejus
2322 5324 2427 5361 non
2456 5324 2547 5376 spe
2574 5308 2782 5372 salutis,
2817 5310 2910 5364 sed
2934 5310 3076 5379 quod
3105 5310 3171 5363 de
3203 5318 3351 5364 tanta
3392 5311 3629 5379 potentia
3657 5325 3744 5364 suo

2176 5400 2309 5454 vitio
2336 5410 2391 5454 et
2417 5402 2667 5469 superbia
2692 5400 2931 5468 dejectns
2952 5400 3020 5454 sit
3044 5401 3097 5454 in
3132 5410 3334 5454 (eterna
3368 5398 3646 5470 supplicia.

2253 5513 2270 5543 ι
2312 5494 2373 5547 Et
2406 5492 2605 5547 factum
2630 5500 2713 5545 cst
2743 5492 2794 5544 in
2824 5491 3140 5545 duodecimo
3171 5506 3337 5555 anno,
3370 5491 3421 5543 in
3455 5492 3635 5557 quinta
3663 5488 3740 5541 de-

2182 5606 2199 5636 ι
2238 5586 2378 5639 cinia
2408 5586 2647 5638 mensis:
2681 5584 2876 5637 factum
2930 5592 3012 5636 est
3057 5581 3283 5636 verbum
3312 5582 3524 5635 Domini
3562 5581 3627 5634 ad
3666 5592 3741 5632 me

2184 5695 2201 5726 ι
2242 5677 2424 5730 dicens
2450 5694 2461 5728 :
2492 5675 2589 5729 Fili
2623 5675 2876 5737 hominis,
2905 5688 3039 5729 cane
3081 5688 3300 5727 carmen
3329 5672 3551 5742 lugubre
3594 5684 3743 5741 super

2184 5793 2198 5820 τ
2244 5770 2583 5824 multitudine
2630 5767 2869 5837 .Egypti.
2925 5766 2988 5819 iit
3041 5765 3263 5820 detrahe
3310 5779 3431 5819 eam
3485 5764 3653 5833 ipsam
3693 5772 3739 5816 et
