3936 6370
166 436 278 492 825
1081 429 1433 489 COMMENT.
1478 429 1541 484 IN
1582 427 2042 486 EZECllll-IIEM.
2084 461 2148 470 —-
2190 429 2318 486 LIB.
2361 429 2477 485 XII.
3321 430 3435 487 89.6.

175 564 194 596 ι
238 544 375 599 filias
397 543 637 617 gentium
661 542 1001 600 robustamm
1024 542 1091 597 ad
1121 552 1321 597 terram
1352 540 1595 597 ultimam
1625 548 1752 595 cum
1782 548 1832 605 Α
1859 541 1912 595 in
1940 540 2263 610 profundum
2288 542 2505 599 inferni.
2540 542 2848 614 Dicitur-que
2874 542 2943 599 ad
2988 548 3168 612 ream
3213 541 3427 613 Egypti

176 655 196 687 ι
240 636 326 691 his
366 636 460 707 qui
503 635 835 692 descendunt
879 634 936 691 in
977 633 1180 689 lacum.
1224 631 1341 699 Quo
1372 630 1669 701 pulchrior
1695 645 1757 685 es
1861 646 1969 700 quo
1986 630 2235 688 meliores
2254 642 2552 690 utmortem
2576 634 2834 690 mercaris
2856 632 3428 689 evadere'tCutn‘cnim

176 749 197 781 ι
245 728 509 784 descende
552 736 611 783 et
652 725 826 782 dormi
871 740 994 781 cum
1040 722 1455 779 incircumcisis.
1486 721 1543 775 In
1576 720 1759 776 tne-lio
1858 722 2033 777 Assur
2060 731 2115 777 et
2142 723 2315 790 Elam,
2343 723 2397 780 id
2426 732 2508 779 est
2534 724 2746 790 Persae,
2771 733 2826 780 et
2850 724 3086 788 Mosoch,
3134 725 3223 793 qui
3270 724 3436 778 inter-

178 838 198 869 ι
243 818 650 875 interfectorum
692 816 874 888 gladio
912 816 1126 871 cadent.
1177 812 1401 869 Gladius
1446 815 1603 868 datus
1649 822 1756 867 est.

180 930 201 961 ι
245 911 311 965 Et
336 920 678 965 attraxerant
708 922 828 963 eam
873 914 927 962 et
972 921 1163 963 omnes
1206 905 1427 987 populos
1472 905 1609 975 ejus.
1652 903 1760 962 Lo-

182 1019 201 1051 ι
241 1010 475 1071 qnentur
496 1000 544 1056 ei
570 999 926 1070 potentissimi
964 1000 1307 1055 robustorum
1334 998 1401 1052 de
1445 998 1624 1052 medio
1674 997 1762 1051 in-

185 1111 205 1141 ‹
251 1090 412 1155 l‘erni,
440 1091 530 1160 qui
559 1105 681 1145 cum
707 1088 1118 1144 auxiliatoribus
1143 1088 1261 1158 ejus
1284 1087 1683 1143 descenderunt
1704 1097 1761 1143 et

183 1202 204 1233 ι
247 1182 586 1237 dormierunt
614 1179 977 1235 incircumcisi
1021 1178 1399 1248 interfectique
1446 1177 1642 1248 gladio.
1681 1177 1758 1233 lbi

181 1290 202 1321 ι
241 1270 413 1325 Assur
441 1277 494 1325 et
518 1269 695 1324 omnis
743 1266 1030 1322 multitudo
1074 1267 1193 1337 ejus
1239 1266 1295 1321 in
1340 1266 1572 1322 circuitu
1614 1265 1759 1321 illius

184 1381 205 1412 ι
250 1360 498 1430 sepulcra
526 1357 664 1427 ejus,
699 1372 889 1412 omnes
926 1355 1211 1420 interfecti,
1242 1364 1297 1410 et
1322 1354 1414 1426 qui
1464 1354 1774 1411 ceciderant

181 1472 201 1503 ‹
240 1452 418 1523 gladio
446 1464 677 1520 quorum
725 1448 849 1502 data
898 1454 1021 1501 sunt
1052 1446 1298 1517 sepulcra
1348 1446 1404 1500 in
1449 1444 1761 1501 novissimis

180 1560 200 1590 ι
241 1540 364 1594 laci.
396 1538 461 1592 Et
486 1537 625 1591 facta
658 1546 744 1592 est
773 1534 1063 1589 multitudo
1098 1534 1217 1604 ejus
1244 1548 1341 1604 per
1369 1549 1559 1605 gyrum
1587 1534 1763 1603 sepul-

178 1652 199 1682 ι
240 1630 319 1684 cri
342 1628 478 1697 ejus,
524 1627 762 1683 universi
810 1625 1080 1681 interfecti
1124 1624 1488 1693 cadentesque
1550 1624 1760 1695 gladio,

180 1744 201 1769 ι
243 1725 338 1794 qui
370 1723 633 1779 dederant
671 1721 945 1791 quondam
996 1718 1337 1773 formidinem
1391 1720 1445 1773 in
1494 1728 1638 1775 terra
1684 1719 1765 1773 vi-

181 1835 203 1867 ι
246 1816 505 1869 ventium.
534 1813 612 1867 lbi
654 1813 805 1868 Elam
846 1822 900 1867 et
941 1813 1120 1867 omnis
1168 1812 1456 1866 multitudo
1497 1812 1612 1881 ejus
1665 1827 1765 1881 per

1861 820 2140 881 pretantur
2184 812 2568 884 Cappadoces;
2610 822 2665 867 et
2694 814 2899 871 Thubal
2928 830 3061 885 quos
3102 814 3191 870 alii
3229 813 3434 878 lberos,

1863 902 1953 956 alii
1979 901 2141 957 Italos
2168 902 2394 974 intelligi
2434 904 2642 968 volunt,
2666 901 2882 959 ωυωωὶ
2908 920 3123 975 quoque
3147 913 3203 960 et
3224 904 3437 967 Princi-

1861 1008 1957 1064 pes
1980 993 2263 1064 Aquilonis
2292 1009 2357 1049 ac
2383 993 2614 1057 Sidonii,
2648 1010 2771 1050 cum
2797 996 3079 1050 universis
3108 995 3436 1051 exercitibus

1862 1085 2009 1149 suis,
2058 1098 2289 1154 quorum
2339 1084 2543 1145 auxilio
2578 1084 2880 1139 horrorem
2929 1084 3138 1139 cunctis
3191 1083 3440 1154 gentibus

1861 1174 2229 1245 praebuerunt,
2260 1175 2460 1231 mortui
2503 1175 2613 1229 sint
2638 1184 2695 1230 et
2725 1173 2995 1230 interfecti
3026 1174 3221 1243 gladio,
3247 1182 3302 1229 et
3345 1189 3441 1244 po—

1863 1269 2071 1325 suerint
2113 1268 2320 1339 gladios
2363 1283 2491 1323 suos
2534 1269 2636 1323 sub
2680 1267 2948 1338 capitibus
2996 1269 3126 1333 suis,
3177 1268 3321 1338 quod
3363 1269 3443 1322 di-

1863 1367 2011 1415 ctum
2045 1360 2437 1438 ιμφατικῶτιρον
2464 1360 2834 1429 accipiendum
2858 1370 2962 1424 est,
2999 1368 3053 1413 tu
3077 1359 3221 1414 solus
3239 1360 3442 1430 poteris

1864 1462 1970 1502 non
1996 1448 2185 1502 eadem
2213 1447 2517 1502 sustinere?
2548 1447 2688 1514 Quin
2720 1448 2899 1518 potius
2926 1462 3046 1502 cum
3089 1446 3290 1502 videris
3326 1455 3441 1501 tan-

1865 1546 1976 1593 tam
2030 1546 2205 1593 tecum
2251 1539 2393 1610 apud
2454 1538 2657 1594 inferos
2716 1538 3114 1593 multitudinem
3171 1537 3441 1593 dormien-

1868 1629 2025 1695 tium,
2066 1637 2122 1685 et
2157 1629 2463 1700 sepulcrum
2519 1638 2667 1685 tuum
2715 1627 3132 1685 fortissimorum
3170 1630 3439 1699 quondam

1862 1720 2169 1792 principum
2220 1719 2545 1775 circumdari
2604 1722 2909 1783 memoriis,
2978 1720 3202 1776 habebis
3251 1734 3445 1775 conso-

1865 1809 2142 1873 lationem,
2173 1809 2373 1864 leviora
2428 1816 2696 1865 tormenta
2724 1810 2997 1865 testimans
3036 1810 3308 1865 consortio
3335 1810 3447 1881 phi-

181 1925 203 1957 ε
254 1920 446 1976 gyrum
498 1902 731 1971 sepulcri
782 1901 943 1956 illius.
972 1900 1173 1957 Omnes
1211 1901 1264 1955 hi
1294 1898 1562 1954 interfecti
1597 1896 2152 1955 rnen-Brimorum.
2210 1898 2337 1955 Hatc
2398 1899 2617 1953 interim
2669 1899 2822 1967 juxta
2877 1900 3173 1969 simplicem
3223 1912 3441 1956 sensum

183 2014 203 2045 σ
252 2003 442 2063 tesque
473 1994 672 2064 gladio,
717 1992 808 2063 qui
856 1991 1249 2046 descenderunt
1285 1988 1645 2044 incircumcisi
1694 1988 1763 2043 ad

183 2103 203 2133 ς
253 2092 453 2139 terram
484 2084 749 2138 ultimam.
778 2081 880 2149 Qui
910 2087 1205 2151 posuerunt
1233 2089 1494 2135 terrorem
1517 2093 1672 2133 suum
1709 2077 1764 2132 in

186 2191 206 2223 ι
255 2180 402 2227 terra
430 2172 747 2236 viventium,
777 2178 834 2225 et
859 2175 1212 2240 portaverunt
1242 2168 1591 2239 ignominiam
1614 2182 1767 2223 suam

184 2280 205 2312 ι
249 2276 374 2316 cum
422 2261 507 2315 his
540 2261 629 2329 qui
670 2259 1003 2315 descendunt
1031 2257 1085 2311 in
1117 2257 1311 2313 lacum.
1354 2256 1412 2312 1n
1457 2256 1636 2311 medio
1682 2257 1770 2310 in-

187 2370 207 2402 ‹
252 2349 600 2404 terfectorum
653 2355 949 2418 posuerunt
996 2346 1171 2402 cubile
1222 2343 1339 2414 ejus
1395 2345 1451 2399 in
1502 2344 1771 2399 universis

151 2458 209 2493 ἰ
260 2441 470 2512 populis
524 2439 640 2509 ejus
692 2440 745 2493 in
792 2439 1020 2494 circuitu
1076 2437 1193 2508 ejus
1244 2436 1547 2506 sepulcrum
1604 2435 1769 2489 illius.

189 2551 207 2583 ι
250 2533 453 2587 Omnes
499 2530 555 2585 hi
586 2529 948 2585 incircumcisi
991 2526 1367 2597 interfectique
1419 2527 1617 2597 gladio.
1676 2525 1775 2581 De-

188 2641 209 2672 ι
249 2621 447 2676 derunt
482 2620 625 2675 enim
652 2628 915 2675 terrorem
944 2618 1000 2672 in
1032 2628 1177 2673 terra
1204 2618 1525 2683 viventium,
1552 2626 1608 2673 et
1652 2632 1775 2688 por-

191 2732 211 2762 ι
264 2719 518 2765 taverunt
543 2709 894 2781 ignominiam
928 2724 1080 2764 suam
1133 2724 1259 2764 cum
1307 2710 1391 2765 his
1425 2710 1518 2780 qui
1553 2711 1776 2765 descen-

192 2824 211 2853 ι
250 2803 387 2856 dunt
417 2802 468 2855 in
493 2801 688 2856 lacum.
715 2800 773 2855 ln
805 2800 981 2855 medio
1010 2799 1414 2855 interfectorum
1441 2801 1600 2869 positi
1627 2809 1772 2855 sunt.

194 2913 212 2944 ι
261 2893 338 2946 lbi
369 2892 584 2946 Mosoch
614 2899 669 2945 et
712 2889 881 2945 Tubal
923 2898 978 2945 et
1018 2890 1195 2945 omnis
1227 2890 1513 2944 multitudo
1560 2891 1676 2961 ejus
1722 2890 1777 2945 in

194 3006 213 3033 ι
247 2984 481 3038 circuitu
521 2983 665 3038 illius
702 2982 950 3052 sepulcra
975 2982 1113 3052 ejus.
1140 2981 1340 3038 Omnes
1381 2982 1434 3036 hi
1482 2981 1777 3037 incircum-

197 3094 214 3122 ι
262 3075 363 3128 eisi
388 3073 762 3143 interfectique
787 3081 842 3127 et
866 3074 1124 3128 cadentes
1164 3073 1339 3145 gladio
1377 3072 1470 3142 qui
1516 3073 1779 3128 dederunt

198 3182 216 3213 ι
264 3163 601 3218 formidinem
633 3178 785 3218 suam
816 3164 872 3218 in
900 3173 1045 3218 terra
1071 3164 1387 3228 viventium,
1420 3171 1477 3219 et
1506 3178 1611 3219 non
1647 3166 1776 3220 dero

1866 1989 2095 2045 strictim
2145 1988 2348 2044 dixisse
2400 1988 2646 2045 sufﬁciat.
2699 1988 2853 2043 Nunc
2904 1990 3094 2043 eadem
3145 1989 3441 2055 brevitate,

1867 2087 2138 2155 quantum,
2158 2079 2551 2149 explanationis
2600 2080 2804 2148 patitur
2848 2078 3163 2146 difﬁcultas,
3188 2079 3447 2151 spiritalis

1869 2168 2236 2239 intelligentiae
2264 2184 2475 2225 summa
2510 2184 2735 2240 quzeque
2771 2183 3077 2237 carpamus.
3117 2167 3292 2240 Supra
3337 2184 3445 2224 una

1870 2259 2073 2314 mensis
2111 2258 2197 2314 die
2248 2256 2425 2314 factus
2466 2267 2551 2314 est
2596 2273 2773 2314 sermo
2826 2258 3036 2313 Domini
3092 2257 3161 2313 ad
3214 2259 3447 2330 prophe-

1872 2356 2017 2413 tam,
2054 2348 2143 2403 hic
2175 2348 2362 2418 quinta
2399 2347 2629 2404 decima.
2670 2348 2727 2402 ln
2776 2348 2949 2418 prima
2994 2357 3174 2404 autem
3208 2348 3317 2414 die,
3343 2350 3457 2406 hoc

1873 2446 1954 2492 est
1986 2438 2040 2492 in
2063 2436 2317 2493 Kalendis
2359 2436 2560 2492 mensis
2585 2437 2865 2492 exordium
2899 2445 3019 2502 est;
3054 2438 3108 2492 in
3135 2438 3325 2508 quinta
3352 2439 3448 2495 de—

1875 2528 2014 2583 cima
2046 2527 2261 2596 quando
2301 2533 2447 2582 totus
2481 2527 2620 2581 fume
2669 2526 2817 2582 orbis
2873 2527 3143 2597 impletur.
3175 2528 3241 2583 Et
3262 2529 3447 2599 siqui-

1876 2618 1999 2672 dem
2057 2617 2263 2687 primus
2308 2617 2512 2673 mensis
2541 2616 2725 2685 fuerit,
2770 2618 3098 2690 Azymorum
3147 2627 3230 2675 est
3274 2620 3450 2690 prima

1878 2709 2029 2773 dies;
2063 2708 2153 2777 qui
2184 2715 2364 2764 autem
2395 2697 2679 2778 septimus
2732 2709 3211 2780 Seenopegiarum,
3234 2712 3451 2781 quando

1880 2798 2117 2869 figuntur
2171 2796 2540 2864 tabernacula,
2592 2811 2713 2867 quae
2755 2798 3124 2854 solemnitates
3167 2800 3309 2870 apud
3342 2799 3452 2855 He-

1877 2893 2053 2947 brzeos
2076 2890 2159 2946 vel
2195 2890 2446 2945 maxima:
2468 2898 2611 2945 sunt.
2641 2890 2726 2945 Fit
2764 2898 2942 2946 autem
2996 2891 3240 2961 planctus
3289 2905 3454 2962 super

1878 2980 2251 3037 fortitudinem
2272 2979 2515 3053 Egypti,
2538 2988 2600 3036 ut
2632 2979 2787 3036 fortis
2811 2980 2862 3035 in
2884 2980 3035 3037 malo
3059 2995 3180 3036 esse
3205 2980 3451 3046 desistat,

1878 3082 1935 3129 et
1961 3072 2186 3142 recipiat
2217 3069 2608 3136 infirmitatem,
2637 3078 2692 3123 et
2728 3072 2942 3140 quando
2970 3070 3234 3125 infirmior
3270 3070 3454 3136 fuerit,

1884 3172 2009 3219 tunc
2036 3162 2227 3219 fortior
2247 3163 2337 3217 sit.
2365 3160 2472 3218 Pro
2495 3160 2810 3221 fortitudine
2843 3159 3065 3233 Egypti
3106 3162 3159 3217 in
3190 3159 3456 3223 Hebralco

198 3274 216 3306 ι
264 3256 431 3310 mient
454 3271 575 3311 cum
600 3255 830 3312 fortibus
851 3258 1339 3328 cadentibusqueet
1365 3259 1777 3328 incircumcisis,
1807 3263 1853 3326 ρ
1883 3254 2047 3310 habet
2101 3252 2521 3310 multitudinem.
2565 3270 2584 3304 ι
2621 3251 2755 3306 Lata
2805 3252 2949 3309 enim
2984 3260 3039 3307 et
3083 3254 3319 3323 spatiosa
3347 3254 3455 3320 via,

200 3365 217 3397 ι
263 3347 355 3416 qui
388 3348 781 3402 descenderunt
806 3348 873 3403 ad
910 3347 1176 3404 infernum
1207 3366 1328 3405 cum
1361 3352 1527 3405 armis
1549 3352 1682 3407 suis.
1714 3350 1779 3405 Et

200 3457 217 3485 σ
258 3448 556 3506 posuerunt
581 3438 786 3509 gladios
810 3454 937 3495 suos
966 3442 1067 3495 sub
1094 3441 1364 3511 capitibus
1402 3442 1534 3507 suis,
1560 3450 1615 3498 et
1659 3442 1777 3497 fue-

202 3548 219 3577 ι
269 3534 393 3583 runt
422 3528 737 3597 iniquitates
769 3544 959 3589 eorum
1008 3530 1063 3586 in
1113 3531 1328 3586 ossibus
1384 3547 1606 3597 eorum,
1652 3546 1778 3600 quia

204 3638 221 3668 ο
264 3628 441 3671 tcrror
468 3616 687 3672 fortium
716 3618 843 3673 facti
869 3628 998 3675 sunt
1023 3620 1076 3673 in
1106 3629 1248 3674 terra
1276 3620 1593 3676 viventium.
1623 3621 1694 3676 Et
1726 3632 1781 3676 tu

207 3729 223 3757 ι
264 3723 398 3777 ergo
427 3708 481 3762 in
512 3709 689 3763 medio
713 3709 1214 3765 incircumcisorum
1246 3711 1543 3766 conten-eris
1570 3718 1626 3766 et
1652 3711 1782 3766 dor-

202 3820 217 3848 ι
263 3798 400 3853 mies
427 3814 548 3853 cum
576 3799 877 3855 interfectis
902 3800 1099 3871 gladio.
1130 3800 1204 3855 Ibi
1250 3801 1481 3856 Idumam
1530 3812 1587 3858 et
1630 3817 1782 3873 reges

201 3908 219 3940 ι
261 3888 474 3956 ejus,et
499 3904 687 3943 omnes
712 3889 878 3944 duces
904 3890 1043 3960 ejus,
1061 3891 1151 3960 qui
1185 3891 1295 3945 dati
1328 3900 1453 3946 sunt
1482 3907 1603 3946 cum
1627 3907 1783 3948 exer-

203 3999 221 4029 ι
269 3980 381 4033 citu
410 3994 507 4033 suo
537 3993 657 4033 cum
688 3978 986 4034 interfectis
1012 3980 1210 4050 gladio,
1236 3988 1289 4036 et
1323 3982 1414 4050 qui
1453 3997 1575 4037 cum
1621 3981 1784 4038 incir-

203 4090 223 4121 ι
264 4070 520 4126 cumcisis
548 4071 901 4134 dormierunt,
930 4078 986 4125 et
1010 4086 1133 4138 cum
1163 4072 1248 4127 his
1273 4073 1363 4142 qui
1391 4073 1787 4129 descenderunt

203 4181 221 4210 ο
262 4161 317 4213 in
342 4161 539 4215 lacum.
567 4160 643 4214 lbi
670 4160 941 4230 principes
961 4162 1230 4231 aquilonis
1253 4177 1443 4219 omnes
1464 4172 1520 4218 et
1546 4164 1786 4220 universi

204 4270 223 4301 ο
265 4261 588 4315 venatores,
614 4251 706 4320 qui
754 4251 968 4306 deducti
1011 4260 1138 4306 sunt
1182 4267 1303 4307 cum
1350 4254 1651 4311 interfectis
1690 4270 1787 4327 pas

208 4357 228 4387 ι
270 4347 478 4401 ventes,
509 4346 563 4393 et
590 4338 645 4394 in
672 4354 768 4393 sua
800 4338 1115 4394 fortitudine
1142 4340 1367 4406 confusi,
1400 4343 1524 4412 quia
1552 4343 1787 4400 dormie-

206 4448 225 4481 ι
278 4437 406 4482 runt
434 4429 794 4484 incircumcisi
827 4444 948 4485 cum
977 4430 1279 4487 interfectis
1310 4432 1511 4503 gladio,
1555 4442 1610 4493 et
1661 4450 1788 4505 por-

207 4544 227 4575 ι
272 4534 525 4580 taverunt
560 4525 928 4580 confusionem
976 4542 1129 4581 suam
1172 4543 1293 4582 cum
1325 4529 1407 4583 his
1431 4528 1523 4597 qui
1558 4530 1784 4585 descen-

1882 3360 2001 3415 quae
2028 3343 2176 3398 ducit
2212 3344 2279 3397 ad
2331 3348 2578 3406 mortem,
2611 3350 2667 3396 et
2723 3340 2879 3397 multi
2941 3342 3316 3415 ingrediuntur
3361 3358 3459 3414 per

1880 3450 2001 3491 eam
2029 3432 2245 3503 (Matth.
2277 3432 2397 3505 vn).
2433 3452 2451 3486 ι
2496 3431 2648 3487 Sicut
2677 3447 2706 3487 e
2733 3433 3009 3488 contrario
3047 3432 3245 3488 dicitur
3292 3434 3359 3488 ad
3386 3435 3461 3489 ls-

1880 3525 1993 3579 rael
2025 3543 2038 3578 :
2076 3542 2094 3575 ι
2130 3524 2240 3579 Vos
2283 3530 2466 3579 autem
2510 3506 2643 3577 estis
2676 3522 2835 3593 pauci
2882 3522 3024 3577 inter
3052 3536 3243 3578 omnes
3274 3532 3461 3595 gentes

1882 3615 2059 3687 (Dent.
2078 3616 2293 3687 xxvm),
2316 3633 2334 3667 ι
2352 3629 2568 3686 semper
2582 3614 2725 3669 enim
2745 3614 2918 3670 virtus
2940 3631 3064 3670 rara
3077 3622 3181 3681 est,
3202 3634 3221 3667 ι
3248 3624 3463 3687 etarcta

1882 3717 1938 3766 et
1975 3718 2201 3780 angusta
2240 3708 2350 3775 via,
2392 3722 2515 3779 quae
2549 3706 2697 3763 ducit
2747 3705 2814 3761 ad
2843 3707 3027 3770 vitam,
3062 3714 3118 3761 et
3139 3708 3297 3777 pauci
3335 3714 3463 3763 sunt

1881 3802 1975 3872 qui
2024 3800 2397 3871 ingrediuntur
2446 3812 2541 3869 per
2568 3811 2710 3853 eam.
2744 3816 2762 3847 ι
2797 3795 2949 3863 Quod
2989 3810 3168 3851 autem
3194 3795 3463 3868 Egyptus

1882 3896 2177 3969 plangitur,
2202 3902 2258 3949 et
2284 3902 2510 3951 mortua:
2547 3892 2671 3948 filize
2700 3888 2842 3960 ejus,
2885 3890 3040 3961 juxta
3079 3888 3457 3961 Septuaginta,

1883 3990 1999 4047 sive
2022 3988 2263 4058 gentium
2292 3987 2635 4043 robustarutn
2666 3984 3004 4040 deducuntur
3050 3982 3119 4036 ad
3150 3988 3351 4035 terram
3375 3980 3459 4034 ul-

1884 4083 2072 4139 timam
2108 4079 2165 4136 in
2212 4078 2394 4134 lacum
2444 4077 2560 4133 sive
2608 4076 2663 4131 in
2693 4075 2902 4131 foveam
2959 4071 3463 4145 profundissimam,

1884 4170 2260 4242 significantur
2283 4164 2480 4222 anima:
2522 4165 2578 4220 in
2627 4163 2864 4235 {Egypto
2914 4161 3073 4231 hujus
3108 4161 3289 4219 seculi
3315 4177 3467 4219 com-

1885 4269 2181 4327 morantes,
2230 4255 2729 4330 quaeperdiderunt
2779 4271 2923 4323 eum,
2953 4256 3045 4327 qui
3072 4255 3202 4311 dicit
3235 4274 3247 4312 :
3297 4274 3315 4307 ι
3351 4256 3463 4328 Ego

1886 4366 2005 4408 sum
2036 4350 2147 4404 vita
2176 4348 2358 4422 (Joan.
2386 4347 2521 4421 xxv).
2560 4366 2580 4401 ι
2610 4347 2678 4403 Et
2712 4346 2949 4418 peccatis
2976 4358 3205 4403 mortua:
3228 4348 3464 4417 pondere

1886 4454 2073 4497 eorum
2102 4441 2170 4495 ad
2200 4438 2405 4496 inferos
2432 4437 2809 4503 detrahuntur,
2857 4436 3071 4492 dicente
3118 4446 3404 4507 peccatore
3438 4452 3451 4489 :

1896 4553 1915 4585 ι
1950 4533 2215 4601 Quoniam
2245 4531 2557 4601 iniquitates
2585 4544 2720 4586 mea:
2760 4542 3125 4599 supergressa:
3152 4536 3277 4583 sunt
3302 4538 3465 4598 caput

208 4635 228 4668 ι
271 4617 405 4670 dunt
434 4616 485 4669 in
517 4616 713 4671 lacum.
742 4618 887 4671 Vidit
913 4632 1006 4672 eos
1039 4617 1250 4673 Pharao
1278 4627 1334 4674 et
1369 4620 1677 4676 consolatus
1701 4629 1786 4676 est
1812 4605 1866 4665 Ῑ)
1890 4639 2092 4691 meum,
2118 4633 2175 4680 et
2201 4625 2342 4680 sicut
2386 4638 2524 4679 onus
2557 4637 2721 4694 grave
2748 4632 2986 4693 gravata;
3036 4629 3163 4677 sunt
3186 4636 3347 4692 super
3378 4636 3465 4676 me

209 4726 230 4760 ι
278 4723 445 4777 super
478 4708 731 4763 universa
776 4708 1118 4763 multitudine
1162 4725 1292 4777 sua,
1336 4726 1456 4781 quae
1505 4712 1786 4768 interfecta

209 4816 230 4850 ι
276 4807 363 4853 est
401 4797 616 4868 gladio:
659 4797 873 4852 Pharao
913 4807 967 4853 et
1009 4801 1187 4856 omnis
1215 4803 1485 4857 exercitus
1525 4804 1663 4874 ejus,
1710 4805 1789 4859 ait

210 4909 230 4942 ‹
272 4889 535 4945 Dominus
554 4889 726 4955 'Deus,
751 4892 879 4960 quia
902 4890 1049 4946 dedit
1071 4900 1334 4947 terrorem
1364 4909 1521 4949 suum
1551 4894 1605 4948 in
1645 4904 1787 4950 terra

211 5000 231 5032 ι
273 4982 589 5047 viventium,
613 4990 669 5036 et
704 4982 959 5036 dormivit
1004 4982 1056 5036 in
1080 4985 1255 5038 medio
1293 4984 1787 5040 incircumcisorum

212 5093 231 5124 ι
270 5087 397 5127 cum
426 5071 726 5127 interfectis
750 5072 947 5142 gladio.
982 5072 1194 5128 Pharao
1223 5083 1280 5128 et
1303 5077 1479 5131 omnis
1503 5076 1789 5131 multitudo

216 5182 237 5214 ι
276 5160 416 5231 ejus,
437 5164 513 5217 ait
534 5163 792 5217 Dominus
820 5165 979 5218 Deus.
1018 5184 1036 5215 ι
1067 5165 1282 5220 Interim
1307 5164 1461 5233 juxta
1508 5167 1787 5221 historiam

212 5252 538 5311 manifestus
561 5261 644 5308 est
666 5268 871 5308 sensus.
901 5253 956 5306 ln
986 5255 1175 5309 eodem
1212 5256 1353 5309 enim
1407 5270 1550 5310 anno
1594 5257 1792 5311 duode-

213 5344 377 5406 cimo,
396 5350 450 5396 et
474 5343 527 5395 in
554 5344 741 5399 eodem
763 5353 821 5397 ut
848 5352 1096 5413 putamus
1122 5360 1326 5409 mense,
1356 5346 1449 5399 sed
1476 5362 1579 5400 non
1604 5347 1655 5400 in
1687 5364 1788 5401 una

212 5443 277 5488 ut
301 5447 467 5503 supra
492 5434 711 5489 mensis.
748 5436 944 5489 Verum
984 5436 1038 5489 in
1083 5438 1270 5505 quinta
1316 5438 1523 5491 decima
1569 5440 1655 5493 die
1695 5455 1789 5493 ne-

203 5546 479 5601 quaquam
502 5544 663 5599 super
689 5530 993 5595 Pharaone,
1018 5531 1109 5584 sed
1137 5546 1298 5599 super
1318 5531 1650 5597 fortitudine,
1676 5534 1791 5587 sive

205 5618 554 5674 multitudine
576 5619 794 5690 JEgypti
836 5620 1081 5690 planctus
1118 5623 1411 5675 assumitur
1440 5639 1454 5675 :
1488 5622 1580 5690 qui
1610 5623 1789 5677 detra-

206 5710 355 5765 hitur
376 5711 444 5763 de
473 5710 723 5778 superbia
759 5727 853 5764 sua
887 5726 1007 5764 cum
1062 5711 1329 5766 universis
1383 5711 1596 5766 filiabus
1650 5712 1781 5775 suis,

206 5802 322 5859 sive
344 5802 584 5871 gentium
615 5803 956 5856 robustarum
997 5802 1063 5860 ad
1090 5810 1291 5857 terram
1318 5802 1584 5868 ultimum,
1612 5801 1661 5857 id
1704 5811 1788 5857 est

1893 4717 2066 4790 (Psal.
2093 4716 2321 4787 xxxv“).
2359 4714 2517 4770 tistaa
2543 4725 2668 4769 sunt
2694 4714 2761 4769 (le
2785 4712 2981 4785 quibus
3011 4712 3272 4783 scriptum
3300 4718 3383 4767 est
3409 4720 3466 4766 et

1891 4809 1947 4863 in
1976 4808 2083 4863 alio
2108 4807 2265 4864 loco:
2304 4826 2324 4860 ί
2374 4805 2746 4877 lngredientur
2772 4805 2826 4860 in
2852 4803 3109 4859 inferiora
3140 4812 3320 4865 teme,
3354 4809 3463 4856 tra-

1890 4901 2087 4956 dentur
2112 4900 2166 4954 in
2189 4913 2381 4954 manus
2404 4898 2583 4969 gladii,
2616 4906 2801 4967 partes
2826 4896 3066 4965 vulpiqu
3092 4901 3253 4949 erunt
3283 4891 3459 4965 (Psal.

1892 4987 2060 5061 an);
2095 5007 2115 5041 ι
2169 4988 2262 5058 qui
2314 4986 2459 5041 enim
2513 4985 2649 5040 fodit
2700 4986 2938 5050 foveam,
2998 4984 3199 5039 incidet
3250 4984 3303 5049 in
3342 4998 3464 5040 eam

1895 5078 2085 5150 (Eccli.
2111 5077 2303 5147 xxvu).
2344 5098 2362 5131 ι
2391 5077 2542 5134 Unde
2570 5087 2625 5133 et
2644 5077 2873 5148 legimus
2898 5094 2911 5130 :
2950 5094 2970 5128 ι
2990 5076 3203 5133 .Lacum
3231 5077 3463 5145 aperuit,

1896 5176 1951 5223 et
1990 5167 2175 5223 effodit
2224 5183 2371 5232 eum,
2423 5168 2490 5224 et"
2532 5167 2721 5222 incidit
2774 5166 2831 5222 in
2876 5164 3085 5223 foveam
3142 5182 3305 5235 quam
3341 5165 3467 5222 fecit

1898 5258 2068 5331 (Psal.
2106 5260 2223 5330 vn).
2256 5280 2274 5311 ι
2307 5260 2567 5330 Quodque
2600 5260 2843 5329 sequitur
2881 5276 2893 5311 :
2928 5258 3043 5325 Quo
3066 5258 3340 5329 pulchrior
3386 5273 3465 5323 es,

1898 5352 2163 5406 descende
2189 5360 2244 5406 et
2272 5351 2443 5406 dormi
2472 5366 2595 5405 cum
2648 5349 3064 5414 incircumcisis,
3104 5368 3123 5401 ι
3157 5351 3374 5420 preprie
3400 5351 3466 5403 ad

1896 5440 2229 5494 Pharaonem
2259 5455 2437 5509 regem
2463 5438 2681 5509 Egypti
2706 5453 2885 5493 sermo
2930 5438 3201 5510 dirigitur,
3241 5440 3377 5505 sive,
3408 5448 3469 5496 ut

1896 5532 1948 5584 in
1973 5529 2323 5601 Septuaginta
2346 5530 2413 5585 de
2435 5529 2801 5585 Theodotione
2815 5528 3056 5583 additum
3085 5538 3187 5595 est,
3213 5532 3280 5587 ad
3295 5532 3467 5602 ipsam

1893 5621 2229 5691 [Egyptumz
2270 5640 2287 5673 ι
2346 5622 2421 5676 De
2469 5636 2606 5690 aqua
2664 5621 3030 5690 pulcherrima
3081 5622 3365 5686 descende,
3410 5633 3469 5679 et

1892 5711 2065 5766 dormi
2091 5728 2212 5767 cum
2245 5711 2655 5767 incircumcisis.
2691 5731 2709 5764 ι
2738 5710 2889 5778 Quod
2916 5710 3222 5780 specialiter
3247 5713 3313 5767 ad
3340 5728 3464 5768 cum

1869 5799 2146 5871 pertinet,
2177 5803 2267 5871 qui
2319 5803 2371 5856 in
2426 5801 2747 5872 baptismate
2784 5801 2983 5857 Christi
3012 5810 3248 5866 renatus,
3278 5811 3332 5856 et
3358 5818 3457 5861 au-
