3936 6346
506 382 611 441 827

1142 381 1204 438 Β.
1246 382 1498 439 RABANI
1536 380 1754 439 MAURI
1793 374 2113 435 ARCHIEP.
2156 375 2465 434 MOGUNT.
2502 370 2791 433 OPEBUM
2829 372 3010 430 PARS
3047 371 3113 428 ll.

3680 372 3802 433 828

507 496 663 551 cliens
686 509 809 551 cum
842 493 1085 551 Ecclesia
1113 511 1129 549 :
1166 514 1189 548 ε
1220 494 1351 563 Qurc
1399 506 1483 553 est
1536 496 1638 552 ista
1667 508 1789 566 quin
1836 492 2083 549 ascendit
2111 493 2163 554 Α
2190 500 2399 547 ternum
2430 489 2633 546 fodisse
2664 487 2943 559 Scriptura
2996 492 3252 551 testatur,
3296 488 3395 543 scd
3441 500 3637 543 clunes
3661 503 3805 559 pec-

506 588 755 644 dealbata
784 586 1018 642 innitens
1038 602 1201 658 super
1230 586 1549 644 fratruelem
1597 587 1799 643 suum?
1833 605 1855 639 ι
1905 585 2083 657 (Cant.

505 677 630 747 vui)
678 686 867 747 postea
894 676 978 732 vel
1008 676 1368 735 fornicatione
1398 680 1486 737 vel
1518 678 1643 733 aliis
1664 678 1814 733 vitiis
1838 675 2087 733 sordida-

507 776 598 823 tus
641 765 861 837 eiicitur
916 768 983 824 de
1009 767 1279 835 Ecclesia,
1340 778 1399 825 et
1432 769 1636 825 dicitur
1660 769 1729 825 ad
1758 782 1924 825 eum:
1958 787 1976 820 r
2011 768 2088 823 De

508 873 648 927 aqua
674 856 1038 928 pulcherrima
1065 858 1335 916 descende
1358 869 1413 916 et
1433 859 1606 915 dormi
1634 873 1759 915 cum
1795 857 2089 914 incircum-

506 952 660 1016 cisis,
698 969 717 1003 ι
748 950 802 1007 id
830 960 937 1016 est,
998 966 1121 1005 cum
1154 952 1444 1011 immundis
1474 950 1631 1022 juxta
1662 952 1811 1008 illum
1867 966 2086 1008 sensum

503 1056 664 1111 quem
714 1042 869 1110 ponit
918 1041 1210 1112 Apostolus
1242 1059 1257 1097 ε
1295 1060 1317 1095 r
1347 1042 1455 1098 Nos
1505 1058 1694 1099 sumus
1718 1041 2085 1106 circumcisio,

502 1131 605 1200 qui
621 1130 676 1184 in
697 1130 891 1200 spiritu
908 1129 1020 1187 Deo
1042 1131 1341 1188 servientes
1358 1139 1419 1188 et
1436 1130 1733 1203 gloriantes
1750 1132 1806 1187 in
1833 1131 2087 1194 Domino.

434 1242 435 1255 ι
503 1231 559 1276 et
587 1236 695 1277 non
724 1222 779 1277 in
810 1236 977 1277 carne
1001 1220 1333 1278 confidentes
1359 1218 1584 1293 (Philip.
1616 1220 1723 1295 lli).
1756 1242 1776 1275 ι
1808 1217 1872 1276 Hi
1896 1236 2092 1277 omnes

503 1309 559 1364 in
605 1308 787 1375 medio
820 1308 1230 1364 vulneratorum
1283 1310 1399 1365 sive
1434 1309 1844 1365 interfectorum
1889 1311 2089 1365 cadent

502 1412 625 1455 cum
652 1400 935 1456 Pharaone
965 1400 1055 1456 illo
1078 1400 1256 1472 gladio
1286 1415 1449 1471 quem
1478 1400 1627 1456 venit
1651 1401 1869 1456 mittere
1895 1400 2081 1455 Domi-

502 1507 606 1545 nus
628 1505 794 1561 super
818 1499 1042 1546 terram.
1078 1489 1231 1547 Sicut
1262 1492 1406 1546 enim
1438 1488 1641 1547 Christi
1671 1490 1883 1562 gladius
1919 1491 2090 1547 bonos

502 1596 535 1635 a
564 1581 722 1637 malis
748 1590 967 1652 separat
989 1581 1214 1637 dicens:
1262 1600 1281 1631 ι
1317 1579 1441 1635 Non
1489 1580 1615 1635 veni
1647 1594 1839 1650 pacem
1872 1580 2091 1635 mittere

503 1687 668 1743 super
698 1680 923 1739 terram,
954 1673 1049 1728 sed
1094 1671 1329 1742 gladium
1354 1668 1577 1741 (Matth.
1612 1671 1710 1741 x);
1755 1691 1772 1724 ι
1810 1670 1889 1726 sic
1918 1672 2089 1727 haere-

506 1765 735 1819 ticorum
767 1763 979 1836 gladius
1006 1778 1195 1819 omnes
1230 1764 1465 1820 trucidat
1490 1764 1732 1834 populos,
1762 1770 1818 1817 et
1840 1762 2091 1817 vulnera-

2191 592 2405 639 catores
2442 591 2673 652 quorum
2710 577 2814 635 fuit
2859 578 3023 636 Ozias
3074 594 3167 634 ne:
3218 578 3463 648 leprosos
3500 576 3588 651 (11
3618 576 3768 633 Par.

2192 674 2365 746 xxvi),
2397 683 2454 731 et
2497 674 2591 745 qui
2624 686 2723 744 per
2769 687 2924 728 suam
2955 670 3265 741 superbiam
3301 670 3532 725 corruit.
3567 670 3645 724 De
3678 685 3806 739 quo

2190 764 2469 830 scribitur,
2497 766 2640 834 quod
2672 764 2837 820 homo
2862 760 3025 817 fuerit
3056 769 3214 815 terr-re
3259 758 3521 830 operibus
3572 760 3803 815 incuru-

2192 855 2348 920 beus,
2377 852 2660 908 etmultas
2686 852 2956 923 superbia!
3007 857 3188 903 turres
3237 848 3519 904 aedificarit
3566 849 3625 903 iu
3687 864 3799 902 an—

2192 944 2357 1017 gulis,
2386 954 2443 1001 et
2485 943 2643 998 lacus
2674 941 2887 997 foderit.
2924 938 2965 994 E
2999 941 3276 995 contrario
3314 940 3380 994 ad
3404 937 3616 1009 justum
3650 939 3801 995 dici-

2194 1042 2324 1090 tur:
2357 1051 2376 1084 «
2413 1033 2545 1088 Bibe
2565 1046 2737 1102 aquas
2792 1030 2863 1085 de
2908 1030 3018 1085 tuis
3070 1030 3237 1091 vasis,
3288 1038 3349 1084 et
3395 1030 3463 1084 de
3492 1038 3799 1099 puteorum

2193 1132 2411 1180 tuorum
2458 1120 2698 1178 fontibus
2748 1120 2931 1194 (Prov.
2992 1120 3065 1192 v).
3102 1138 3123 1172 ι
3179 1120 3244 1173 Et
3271 1132 3487 1174 rursum
3516 1136 3535 1173 :
3574 1136 3595 1171 ι
3632 1118 3797 1173 Fons

2200 1228 2354 1284 aqua:
2376 1224 2485 1269 tute
2512 1215 2580 1268 sit
2610 1213 2881 1284 proprius.
2915 1230 2934 1264 ι
2961 1211 3125 1267 Unde
3142 1210 3458 1279 loquituret
3482 1209 3794 1267 Dominus:

2197 1314 2219 1355 ι
2253 1304 2338 1359 Me
2367 1304 2773 1374 dereliqncrunt
2817 1301 3021 1357 fontem
3052 1316 3204 1370 aqum
3230 1301 3387 1365 vivat,
3420 1309 3477 1356 et
3524 1297 3798 1355 foderunt

2193 1394 2295 1452 sibi
2320 1396 2488 1461 lacus,
2517 1396 2570 1451 id
2596 1405 2679 1450 est
2705 1395 2991 1457 cisternas,
3022 1408 3143 1464 qua:
3169 1408 3341 1462 aquas
3360 1392 3650 1447 continere
3679 1406 3796 1446 non

2192 1495 2421 1559 possunt
2451 1485 2585 1558 (Jer.
2619 1485 2705 1556 ιι).
2746 1505 2765 1538 ι
2811 1483 3075 1555 Sequitur
3108 1501 3123 1538 :
3161 1504 3179 1535 ι
3216 1483 3282 1537 Et
3311 1482 3455 1538 facta
3484 1491 3571 1537 est
3603 1480 3797 1537 multi-

2194 1577 2327 1633 tudo
2380 1575 2501 1646 ejus
2555 1590 2655 1646 per
2695 1590 2887 1648 gyrum
2943 1574 3178 1645 sepulcri
3237 1572 3373 1643 ejus.
3408 1592 3428 1626 i
3494 1572 3564 1627 Hi
3592 1587 3799 1628 omnes

2192 1666 2417 1739 cingunt
2444 1667 2751 1738 Assyrium,
2783 1675 2837 1720 et
2864 1673 2947 1722 est
2973 1680 3163 1721 eorum
3192 1665 3425 1735 plurima
3464 1663 3794 1725 multitudo,

2193 1756 2287 1828 qui
2318 1757 2553 1812 universi
2580 1756 2847 1811 vulnerati
2887 1762 3012 1818 sunt
3040 1763 3095 1810 et
3124 1753 3417 1817 interfecti,
3443 1762 3497 1809 et
3524 1753 3799 1809 cadentes

503 1864 589 1909 tos
615 1854 681 1907 ad
704 1853 919 1909 inferna
946 1855 1181 1910 deducit.
1215 1854 1306 1909 Isti
1361 1863 1487 1909 sunt
1536 1856 1781 1926 gigantes
1831 1853 2091 1923 potentis-
2119 1839 2169 1901 Β
2194 1849 2393 1921 gladio.
2408 1847 2577 1904 Nemo
2592 1846 2736 1903 enim
2752 1862 2941 1903 eorum
2966 1856 3110 1902 stare
3123 1856 3437 1918 potestcum
3458 1846 3667 1917 Moyse,
3688 1860 3799 1899 nec

504 1947 626 2002 simi
666 1954 718 2000 et
743 1945 991 2009 rebelles,
1035 1955 1090 2000 et
1116 1954 1381 2017 ponentes
1419 1946 1471 1999 in
1501 1945 1774 2001 excelsum
1802 1959 1865 2000 os
1911 1959 2089 1999 suum.

503 2040 571 2094 Et
593 2048 796 2110 quanto
826 2052 923 2109 per
968 2040 1279 2110 superbiam
1332 2054 1390 2093 se
1422 2038 1486 2093 ad
1514 2037 1728 2093 excelsa
1781 2035 2090 2099 sustollant,

500 2140 654 2186 tanto
677 2131 749 2185 ad
790 2129 1114 2201 profundum
1142 2129 1309 2185 fovea:
1338 2140 1394 2185 et
1444 2130 1496 2183 in
1541 2128 1742 2184 inferni
1798 2128 2091 2183 novissima

503 2224 879 2280 detrahuntur.
915 2222 1117 2295 (Greg.)
1147 2221 1311 2277 Juxta
1363 2222 1721 2293 tropologiam
1769 2237 1900 2277 vero
1936 2222 2090 2290 quis-

504 2316 629 2387 quis
655 2327 820 2386 supra
849 2322 907 2370 Se
935 2313 1232 2376 extollitur,
1267 2314 1383 2383 ipso
1431 2311 1683 2367 elationis
1711 2328 1822 2367 sure
1848 2311 2091 2380 pondere

504 2416 785 2481 gravatur,
811 2417 958 2462 eteo
983 2422 1041 2462 se
1076 2407 1129 2461 in
1175 2405 1379 2460 infimis
1429 2404 1644 2475 mergit,
1678 2417 1791 2472 quo
1819 2403 1872 2456 in
1903 2416 2092 2470 super-

504 2500 608 2555 biae
655 2496 845 2553 vitium
895 2512 1160 2569 proruens
1191 2496 1259 2550 ab
1285 2510 1372 2555 co.
1400 2493 1491 2563 qui
1544 2508 1669 2547 vere
1716 2490 1963 2547 excelsus
1988 2498 2091 2553 est,

503 2591 795 2662 elongavit,
846 2598 1009 2660 atque
1062 2588 1185 2643 inde
1223 2586 1395 2657 magis
1436 2585 1546 2639 ima
1578 2582 1805 2653 appetit,
1864 2580 2006 2635 unde
2033 2594 2093 2633 se

506 2684 853 2756 coniunctum
907 2681 1213 2744 aestimavit,
1246 2680 1389 2735 sicut
1412 2693 1513 2749 per
1564 2676 1889 2746 Prophetam
1916 2671 2091 2729 extol-

507 2776 639 2831 lenti
667 2789 726 2829 se
756 2772 951 2827 animae
977 2770 1176 2825 dicitur
1207 2770 1277 2823 ε’(
1319 2769 1438 2836 Quo
1462 2766 1740 2838 pulchrior
1762 2781 1842 2831 es,
1869 2766 2094 2821 descen-

506 2868 575 2920 de
600 2871 653 2918 et
676 2860 851 2916 dormi
895 2874 1017 2915 cum
1076 2857 1492 2913 incircumcisis.
1531 2876 1549 2909 ι
1585 2854 1775 2911 Omnis
1830 2854 1975 2909 enim
2001 2853 2091 2923 qui

506 2959 532 3011 f
550 2956 811 3010 edit-atem
850 2951 1183 3010 infirmitatis
1213 2966 1323 3006 sure
1349 2950 1699 3006 considerare
1724 2948 1965 3021 negligit,
1998 2948 2095 3004 sed

506 3065 606 3119 per
631 3046 884 3102 elationis
917 3043 1139 3111 fastum,
1194 3044 1413 3099 virtutis
1441 3058 1551 3097 sure
1576 3042 1802 3115 gloriam
1840 3039 2093 3106 attendit,

507 3142 652 3194 unde
669 3139 959 3209 pulchrior
986 3144 1090 3197 est,
1119 3138 1242 3191 inde
1266 3133 1547 3190 descendit
1589 3153 1600 3188 :
1636 3133 1760 3205 quia
1786 3130 2095 3189 extollendo

2198 1939 2410 2003 audire,
2442 1957 2461 1989 (
2491 1938 2581 2008 qui
2604 1938 2763 1993 statis
2784 1937 2835 1991 in
2860 1934 3437 2008 domoDomini(Pral.
3469 1934 3736 2004 cxxxm),
3772 1954 3792 1988 ι

2198 2028 2293 2084 sed
2318 2027 2798 2097 omnesvuluerati
2828 2026 3209 2098 interfectique
3230 2036 3379 2093 sunt,
3406 2036 3457 2081 et
3484 2027 3795 2081 cadentes:

2197 2118 2291 2185 qui
2322 2116 2593 2187 quondam
2625 2116 2887 2171 dederant
2940 2116 3283 2172 formidinem
3316 2118 3367 2171 in
3410 2126 3555 2172 terra
3593 2118 3797 2171 viven-

2201 2209 2360 2262 tium.
2403 2207 2768 2264 Fortuidinem
2798 2218 2977 2263 autem
3030 2207 3133 2271 his,
3189 2208 3277 2277 qui
3311 2216 3470 2262 erant
3521 2206 3798 2262 Ecclesiis

2196 2301 2492 2372 prchositi,
2541 2314 2608 2354 ne
2652 2300 2707 2354 in
2740 2307 2885 2354 terra
2930 2300 3225 2353 viventium
3282 2298 3523 2354 facerent
3550 2298 3796 2368 populos

2199 2398 2560 2455 mortuorum,
2587 2398 2643 2444 et
2668 2388 2940 2460 simplices
2969 2404 3213 2459 quosque
3254 2388 3581 2459 deciperent.
3624 2387 3792 2444 Unde

2198 2490 2251 2537 et
2274 2479 2476 2536 Paulus
2498 2480 2679 2535 aiebat
2706 2498 2718 2533 :
2754 2497 2771 2531 ι
2810 2480 2998 2535 Timeo
3024 2489 3203 2534 autem
3226 2493 3294 2534 ne
3334 2479 3472 2534 forte
3492 2478 3636 2533 sicut
3671 2492 3805 2533 ser-

2199 2589 2335 2647 pens
2363 2572 2577 2643 decepit
2616 2571 2786 2627 Evam
2829 2572 2885 2627 in
2941 2572 3148 2627 malitia
3197 2587 3317 2637 sua,
3359 2579 3799 2639 corrumpantur

2199 2678 2392 2720 sensus
2422 2662 2591 2718 vestri
2616 2676 2717 2733 per
2753 2661 3182 2731 simplicitatem,
3212 2676 3332 2729 qua:
3370 2667 3455 2717 est
3487 2660 3539 2714 in
3561 2658 3799 2715 Christo

2200 2753 2288 2824 (II
2317 2752 2440 2807 Cor.
2479 2751 2581 2823 ιι).
2616 2770 2634 2803 ι
2663 2749 2771 2806 Sed
2810 2751 2897 2805 hic
2928 2752 3090 2805 timor
3130 2765 3225 2820 spe
3261 2749 3471 2805 Domini
3500 2748 3799 2819 mitigatur

2204 2842 2418 2897 dicente
2445 2840 2773 2896 Psalmista:
2812 2857 2829 2892 ι
2864 2841 3123 2895 Dominus
3177 2839 3497 2895 illuminatio
3550 2854 3705 2904 mea,
3742 2846 3797 2892 et

2197 2933 2347 2990 salus
2392 2947 2533 2997 mea,
2562 2946 2721 3001 quem
2751 2932 2994 2986 timebo?
3029 2931 3290 2986 Dominus
3337 2938 3609 3000 protector
3664 2928 3799 2982 vita:

2202 3043 2358 3093 meat,
2390 3043 2421 3081 a
2452 3042 2559 3096 quo
2586 3024 2908 3095 trepidabo?
2937 3022 3111 3096 (Ρωι.
3140 3023 3315 3097 xxvr.)
3353 3042 3373 3077 ι
3401 3021 3529 3078 Post
3560 3021 3691 3075 haec
3714 3022 3797 3074 di-

2200 3118 2377 3175 citur:
2401 3134 2418 3170 t
2449 3115 2527 3171 lbi
2549 3116 2700 3171 Elam
2725 3114 2827 3193 [lbi
2852 3112 3049 3187 Assur]
3074 3122 3129 3170 et
3154 3115 3329 3170 omnis
3356 3111 3642 3167 multitudo
3675 3112 3801 3181 ejus

505 3249 568 3289 se
593 3232 659 3287 de
680 3202 822 3286 suis
852 3229 1081 3294 meritis,
1140 3227 1267 3281 inde
1301 3226 1355 3280 iu
1387 3225 1494 3279 ima
1552 3202 1805 3279 interitus
1865 3221 2093 3289 corruit,
2123 3210 2170 3275 C
2198 3224 2298 3281 per
2321 3221 2515 3280 synnn
2544 3206 2776 3277 sepulcri
2800 3204 2941 3275 eius.
2980 3224 2999 3258 ι
3031 3204 3184 3259 Haud
3209 3204 3430 3259 dubium
3460 3202 3585 3273 quin
3614 3202 3800 3272 Assy-

508 3325 652 3380 uude
700 3314 996 3394 gloriosum
1049 3335 1108 3375 se
1143 3332 1263 3375 esse
1289 3317 1570 3388 judicavit.
1612 3308 1713 3384 Qui
1765 3314 2099 3371 descendens

508 3431 633 3472 cum
662 3411 1061 3468 incircum‘cisis
1099 3410 1378 3473 dormivit,
1406 3408 1534 3478 quia
1582 3408 1635 3462 lu
1658 3415 1921 3462 sternam
1951 3420 2101 3460 mor-

511 3519 620 3563 tem
686 3518 811 3563 cum
878 3502 1092 3560 caeteris
1146 3500 1525 3573 peccatoribus
1569 3497 1790 3556 defecit.
1826 3496 2100 3572 (Hier-on.)

512 3599 613 3668 Qui
637 3612 829 3653 omnes
882 3592 1159 3651 interfecti
1209 3602 1336 3648 sunt
1381 3592 1579 3663 glacﬁo,
1608 3598 1665 3647 et
1712 3598 1775 3645 ut
1820 3586 1986 3645 sciret
2013 3587 2101 3643 vel

514 3692 726 3747 Pharao
747 3689 834 3745 vel
861 3686 1039 3743 omnis
1074 3684 1293 3758 Egypti
1323 3683 1600 3749 fortitudo,
1639 3698 1760 3753 quae
1791 3682 1858 3735 ad
1888 3680 2099 3735 inferna

514 3783 762 3836 detracta
791 3788 898 3845 est,
924 3793 1061 3850 quos
1085 3777 1310 3832 haberet
1338 3777 1393 3831 in
1427 3775 1607 3845 pinnis
1646 3774 1825 3828 socios
1841 3782 2101 3841 ,sequcns

517 3888 710 3929 sermo.
749 3873 1106 3926 demonstrat.
1153 3868 1231 3922 lbi
1282 3869 1451 3922 Assur
1484 3874 1539 3919 ct
1586 3865 1766 3921 omnis
1816 3859 2103 3918 multitudo

515 3963 598 4016 vel
622 3962 904 4035 Synagoga
926 3958 1063 4031 ejus.
1096 3958 1376 4029 Principes
1412 3958 1557 4013 enim
1581 3956 1961 4011 haereticorum
1989 3952 2099 4007 dia-

506 4054 695 4117 lvolus,
724 4052 883 4120 cujus
909 4064 1037 4105 vere
1066 4047 1415 4120 congregatio
1466 4054 1552 4101 est
1578 4059 1872 4117 synagoga,
1903 4043 1969 4097 de
1996 4055 2101 4110 qua

521 4146 574 4197 in
606 4141 932 4213 Apocalypsi
983 4140 1181 4195 dicitur
1222 4158 1233 4191 :
1276 4158 1294 4190 ι
1328 4138 1429 4205 Qui
1488 4144 1615 4193 sunt
1660 4149 1945 4207 synagoga:
1999 4133 2104 4187 Sa-

526 4245 668 4288 tanzc
735 4233 922 4303 (Apoc.
988 4231 1132 4303 11).:
1196 4229 1499 4299 Sequentes
1568 4235 1749 4283 autem
1809 4223 2106 4280 versiculos

521 4324 612 4394 qui
636 4324 788 4394 juxta
819 4321 1171 4391 Septuaginta
1187 4320 1343 4374 obolo
1365 4324 1754 4386 praenotantur,
1778 4326 2109 4385 praetereun-

522 4421 621 4471 dxs
644 4425 792 4488 puto,
823 4414 1221 4484 dicendumque
1260 4412 1404 4482 quod
1437 4411 1667 4465 habetur
1708 4410 1763 4463 in
1814 4406 2104 4471 chraico,

2205 3300 2296 3356 rii.
2325 3299 2481 3354 Elam
2510 3298 2566 3353 in
2608 3298 2846 3368 linguam
2875 3306 3119 3351 nostram
3152 3293 3381 3349 vertitur
3411 3309 3663 3347 ascensus
3704 3308 3799 3346 eo-

2202 3406 2341 3445 rum.
2373 3389 2575 3447 Omnes
2596 3390 2741 3445 enim
2770 3388 2884 3458 qui,
2938 3387 3141 3443 Christi
3189 3385 3493 3441 humilitate
3540 3393 3803 3440 eontem-

2202 3492 2318 3555 pta,
2348 3481 2545 3538 diaboli
2572 3482 2868 3537 ascendere
2891 3480 3219 3550 superbiam,
3251 3488 3306 3535 et
3356 3494 3413 3534 se
3438 3479 3489 3533 in
3536 3475 3663 3531 falsi
3700 3493 3804 3532 no-

2204 3574 2367 3629 minis
2430 3572 2656 3627 scientia
2699 3587 2820 3627 esse
2881 3571 3086 3640 aliquid
3148 3570 3501 3632 aestimarunt,
3537 3566 3806 3622 Elamitz

2202 3670 2329 3717 sunt
2357 3661 2723 3731 nuncupandi.
2771 3658 2873 3728 Qui
2918 3658 3126 3730 Assyrii
3160 3658 3301 3727 regis
3329 3656 3637 3727 sepulcrum
3674 3670 3801 3709 am.

2203 3753 2380 3816 biunt,
2404 3760 2460 3806 et
2490 3748 2763 3806 interfecti
2814 3758 2940 3803 sunt
2970 3748 3355 3816 vulneratique
3382 3746 3555 3817 gladio
3583 3760 3597 3798 :
3640 3755 3705 3799 et
3738 3747 3806 3797 li-

2205 3852 2292 3899 cet
2330 3844 2385 3896 in
2411 3842 2629 3897 excelso
2656 3841 2940 3909 posuerint
2986 3855 3049 3896 os
3081 3855 3257 3902 suum,
3292 3848 3473 3893 tamen
3495 3838 3802 3893 descende-

2207 3944 2332 3988 runt
2368 3932 2633 3987 immundi
2660 3942 2714 3986 et
2758 3930 3126 3985 incircumcisi
3159 3930 3225 3984 ad
3273 3938 3473 3983 terram
3516 3925 3805 3989 ultimam,

2205 4034 2267 4078 nt
2310 4030 2513 4093 quanto
2541 4020 2826 4077 sublimius
2875 4018 3091 4074 fuerant
3140 4019 3354 4080 elevati,
3396 4027 3544 4072 tanto
3590 4014 3812 4072 fortius

2206 4115 2482 4169 caderent.
2534 4112 2626 4167 lsti
2671 4132 2688 4163 ι
2746 4122 3049 4181 posuerunt
3098 4119 3363 4164 terrorem
3401 4121 3555 4163 suum
3613 4124 3635 4158 ι
3690 4123 3808 4161 non

2208 4202 2371 4257 semel
2422 4201 2517 4259 sed
2568 4201 2805 4255 secundo
2869 4217 2889 4251 ι
2940 4197 2993 4253 in
3045 4207 3186 4253 terra
3244 4196 3556 4251 virentium.
3607 4214 3626 4245 ι
3666 4192 3813 4260 Quis

2207 4295 2353 4348 enim
2395 4292 2889 4349 ecclesiasticarum
2922 4292 2989 4345 ab
3033 4288 3401 4360 nujuscemodi
3432 4286 3809 4341 Elamitarum

2209 4396 2421 4441 terrore
2447 4400 2675 4442 securus
2695 4393 2797 4449 est,
2823 4391 3007 4438 etnon
3037 4382 3269 4450 aliquem
3310 4380 3391 4434 sui
3421 4378 3651 4447 perdidit
3680 4392 3812 4447 gre—

529 4534 546 4561 ‹
570 4514 622 4565 in
645 4509 871 4564 circuitu
890 4507 1036 4563 illius
1060 4504 1303 4576 sepulcra
1319 4518 1560 4568 eorum,»
1581 4501 1832 4556 videlicet
1855 4499 2098 4568 decepto-

2210 4479 2335 4548 gis?
2364 4476 2696 4548 pulchreque
2729 4472 2975 4529 Ecclesia
3003 4472 3208 4527 Christi
3250 4470 3568 4541 appellatur,
3602 4488 3617 4518 ι
3656 4478 3812 4523 terra

528 4613 647 4650 rum
681 4595 749 4650 ab
780 4610 867 4660 eo,
899 4594 992 4663 qui
1019 4559 1215 4647 omnes
1268 4589 1539 4643 vulnerati
1568 4587 1655 4641 vel
1684 4584 1952 4641 interfecti
1983 4593 2110 4639 sunt
2134 4560 2188 4619 D
2214 4568 2533 4632 νίνθιηίυῐιὶο
2574 4585 2592 4617 ³
2627 4574 2685 4618 ul
2720 4580 2750 4620 ε
2786 4564 3062 4620 contrario
3096 4561 3477 4616 δωτειίοοτυηῖ
3524 4559 3813 4663 ξουοίῖίει-

525 4688 721 4759 gladio,
778 4694 835 4741 et
880 4684 1004 4741 ideo
1063 4690 1436 4740 corruerunt:
1498 4698 1520 4733 ι
1565 4680 1806 4747 Quorum
1862 4676 2108 4746 sepulcra

528 4789 651 4840 data
682 4790 810 4838 sunt
853 4782 908 4837 in
958 4778 1275 4836 novissimis
1329 4776 1435 4831 laci
1474 4795 1493 4829 ι
1550 4774 1702 4841 Quod
1745 4782 1925 4827 autem
1967 4770 2114 4825 lacus

529 4884 752 4930 vocetur
779 4872 1047 4934 infernus,
1074 4870 1360 4941 perspicue
1382 4866 1623 4938 psalmus
1639 4864 1727 4919 ille
1753 4864 2113 4927 demonstrat,

531 4969 584 5022 in
616 4980 725 5034 quo
754 4963 1024 5033 pmnitens
1074 4959 1316 5029 loquitur
1347 4974 1360 5010 :
1394 4974 1415 5007 ι
1448 4954 1793 5010 Assimilatus
1844 4968 1961 5006 sum
1991 4967 2113 5005 cum

531 5058 616 5112 liis
675 5057 767 5126 qui
827 5050 1161 5108 descendunt
1234 5050 1289 5103 in
1356 5047 1529 5102 lacum
1595 5041 1785 5115 (Psal.
1842 5041 2053 5111 xxvii).
2089 5061 2106 5092 ι

533 5154 702 5219 Quem
757 5158 1096 5216 nequaquam
1132 5142 1392 5197 debemus
1434 5140 1589 5209 juxta
1620 5136 1801 5193 Latini
1842 5133 2111 5188 sermonis

532 5243 919 5317 proprietatem
945 5251 1069 5292 eum
1116 5233 1441 5301 intelligere,
1492 5230 1584 5299 qui
1612 5227 1800 5283 Graece
1848 5226 1993 5295 λίμνη
2034 5224 2113 5277 di-

534 5313 699 5396 citur,
722 5338 782 5383 ut
809 5335 893 5383 est
916 5326 1069 5379 lacus
1094 5322 1418 5384 Tiberiatlis,
1449 5328 1502 5372 et
1530 5318 1680 5371 lacus
1705 5315 1903 5370 Larius
1936 5322 1989 5366 ct
2016 5313 2112 5366 Be-

536 5437 705 5478 nacus
740 5416 1003 5485 multique
1030 5413 1144 5477 alii,
1174 5411 1266 5467 sed
1314 5425 1451 5479 quas
1500 5423 1598 5461 nos
1646 5405 1882 5460 solemus
1930 5400 2117 5471 appel-

538 5514 652 5567 lare
698 5510 984 5570 cisternas,
1031 5519 1168 5575 quos
1214 5503 1384 5565 lacus,
1414 5500 1540 5569 quia
1573 5511 1740 5565 aquas
1770 5494 2114 5562 refrigerant,

538 5612 593 5656 et
620 5615 835 5654 omnem
865 5600 931 5653 ab
953 5599 1033 5653 eis
1054 5595 1289 5651 calorem
1319 5594 1538 5662 spiritus
1566 5588 1840 5649 auferunt,
1872 5595 2122 5655 peccato-

542 5707 632 5747 res
665 5691 951 5758 cunctique
988 5685 1231 5743 hmretiri
1270 5683 1493 5736 fodiunt.
1529 5682 1595 5734 Et
1619 5686 1882 5750 quantmn
1912 5677 1963 5729 in
2004 5690 2120 5729 mea

546 5785 801 5840 memoria
834 5792 935 5841 cst.
961 5780 1165 5835 nullum
1217 5785 1524 5831 sanctorum
1555 5773 1755 5832 locum,
1790 5770 1840 5823 id
1875 5777 1978 5827 est,
2014 5768 2117 5819 ris-

2214 4661 2338 4717 bula
2375 4667 2714 4713 mortuorum
2757 4664 2916 4710 terra:
2957 4669 3077 4709 esse
3119 4654 3485 4709 credanturu
3520 4650 3588 4705 Et
3612 4660 3810 4719 porta-

2217 4758 2433 4815 verunt,
2468 4749 2663 4816 inquit,
2720 4746 3068 4815 ignominiam
3113 4744 3227 4797 sive
3258 4749 3585 4797 tormentum
3614 4758 3808 4801 suum,

2219 4858 2341 4899 cum
2380 4843 2464 4897 liis
2494 4856 2632 4911 quos
2680 4854 2865 4893 secum
2902 4838 3257 4891 detraxerunt
3304 4835 3357 4888 in
3386 4834 3581 4895 lacum,
3610 4852 3628 4881 ι
3671 4844 3730 4888 et
3764 4836 3813 4887 in

2220 4931 2544 5002 profundum
2586 4927 2808 4993 inferni,
2840 4942 3070 4997 quorum
3102 4923 3279 4979 cubile
3325 4923 3674 4978 interfectum
3708 4934 3814 4977 est.

2222 5025 2423 5079 Eorum
2453 5020 2704 5076 videlicet
2747 5034 2885 5091 quos
2915 5033 3015 5073 suo
3069 5030 3329 5071 mucrone
3364 5012 3711 5083 jugularunt.
3762 5022 3819 5066 et

2220 5116 2629 5173 circumdantur
2656 5109 3024 5181 hujuscemodi
3054 5107 3285 5177 populis.
3324 5104 3386 5159 Hi
3433 5102 3611 5174 populi
3642 5104 3818 5172 Assy-

2224 5210 2289 5263 rii
2323 5207 2465 5277 regis
2514 5204 2696 5275 populi
2744 5211 2886 5264 sunt,
2938 5211 2989 5255 et
3050 5200 3179 5254 licet
3212 5197 3571 5251 circumcisus
3598 5209 3725 5250 esse
3756 5212 3819 5249 se

2219 5300 2445 5369 jnctcnt,
2477 5305 2656 5351 tamen
2686 5290 3050 5347 incircumcisi
3084 5286 3467 5355 interfectique
3511 5295 3638 5339 sunt
3692 5286 3811 5355 gla-

2223 5391 2331 5445 dio.
2360 5388 2426 5441 Et
2452 5386 2609 5442 tertio
2635 5382 2899 5437 dederunt
2948 5389 3211 5435 terrorem
3259 5386 3422 5445 atque
3465 5375 3816 5429 formidinem

2228 5480 2279 5533 in
2329 5488 2472 5531 terra
2523 5473 2840 5535 viventium,
2890 5472 3033 5525 unde
3076 5475 3430 5539 portavernnt
3480 5473 3816 5519 tormentum

2226 5586 2382 5625 suum
2414 5577 2575 5637 atque
2613 5564 2935 5634 supplicium
2971 5561 3025 5615 in
3076 5560 3254 5614 medio
3285 5572 3481 5613 eorum
3506 5572 3646 5626 quos
3703 5574 3821 5610 suis

2229 5663 2503 5716 fraurlibus
2556 5660 2900 5726 deccperunt.
2930 5651 3133 5725 (ῶνα.)
3176 5651 3344 5706 llectc
3393 5649 3561 5719 igitur
3594 5648 3647 5701 iu
3682 5647 3819 5701 libm

2228 5754 2324 5807 εἰμί·
2382 5752 2572 5807 inferni
2614 5750 2850 5802 claustra
2905 5750 3188 5798 tenebrosa
3252 5752 3398 5795 terra
3456 5740 3803 5793 nominata:
