3936 6352
224 439 330 497 8:19

1166 448 1525 508 COMMENT.
1570 451 1637 506 lN
1679 453 2135 514 EZEClllELEM.
2177 493 2246 502 -—-
2288 460 2414 517 LIB.
2457 459 2570 519 ΧΠ.

3399 467 3508 524 830

223 553 368 622 (Job.
409 552 485 625 ι).
511 553 640 650 quia
831 555 1143 650 puniendos
1172 562 1443 632 accipiunt
1468 578 1810 634 nequaquam
1842 570 1888 629 Α
1917 572 2015 640 vi).
2049 593 2066 625 ι
2111 573 2248 630 Cum
2285 578 2453 632 armis
2478 584 2608 650 ergo
2633 575 2702 634 ad
2733 576 3004 636 infernum
3044 581 3400 647 descendere,
3443 597 3494 639 rt

221 658 383 714 pinna
419 645 729 700 transitoria
761 646 846 700 vel
876 647 1220 716 pbantastica
1253 652 1641 723 imaginatione
1682 671 1809 709 cru-

222 732 392 799 ciant,
444 733 542 790 sed
563 733 770 790 ultione
805 735 974 792 solida
1008 749 1290 810 perpetua:
1312 742 1672 800 damnationis
1698 763 1816 802 ser-

222 834 375 879 vant.
404 828 536 894 Quae
562 827 854 898 aliquando
878 837 1059 886 tamen
1087 831 1189 888 laci
1213 835 1571 904 appellatione
1597 838 1817 909 signan-

225 923 334 978 tur,
359 917 624 986 propheta
654 925 903 986 testante,
939 922 1032 992 qui
1060 922 1140 978 ait
1170 938 1185 978 :
1217 944 1234 975 ι
1269 925 1628 984 Portaverunt
1657 930 1814 1001 igno-

223 1005 451 1062 miniam
481 1023 636 1063 suam
667 1025 789 1066 cum
843 1011 929 1067 his
966 1013 1058 1084 qui
1103 1016 1521 1073 descendentia
1552 1019 1750 1076 lacum.
1790 1039 1809 1071 ι

223 1098 474 1156 Infernus
515 1117 645 1174 ergo
692 1105 1024 1173 nominatur,
1064 1109 1188 1178 quia
1239 1117 1523 1180 susceptos
1549 1114 1817 1168 stabiliter

225 1197 398 1246 tenet.
422 1189 489 1245 Et
520 1191 667 1248 lacus
687 1193 916 1250 dicitur:
949 1197 1077 1266 quia
1104 1199 1203 1254 bos
1233 1215 1371 1270 quos
1415 1203 1583 1258 semel
1611 1204 1819 1274 ceperit

223 1295 443 1352 semper
486 1280 810 1342 ﬂuctuantes
849 1296 905 1342 et
934 1289 1176 1358 trepidos
1233 1294 1520 1349 tormentis
1576 1295 1814 1349 circuiu-

221 1371 517 1430 iluentibus
559 1375 831 1432 absorbet.
870 1398 888 1429 ‹
925 1378 1000 1435 lbi
1033 1395 1251 1454 quoque
1291 1394 1399 1449 est,
1449 1385 1501 1439 id
1528 1394 1634 1450 est,
1661 1386 1816 1456 juxta

220 1465 527 1536 Assyrium,
564 1466 782 1524 Mosoch
804 1476 861 1524 et
893 1469 1063 1525 Tubal
1089 1482 1145 1528 et
1167 1475 1340 1529 omnis
1382 1474 1668 1531 multitudo
1697 1473 1816 1542 eius

223 1553 281 1606 in
332 1554 559 1608 circuitu
595 1556 825 1626 sepulcri
849 1559 968 1628 ejus
992 1577 1004 1612 :
1028 1575 1219 1616 omnes
1247 1563 1614 1620 incircutncisi
1644 1565 1816 1621 inter-

222 1643 466 1714 fectique
499 1653 555 1698 et
580 1648 837 1704 cadentes
883 1649 1080 1720 gladio,
1129 1653 1224 1722 qui
1278 1653 1542 1709 dederant
1581 1655 1820 1712 formidi-

223 1753 351 1791 nem
385 1754 538 1793 suatn
568 1740 620 1794 in
656 1749 799 1795 terra
849 1743 1164 1799 viventium.
1207 1766 1226 1797 ι
1270 1745 1541 1818 (Ηὶενοη.)
1569 1749 1818 1805 Pro-Mo—

220 1829 350 1882 soclt
387 1840 433 1883 et
461 1828 628 1883 Tuba!
657 1830 1017 1902 Symmachus
1045 1844 1100 1889 et
1126 1836 1424 1893 Theodotio
1472 1841 1814 1911 interpretati

221 1930 354 1976 sont
397 1924 575 1978 cubile
598 1939 806 1991 eormn,
837 1935 897 1982 ut
924 1930 1277 1986 ostenderent
1301 1934 1500 1989 cubilia
1532 1937 1818 1993 bzeretico-
1848 1915 1897 1973 Β

223 2031 374 2078 rum,
400 2016 508 2069 imo
537 2015 721 2070 foveas
750 2020 1116 2088 sempiternas
1141 2022 1348 2093 Assyrii
1381 2027 1522 2096 regis
1545 2043 1668 2083 esse
1692 2041 1817 2099 sup-

221 2107 410 2177 plicia.
466 2107 682 2164 Mosoeb
730 2111 1120 2181 interpretatur
1149 2116 1379 2181 insania,
1409 2119 1580 2174 Tuhal
1608 2136 1808 2176 conm.

222 2197 328 2261 sio,
366 2211 471 2252 non
506 2198 556 2253 in
589 2199 789 2254 bonum
819 2217 848 2255 a
873 2202 1036 2266 malo.
1097 2207 1191 2260 sed
1223 2205 1289 2261 de
1318 2207 1461 2264 bono
1512 2212 1563 2264 in
1590 2211 1812 2265 malum;

224 2289 358 2344 Sive
380 2291 640 2353 universa,
665 2301 724 2345 ut
752 2294 1002 2349 ostendat
1025 2311 1216 2352 omnes
1239 2298 1522 2356 haereticos
1552 2302 1812 2369 insanire,

221 2387 286 2433 et
307 2379 430 2447 pari
471 2381 648 2435 studio
670 2381 738 2435 ad
764 2385 944 2455 pejora
977 2389 1237 2442 converti.
1292 2387 1402 2443 Nec
1432 2391 1629 2445 mirum
1658 2393 1699 2446 si
1733 2394 1812 2446 iu-

224 2470 510 2524 sanientes
539 2479 594 2526 et
627 2478 932 2534 coacervari
966 2477 1018 2530 in
1050 2478 1250 2532 malum
1284 2479 1485 2534 habent
1526 2481 1821 2536 multitudi-

224 2575 357 2614 nem
387 2575 508 2616 cum
534 2561 774 2634 Egyptii
803 2566 944 2634 regis
972 2568 1102 2622 socii
1133 2570 1240 2623 sint
1267 2611 1280 2635 ,
1327 2572 1419 2640 qui
1458 2572 1656 2642 gaudet
1684 2573 1821 2626 nmi—

229 2651 488 2707 titudine.
529 2672 546 2704 ι
585 2651 786 2710 Omnes
826 2657 880 2711 hi
909 2658 1174 2715 interfecti
1204 2660 1403 2730 gladio,
1434 2663 1525 2732 qui
1549 2663 1821 2721 dederunt

229 2743 578 2800 formidinem
640 2762 793 2802 suam
834 2768 851 2799 ι
885 2765 990 2804 non
1047 2754 1237 2818 semel,
1287 2769 1387 2809 nec
1441 2756 1543 2822 bis,
1582 2772 1684 2814 nec
1717 2766 1816 2824 ter,

234 2853 258 2885 ς
303 2835 355 2888 in
381 2840 524 2890 terra
554 2839 875 2907 viventium,
912 2863 929 2896 ι
971 2844 1037 2900 de
1063 2846 1258 2916 quibus
1310 2864 1469 2920 supra
1499 2850 1710 2922 plenius
1743 2852 1825 2906 di.

232 2925 441 2981 ximus.
476 2926 733 2999 Sequitur
760 2951 772 2986 :
811 2951 829 2984 t
861 2934 927 2988 Et
950 2951 1054 2990 non
1084 2939 1354 2993 dormient
1376 2957 1498 2995 cuin
1523 2940 1769 3008 fortibus,
1798 2962 1816 2996 ο

228 3015 355 3072 sive
382 3018 706 3089 gigantibus,
738 3040 756 3072 ‹
793 3025 1218 3098 cadentibusth
1243 3038 1298 3083 et
1324 3046 1429 3084 non
1462 3032 1820 3099 circumcisis,

228 3107 332 3175 qui
388 3107 782 3166 descenderunt
809 3113 878 3168 ad
908 3114 1176 3171 infernum
1218 3134 1342 3174 cum
1395 3121 1569 3176 armis
1603 3123 1736 3187 suis,
1769 3130 1826 3177 et

228 3210 537 3276 jmsuerunt
561 3201 768 3273 gladios
788 3219 915 3261 suos
943 3207 1044 3261 sub
1072 3210 1336 3279 capitibus
1363 3213 1494 3278 suis,
1524 3220 1579 3268 et
1605 3212 1826 3269 fuerunt

231 3289 556 3359 iniquitates
599 3307 788 3348 eorum
847 3295 901 3350 in
956 3299 1173 3355 ossibus
1209 3316 1398 3359 eorum
1425 3343 1440 3368 ,
1476 3305 1606 3372 quia
1646 3313 1820 3361 terror

233 3379 465 3436 fortium
501 3382 627 3439 facti
657 3394 782 3440 sunt
824 3387 878 3441 in
917 3397 1059 3443 terra
1089 3391 1407 3448 viventium.
1449 3414 1466 3446 ι
1503 3395 1592 3458 Hi,
1623 3397 1822 3468 inquit,

232 3472 335 3541 qui
357 3473 732 3530 hereticorum
749 3476 1023 3548 principes
1047 3481 1371 3538 exstiterant
1393 3483 1460 3538 ad
1486 3493 1692 3542 tantum
1709 3503 1826 3542 ma-

235 3563 372 3619 litite
391 3577 683 3634 pervenere
712 3568 921 3623 culmen
939 3579 1101 3640 atque
1121 3573 1478 3637 cruciatuum,
1502 3583 1561 3630 ut
1583 3592 1681 3634 nec
1701 3595 1824 3634 cum

235 3653 475 3710 fortibus
497 3663 659 3724 atque
685 3656 991 3727 gigantibus
1021 3662 1111 3727 qui
1132 3677 1160 3713 α
1189 3663 1455 3734 principio
1479 3677 1822 3735 corruerunt,

235 3744 438 3800 similia
476 3755 786 3803 mercantur
824 3747 969 3805 ferre
1015 3755 1309 3823 supplicia,
1357 3758 1447 3826 qui
1483 3772 1823 3830 nequaquam

233 3833 446 3890 erroris
465 3836 548 3890 sul
585 3845 706 3892 aeta
737 3840 1053 3909 paenitentia
1094 3844 1493 3902 descenderunt
1528 3849 1596 3902 ad
1623 3849 1826 3905 inferos

237 3939 371 3978 cum
398 3926 565 3981 armis
594 3927 726 3989 suis,
761 3929 990 3984 rebelles
1027 3940 1220 3986 contra
1252 3934 1413 3988 Deum
1445 3945 1499 3990 et
1526 3937 1822 3993 Ecclesium

235 4012 402 4082 ejus;
433 4028 614 4068 secum
647 4031 798 4070 arma
838 4017 1166 4075 deierantes.
1199 4021 1275 4077 De
1323 4024 1516 4091 quibus
1565 4027 1822 4096 scriptum

235 4113 368 4159 est:
400 4123 418 4155 ι
455 4103 577 4160 Filii
602 4105 881 4162 hominum
912 4109 1100 4166 dentes
1130 4122 1316 4166 eorum
1344 4127 1494 4168 arma
1534 4124 1586 4169 et
1616 4118 1825 4186 sagittae

240 4192 419 4266 (Paul.
448 4195 575 4267 va).
622 4215 640 4247 ι
679 4215 696 4248 ‹
731 4196 798 4251 Ει
826 4210 1143 4268 posuerunt,
1194 4203 1290 4268 ait,
1339 4203 1545 4274 gladios
1574 4221 1700 4261 suos
1726 4211 1826 4263 sub

239 4283 509 4352 capitibus
540 4285 670 4349 suis,
717 4307 735 4339 ι
770 4289 1174 4357 requiescentes
1224 4295 1276 4348 in
1327 4295 1509 4349 animo
1538 4299 1823 4366 perduelli,

239 4383 298 4430 et
335 4390 433 4444 pro
460 4392 666 4431 summa
700 4379 924 4435 victoria
972 4388 1363 4442 sententiarum
1401 4406 1618 4445 suarum
1644 4394 1824 4462 jar-uia

239 4465 666 4535 cutnplexantes.
707 4468 765 4523 In
806 4479 1012 4526 tantum
1045 4483 1106 4528 ιη
1148 4477 1461 4546 iniquitates
1494 4496 1681 4536 eorum
1711 4485 1828 4540 fuc-

240 4555 354 4610 rint
386 4557 437 4608 in
467 4558 680 4612 ossibus
715 4575 924 4616 eorum.
957 4563 1070 4619 Hoc
1100 4575 1204 4630 est,
1237 4566 1529 4625 fortissima
1566 4573 1821 4641 figmenta
1847 4608 1901 4667 Ι)

239 4657 299 4702 et
328 4649 529 4703 erroris
551 4651 632 4704 sui
663 4651 912 4724 dogmata
939 4660 1276 4725 possidentes
1307 4681 1318 4716 :
1349 4665 1473 4732 quia
1509 4675 1683 4722 terror
1715 4669 1823 4724 for-

241 4741 381 4794 tium
411 4739 536 4794 facti
567 4751 692 4796 sunt
719 4743 773 4798 in
803 4747 908 4800 vita
942 4762 1062 4814 sua,
1093 4753 1208 4807 sive
1245 4754 1300 4807 in
1331 4764 1474 4811 terra
1504 4758 1820 4816 viventium.

242 4831 400 4897 Quod
431 4841 624 4901 quarto
651 4834 849 4890 dicitur
878 4856 890 4891 :
927 4850 982 4892 ut
1014 4839 1336 4901 fortissimos
1377 4863 1621 4920 quosque
1645 4863 1700 4907 et
1727 4854 1825 4908 ba-

240 4920 436 4974 bentes
460 4922 738 4977 scientiam
771 4924 1196 4997 Scripturarum,
1229 4945 1284 4989 et
1312 4939 1402 5005 qui
1431 4949 1614 4994 essent
1651 4942 1717 4998 de
1742 4959 1824 4998 re-

240 5012 404 5084 gione
457 5013 770 5078 viventium,
823 5032 918 5072 sua
959 5025 1316 5088 perversitate
1372 5035 1656 5094 terrerent,
1691 5031 1818 5085 dum

239 5105 572 5163 descendunt
597 5110 664 5164 ad
700 5110 968 5167 infernum
1011 5130 1132 5170 cum
1167 5121 1334 5174 armis
1363 5123 1497 5186 suis,
1530 5133 1584 5178 et
1615 5136 1820 5193 ponunt

239 5197 449 5268 gladios
497 5213 623 5253 suos
652 5203 750 5256 sub
784 5203 1051 5272 capitibus
1083 5208 1215 5271 suis,
1264 5218 1319 5264 et
1348 5211 1603 5282 iniquitas
1631 5230 1818 5270 eormn

241 5301 418 5356 usque
442 5290 508 5342 ad
534 5305 656 5345 ossa
675 5295 1015 5361 perveniunt.
1047 5294 1223 5369 (Greg.
1251 5299 1342 5354 lib.
1373 5318 1429 5357 ix
1454 5303 1674 5369 March,
1703 5323 1818 5375 cap.

241 5376 416 5449 nvi.)
453 5377 600 5433 Bene
627 5397 754 5452 ergo
779 5399 878 5454 per
904 5387 1220 5454 prophetam
1248 5391 1445 5445 dicitur
1474 5412 1487 5446 :
1531 5411 1549 5444 ι
1588 5394 1823 5449 Descen-

242 5478 441 5524 derunt
471 5470 536 5523 ad
561 5472 828 5529 infernum
860 5491 982 5530 cum
1020 5479 1187 5534 armis
1217 5482 1350 5536 suis.
1386 5501 1406 5536 ι
1431 5482 1596 5536 Arma
1627 5487 1823 5555 quippe

244 5560 589 5629 peccantium
619 5573 744 5617 sunt
781 5569 1022 5621 membra
1068 5571 1313 5638 corporis
1369 5573 1566 5641 quibus
1616 5590 1711 5642 per
1744 5578 1824 5628 di-

244 5666 405 5705 versa
456 5651 742 5721 desideria,
789 5672 908 5725 quae
939 5659 1306 5728 ronspiciunt,
1358 5663 1473 5716 Inec
1503 5676 1821 5733 sequuntur.

253 5738 406 5795 Unde
448 5751 594 5796 recte
629 5758 725 5812 per
751 5747 1063 5816 Apostolum
1113 5750 1353 5803 dicitur:
1401 5773 1416 5800 ς
1470 5751 1651 5820 Neque
1678 5755 1827 5806 exhi-

250 5829 425 5884 beatis
449 5834 685 5887 membra
715 5845 892 5889 vestra
917 5853 1065 5890 arma
1091 5839 1387 5905 iniquitatis
1411 5852 1629 5909 peccato
1653 5842 1823 5910 (lium.

1919 676 2043 717 cum
2075 663 2208 734 ipsis
2237 680 2455 735 quoque
2509 667 2767 725 membris
2801 671 2998 741 quibus
3019 671 3288 728 desideria
3319 673 3510 728 volun-

1918 752 2046 808 tatis
2068 754 2445 826 expleverunt,
2485 759 2674 814 aeterni
2706 756 2893 828 iudicii
2943 770 3214 819 tormenta
3243 762 3507 830 tolerare,

1917 851 1980 896 ut
2005 852 2130 901 tunc
2158 861 2254 902 eos
2275 847 2510 919 undique
2563 849 2717 906 dolor
2742 851 3048 919 absorbent,
3087 852 3183 922 qui
3221 868 3367 908 nunc
3393 853 3509 911 suis

1917 933 2374 997 delectationibus
2436 941 2637 998 subditi
2708 943 2945 1014 undique
3002 953 3190 1001 contra
3239 945 3508 1016 justitiam

1912 1024 2059 1095 juste
2084 1028 2380 1099 judicantis
2416 1041 2674 1104 pugnant.
2716 1034 2989 1105 (Ηὶσνοη.)
3039 1036 3169 1092 Post
3217 1038 3335 1093 htec
3360 1037 3504 1093 scri-

1916 1127 2073 1188 ptum
2099 1128 2220 1174 est:
2264 1138 2283 1175 ι
2330 1121 2398 1176 Et
2447 1131 2500 1178 tu
2528 1139 2657 1196 ergo
2704 1125 2758 1179 in
2790 1126 2967 1182 medio
2999 1127 3505 1184 incircumcisorum

1919 1212 2241 1278 contereris,
2273 1232 2291 1265 υ
2319 1215 2466 1284 quod
2494 1215 2579 1271 vel
2612 1216 2684 1272 ad
2716 1215 3073 1281 Pharaonem,
3133 1217 3217 1273 vel
3245 1218 3314 1272 ad
3353 1215 3505 1272 forti-

1920 1305 2164 1363 tudinem
2217 1307 2334 1363 sive
2378 1309 2780 1367 multitudinem
2819 1309 3038 1381 IEgypti
3095 1311 3316 1376 dicitur,
3362 1309 3505 1381 quod

1919 1403 1976 1449 et
2000 1395 2115 1465 ipsa
2149 1405 2488 1463 conteratur,
2511 1397 2666 1466 juxta
2715 1399 2844 1454 illud
2875 1400 3021 1470 quod
3067 1400 3505 1472 scriptumest:

1926 1507 1946 1540 ι
1985 1489 2129 1546 Deus
2151 1498 2334 1546 autem
2358 1499 2610 1547 conterat
2648 1491 2904 1558 Satanam
2937 1494 3038 1547 sub
3068 1491 3294 1562 pedibus
3316 1493 3511 1553 tostris

1920 1580 2178 1638 velociter
2205 1580 2383 1653 (Rom.
2421 1583 2558 1652 xvi).
2605 1602 2626 1634 ›
2661 1583 2730 1637 Ει
2749 1583 3004 1647 dormies,
3035 1583 3230 1652 inquit,
3267 1599 3392 1638 cum
3427 1583 3507 1638 iu-

1920 1671 2161 1727 teri‘eetis
2189 1673 2388 1742 gladio.
2419 1693 2458 1726 »μ
2483 1671 2689 1728 Somno
2715 1683 2977 1743 perpetuo
3021 1673 3093 1729 ibi
3133 1689 3256 1729 cum
3287 1672 3510 1751 Assyrio

1919 1773 1975 1819 et
1995 1779 2117 1820 cum
2132 1764 2385 1837 :Egyptia
2409 1767 2513 1819 erit
2528 1765 2868 1820 multitudine
2884 1765 3118 1821 ldumaza
3146 1775 3195 1820 et
3216 1781 3376 1837 rcges
3392 1765 3510 1835 ejus

1921 1868 2131 1919 omnes,
2148 1854 2239 1923 qui
2256 1855 2485 1911 terrenis
2497 1855 2751 1925 operibus
2766 1855 3090 1918 servierunt,
3112 1855 3226 1910 sive
3247 1855 3509 1924 sanguine

1923 1943 2175 2004 delectati
2205 1954 2350 2000 sunt.
2381 1945 2595 1999 Etenim
2624 1945 2874 2008 ldumaaa,
2913 1955 2969 2001 et
2997 1956 3270 2000 terrenam
3301 1955 3354 2000 et
3384 1960 3510 1999 san-

1921 2036 2222 2107 guinariam
2252 2043 2426 2092 sonat.
2455 2035 2656 2092 Omnes
2682 2051 2837 2108 reges
2865 2046 2919 2091 et
2944 2036 3179 2090 universi
3211 2034 3506 2104 principes,

1921 2127 1987 2185 de
2045 2127 2241 2197 quibus
2292 2128 2485 2183 crebro
2533 2137 2587 2182 et
2627 2126 2915 2198 Apostolus
2969 2127 3226 2198 loquitur,
3270 2125 3506 2182 terrenis

1919 2220 2176 2288 operibus
2220 2219 2556 2285 incubantes,
2601 2227 2657 2275 et
2712 2218 3052 2275 elfundentes
3104 2219 3347 2288 quotidie
3375 2233 3505 2272 san-

1919 2307 2136 2376 guinem
2185 2322 2374 2362 eorum
2422 2323 2558 2377 quos
2609 2324 2703 2363 sua
2762 2307 3328 2378 fraudcdcceperunt,
3381 2323 3505 2362 cum

1922 2399 2314 2453 incircutncisis
2376 2406 2431 2454 et
2491 2398 2782 2454 immundis
2841 2399 3218 2462 dormierunt,
3275 2409 3331 2455 et
3380 2415 3507 2454 cum

1923 2488 2010 2542 his
2058 2487 2151 2556 qui
2201 2487 2599 2542 descenderunt
2637 2490 2687 2543 in
2744 2488 2942 2544 lacum.
2996 2489 3072 2543 De
3101 2491 3298 2557 quibus
3343 2505 3506 2560 supra

1921 2580 2179 2643 diximus,
2211 2580 2264 2634 in
2297 2581 2414 2650 ipso
2462 2580 2720 2633 comitatu
2767 2588 2949 2644 erunt,
2977 2588 3031 2635 et
3056 2581 3329 2650 principes
3358 2583 3510 2651 aqui-

1922 2667 2084 2732 lonis,
2127 2685 2158 2723 a
2212 2684 2319 2738 quo
2354 2670 2712 2724 exardeseuut
2759 2668 2898 2722 mala
2934 2684 3096 2738 super
3135 2678 3360 2734 terram,
3399 2679 3452 2724 et
3479 2686 3506 2722 a

1923 2773 2030 2827 quo
2060 2757 2142 2812 Vri
2174 2757 2227 2812 in
2251 2755 2509 2820 Ieremia,
2533 2754 2616 2809 vel
2656 2756 2709 2810 in
2749 2756 2852 2811 hoc
2876 2755 3066 2810 eodem
3104 2757 3365 2828 propheta
3400 2757 3506 2812 olla

1924 2847 2012 2902 illa
2041 2847 2199 2918 piem
2227 2847 2473 2902 carnium
2526 2847 2838 2918 ossiumque
2873 2847 3245 2911 Succenditur,
3297 2857 3350 2901 et
3397 2862 3507 2902 non

1922 2939 2098 2995 solum
2129 2939 2402 3009 principes
2434 2936 2726 3008 aquilonis,
2768 2952 2954 2992 verum
2993 2952 3181 2992 omnes
3221 2937 3511 3008 magistra-

1925 3037 2011 3084 tus
2033 3027 2223 3082 Assur.
2254 3027 2359 3082 Pro
2416 3043 2525 3096 quo
2556 3027 2608 3080 in
2637 3025 2904 3083 ilebraico
2936 3027 3172 3096 positum
3225 3034 3330 3089 est,
3382 3026 3506 3080 uni-

1925 3119 2066 3177 versi
2118 3117 2350 3183 Sidonii,
2404 3133 2541 3187 quos
2591 3133 2688 3172 nos
2745 3118 2800 3173 in
2862 3125 3146 3171 venatores
3216 3111 3499 3181 vertimus,

1923 3212 2078 3282 juxta
2106 3209 2230 3264 illud
2263 3209 2405 3280 quod
2455 3209 2718 3280 scriptum
2749 3220 2833 3264 est
2862 3227 2876 3264 :
2917 3228 2933 3260 ι
2969 3209 3164 3262 Anima
3198 3215 3378 3264 nostra
3402 3207 3507 3264 sic-

1930 3310 1988 3358 ut
2041 3317 2228 3371 passer
2274 3309 2460 3370 erepta
2510 3310 2591 3355 est
2635 3300 2700 3354 de
2746 3299 2937 3369 laqueo
2979 3299 3290 3356 venantimn
3331 3298 3504 3373 (Prol.

1924 3390 2138 3462 cxxtn}.
2179 3412 2196 3442 ο
2233 3390 2337 3445 Pro
2360 3405 2466 3459 quo
2502 3390 2557 3444 in
2589 3388 2855 3444 liebraico
2886 3391 3121 3460 positum
3150 3399 3236 3449 est
3263 3389 3510 3446 Sidonio-

1927 3499 2084 3548 rum;
2121 3483 2212 3551 qui
2276 3482 2508 3545 Sidonii,
2567 3482 2681 3536 sive
2735 3491 3043 3542 venatores,
3081 3481 3414 3538 deducentur
3441 3485 3510 3540 ad

1928 3573 2130 3628 inferos
2152 3579 2430 3642 paventes,
2457 3572 2512 3625 in
2543 3587 2638 3626 sua
2661 3572 2932 3642 quondam
2954 3571 3143 3626 confisi
3173 3571 3508 3630 fortitudine.

1926 3664 1993 3720 Et
2021 3664 2288 3718 dormient
2321 3664 2604 3729 immundi,
2651 3672 2705 3718 et
2760 3664 3058 3734 portabunt
3115 3664 3510 3734 confusionem,

1926 3757 2040 3814 sive
2073 3764 2398 3812 tonuentum
2431 3771 2609 3821 suum,
2642 3756 2904 3810 habentes
2952 3753 3110 3810 malae
3159 3756 3509 3812 conscientia:

1926 3853 2312 3922 paenitudinem
2346 3849 2754 3919 sempiternam,
2797 3849 2871 3902 ita
2916 3857 2976 3901 ut
3007 3849 3144 3918 ignis
3172 3863 3359 3903 eorum
3399 3863 3506 3904 non

1924 3942 2320 4014 exstinguuntur,
2377 3949 2433 3994 et
2454 3940 2655 3994 vermis
2691 3955 2881 3994 eorum
2921 3955 3027 3995 non
3077 3939 3339 3993 moriatur
3369 3939 3504 4010 (ha.

1927 4048 2088 4095 va;
2155 4029 2459 4099 illam“):
2517 4044 2652 4098 quos
2695 4044 2882 4084 omnes
2921 4044 3044 4082 cum
3073 4030 3269 4084 viderit
3295 4028 3506 4085 Pharao

1926 4119 2314 4184 cmisolabitur,
2361 4119 2441 4174 vel
2467 4120 2669 4174 habens
2698 4119 2873 4173 adhuc
2903 4117 3162 4171 malitiam
3197 4118 3504 4188 pristinam,

1926 4220 1976 4266 et
2019 4210 2215 4265 multos
2241 4225 2415 4279 poeme
2444 4209 2621 4265 socios
2646 4208 2847 4263 habere
2877 4222 2935 4262 se
2965 4223 3215 4271 cernens,
3243 4207 3323 4262 vel
3360 4219 3506 4264 certe

1927 4304 2234 4358 consolatus
2263 4313 2380 4365 est;
2422 4302 2610 4354 videns
2641 4310 2697 4355 et
2733 4299 2850 4353 illos
2890 4297 3148 4352 confundi
3203 4299 3256 4352 in
3307 4297 3506 4369 suppli-

1925 4396 2023 4449 ciis
2077 4405 2130 4448 et
2167 4394 2464 4446 terroribus
2503 4393 2634 4446 suis.
2690 4411 2707 4442 ς
2749 4390 2925 4461 Super
2982 4393 3230 4445 universa
3263 4390 3505 4444 multitu-

1926 4489 2050 4542 dine
2077 4502 2197 4550 sua,
2231 4501 2350 4554 qua:
2391 4486 2669 4539 interfecta
2708 4492 2791 4538 est
2818 4484 3044 4554 gladio,»
3080 4482 3380 4537 Pharaonis
3404 4484 3504 4536 sci-

1926 4579 2051 4631 licet
2078 4577 2159 4631 vel
2187 4577 2426 4630 omnium
2448 4577 2716 4627 sociorum
2738 4571 2874 4640 ejus,
2897 4574 3270 4643 prrecipucque
3297 4573 3501 4644 Assyrii

1926 4665 2069 4736 tegis
2099 4675 2152 4720 et
2179 4664 2393 4718 Mnsoch
2422 4672 2475 4716 et
2502 4662 2673 4716 'l'ubal
2727 4672 2781 4717 et
2810 4662 3164 4716 ldutmcorum
3217 4672 3270 4715 ct
3306 4663 3506 4732 princi-

1926 4771 2052 4823 pum
2108 4753 2375 4823 aquilonis
2425 4759 2480 4808 et
2527 4751 2873 4806 Sidoniorum
2905 4765 2920 4804 :
2958 4752 3012 4806 hi
3043 4752 3188 4807 enim
3243 4752 3506 4808 dederant

1928 4856 2189 4900 terrorem
2226 4859 2381 4898 suum
2411 4843 2463 4896 in
2498 4852 2642 4897 terra
2680 4842 2996 4898 viventium.
3023 4842 3176 4908 Quod
3206 4843 3394 4911 quinto
3421 4843 3506 4896 di-

1925 4934 2087 4996 citur,
2114 4944 2173 4987 nt
2218 4948 2407 4988 omnes
2455 4933 2757 4987 istiusmodi
2812 4933 3060 4987 nationes
3111 4948 3304 4986 cavere
3334 4943 3388 4986 et
3417 4933 3504 4988 fu-

1925 5024 2386 5093 geredebeamus,
2434 5038 2551 5091 qute
2600 5025 2808 5077 cunctis
2837 5038 2933 5078 nos
2982 5023 3230 5077 sensibus
3274 5024 3504 5093 derepe-

1927 5121 2069 5176 rnnt,
2098 5121 2151 5164 et
2180 5112 2318 5166 scire
2351 5128 2469 5166 esse
2499 5113 2802 5177 horribiles,
2844 5129 2941 5166 nec
2972 5113 3125 5168 facile
3154 5128 3314 5184 posse
3343 5115 3503 5170 vitari

1926 5203 2025 5258 nisi
2054 5203 2200 5255 otnni
2228 5203 2476 5256 custodia
2519 5203 2912 5256 servaverimus
2944 5219 3038 5257 cor
3065 5215 3332 5257 nostrum.
3367 5204 3502 5268 Dor-

1928 5293 2098 5356 tuivit,
2124 5293 2318 5363 inquit,
2354 5307 2407 5347 et
2440 5296 2553 5362 ipse
2587 5295 2798 5349 Pharao
2831 5312 2951 5350 cum
2993 5297 3154 5350 sociis
3189 5297 3300 5350 suis
3339 5308 3502 5352 tuter-

1929 5383 2082 5436 i‘eetis
2110 5383 2304 5453 gladio.
2338 5385 2441 5451 Qui
2487 5387 2638 5449 socii,
2664 5387 2950 5440 multitudo
2978 5388 3094 5456 ejus
3131 5396 3274 5452 sunt,
3311 5404 3405 5457 per
3426 5389 3503 5442 la-

1930 5485 2038 5530 tam
2066 5485 2121 5529 et
2158 5479 2450 5545 spatiosum
2477 5479 2618 5532 viain
2648 5488 2932 5549 pergentes
2978 5479 3044 5533 ad
3072 5480 3330 5550 supplicia
3359 5496 3504 5536 sein-

1928 5568 2160 5631 pitcrna.
