3936 6366
177 419 275 474 355

1129 418 1481 476 (ΖΟΜΜΕΝΤ.
1525 419 1590 473 lN
1631 420 2083 476 EZECXIIELEM.
2126 452 2193 461 —-—
2234 420 2364 475 ιλιι.
2397 421 2509 479 ΧΠ.

3345 434 3450 492 854

172 533 482 585 ostenderet
508 543 699 584 omnes
745 528 934 584 sordes
989 539 1044 584 et
1075 530 1201 584 vitia
1233 547 1261 585 a
1305 532 1566 601 magistro
1598 531 1650 585 in
1677 531 1756 585 di-
1786 543 1834 599 Α
1861 533 2176 602 exceptione
2222 543 2487 588 convocat
2528 527 2756 591 dicens:
2818 555 2835 588 t
2877 535 3066 615 Venite
3106 540 3175 612 ad
3214 556 3320 609 me,
3362 545 3455 612 qui

170 625 390 695 seipulis
416 624 614 678 debere
642 622 792 689 dilui,
834 631 995 692 atque
1029 626 1272 694 purgari.
1306 623 1416 677 Ncc
1452 623 1640 678 statim
1668 637 1759 677 rc‘

167 716 551 787 Spondeamns,
574 714 700 784 quid
725 715 946 785 prodest
975 714 1168 770 docere
1200 715 1244 769 si
1277 715 1410 770 nolit
1436 715 1652 770 auditor
1675 712 1758 768 fa-

164 823 292 864 cere
320 806 464 876 quod
492 804 775 860 docueris?
799 805 1166 876 unusquisque
1187 806 1330 860 enim
1364 822 1430 861 ex
1454 821 1551 860 suo
1576 805 1759 861 animo

164 910 331 969 atque
353 896 529 953 olIlcio
551 895 845 965 judicatur.
871 897 951 954 Tu
981 896 1024 952 si
1057 897 1269 988 locuth
1302 913 1410 951 non
1438 895 1638 961 fueris,
1669 895 1760 952 ille

163 988 209 1042 si
233 987 422 1041 audire
442 985 845 1055 contempserit.
881 984 1088 1059 (Greg.)
1128 984 1265 1041 llin'c
1289 1001 1503 1055 quoque
1531 984 1760 1057 sartagi-

164 1092 288 1131 nem
320 1077 426 1131 alio
456 1077 574 1132 loco
608 1075 772 1144 jussit
799 1091 999 1146 ponere
1020 1117 1035 1142 ,
1068 1077 1210 1132 inter
1242 1092 1301 1132 se
1332 1083 1387 1130 et
1429 1075 1706 1132 civitatem
1740 1093 1754 1128 :

170 1188 185 1218 ‹
234 1167 301 1222 Ει
325 1177 377 1222 ιιι
411 1183 566 1223 sume
597 1168 689 1222 tibi
716 1168 1047 1238 sartaginem
1074 1169 1333 1230 ferream,
1369 1177 1423 1224 et
1445 1182 1614 1237 pones
1637 1181 1756 1222 eam

165 1282 182 1311 ‹
233 1278 449 1316 murum
493 1260 730 1316 ferreum
773 1261 915 1317 inter
960 1268 1029 1325 te,
1076 1270 1131 1315 et
1169 1261 1313 1316 inter
1360 1260 1654 1324 civitatem,
1704 1268 1758 1315 et

165 1377 182 1408 ι
224 1357 543 1412 obtirtnabis
580 1355 773 1410 faciem
815 1364 963 1409 tuam
995 1355 1060 1408 ad
1093 1370 1232 1417 eam,
1283 1363 1338 1408 et
1369 1354 1474 1409 erit
1529 1354 1581 1408 in
1612 1354 1757 1410 obsi-

163 1468 180 1498 t
228 1448 412 1507 dione,
461 1457 518 1502 et
552 1447 920 1502 circumdabis
958 1461 1078 1501 eam
1123 1445 1342 1516 (Bacch.
1386 1445 1482 1515 tv).
1538 1464 1556 1496 ι
1604 1444 1757 1500 Hanc

155 1541 491 1610 s;.rtaginem
531 1540 674 1592 inter
695 1551 753 1592 se
780 1546 834 1593 et
854 1537 1152 1606 discipulos
1182 1551 1396 1606 murum
1425 1535 1623 1590 Paulus
1655 1551 1755 1606 po-

154 1638 340 1683 sucrat
376 1644 498 1683 cum
536 1627 751 1683 diccbat
787 1647 799 1680 :
841 1646 858 1678 ‹
895 1626 1124 1681 Mundus
1148 1642 1264 1685 sum
1301 1642 1332 1681 a
1358 1625 1619 1698 sanguine
1640 1642 1756 1681 om-

159 1740 176 1771 t
225 1722 378 1774 nium
417 1730 676 1775 vestrum.
729 1719 844 1775 Non
893 1721 1037 1773 enim
1087 1717 1388 1788 subterfugi
1463 1718 1755 1786 quominus

157 1832 174 1864 ‹
223 1813 604 1867 atmuntiarcm
624 1827 786 1868 omne
810 1813 1094 1868 consilium
1118 1813 1214 1869 Dei
1241 1813 1394 1868 vobis
1420 1811 1561 1884 (Act.
1587 1813 1704 1882 xx.)
1727 1833 1745 1865 ι

1865 623 2125 680 laboratis
2180 635 2234 681 ct
2291 627 2501 686 onerati
2560 623 2726 694 estis,
2780 637 2836 689 et
2892 645 2998 708 ego
3057 630 3296 690 reficiam
3355 651 3453 692 vos

1861 711 2078 786 (Matth.
2111 714 2242 786 at)»
2276 714 2333 771 Si
2366 727 2545 774 autem
2574 733 2677 774 non
2706 734 2894 775 omnes
2925 708 3329 791 universalitor,
3359 727 3456 781 sed

1860 805 2122 875 quosdam
2164 805 2414 870 advocat,
2446 809 2692 877 sequitur
2720 818 2777 863 ut
2804 826 2924 886 non~
2949 828 3139 870 omnes
3180 814 3302 886 sint
3316 831 3453 872 one-

1859 897 1990 965 rati,
2031 898 2116 954 vel
2145 891 2424 973 originali,
2449 902 2532 956 vel
2564 903 2760 961 actuali
2788 881 3034 974 peccato,
3070 891 3176 963 nec
3207 881 3341 968 vera
3382 909 3454 964 sit

1859 989 1950 1045 illa
1978 993 2247 1047 sententia
2278 1012 2290 1047 :
2328 1013 2345 1044 ι
2390 993 2592 1050 Omnes
2633 996 2777 1050 enim
2807 983 3168 1065 peccaverunt
3203 976 3257 1055 et
3293 1010 3453 1071 egent

1859 1081 2028 1152 gloria
2058 1083 2162 1145 Dei
2184 1083 2362 1154 (Rom.
2391 1085 2497 1155 ιιι),
2523 1106 2541 1140 ι
2579 1101 2679 1142 nec
2698 1102 2796 1158 per
2818 1091 3276 1147 omnesbomines
3301 1107 3453 1148 mors

1857 1172 2221 1242 pertransisse
2271 1174 2542 1229 credatur.
2595 1175 2663 1231 Et
2704 1177 2759 1230 in
2807 1185 3016 1234 tantum
3078 1194 3306 1246 omnes,
3358 1181 3450 1251 qui

1857 1271 2121 1334 pereunt,
2167 1273 2356 1318 contra
2394 1263 2486 1320 Dei
2543 1277 2770 1336 pereunt
2822 1266 3186 1338 voluntatem,
3239 1279 3301 1340 ut
3350 1287 3452 1326 nec

1859 1353 2033 1423 ipsam
2075 1363 2304 1409 mortem
2347 1355 2486 1409 Deus
2521 1353 2714 1411 fecisse
2751 1357 3028 1422 credatur,
3060 1359 3132 1423 ita
3160 1341 3444 1430 Scriptura

1859 1453 2092 1500 testante
2123 1463 2134 1499 :
2171 1465 2188 1496 ι
2225 1443 2362 1514 Quia
2391 1445 2534 1501 Deus
2559 1457 2789 1504 mortem
2835 1465 2942 1505 non
2985 1449 3111 1506 fecit
3139 1449 3287 1525 (Sep.
3312 1450 3378 1526 ι),
3424 1472 3444 1505 ι

1858 1551 1960 1592 nec
1988 1535 2182 1608 gaudet
2209 1538 2264 1592 in
2293 1538 2600 1609 perditione
2625 1541 2892 1596 vivorum.
2929 1541 2993 1596 Et
3017 1542 3140 1609 inde
3167 1552 3275 1610 est,
3303 1544 3448 1614 quod

1856 1626 2177 1696 plerumque
2205 1628 2332 1682 dum
2371 1635 2470 1697 pro’
2510 1628 2670 1683 bonis
2696 1631 2971 1684 contraria
3005 1631 3338 1701 postulamus
3361 1633 3446 1689 vel

1859 1716 2065 1772 tardius
2089 1716 2175 1770 vel
2205 1731 2544 1786 nequaquam
2574 1725 2758 1772 nostra
2782 1719 3107 1773 exaudiatur
3135 1721 3331 1776 oratio.
3381 1721 3446 1776 Et

1861 1823 2049 1863 rursus
2074 1821 2158 1873 ea,
2205 1822 2328 1877 quas
2351 1809 2624 1864 credimus
2652 1823 2773 1864 esse
2813 1811 3129 1873 contraria,
3153 1811 3356 1867 utiliter
3389 1820 3451 1867 ut

151 1902 309 1958 Nunc
349 1918 481 1974 ergo
531 1905 780 1958 doctores
825 1919 1048 1960 necesse
1088 1911 1191 1966 est,
1244 1913 1302 1957 ut
1343 1910 1604 1972 appetant
1650 1902 1751 1957 zeli
1782 1897 1828 1956 B
1855 1898 2279 1972 benignissimus
2309 1899 2573 1962 medicus,
2605 1898 2769 1954 etiam
2802 1900 3162 1956 invitissimus
3189 1902 3449 1967 Dominus

153 1995 448 2049 ardoribus
475 1992 621 2063 frigi,
654 2008 722 2048 ne
758 2001 1032 2065 cogantur”
1071 2001 1194 2064 post
1233 1993 1301 2049 de
1336 2001 1554 2062 torpore
1579 1992 1752 2064 negli-

148 2084 351 2155 gentia:
380 2085 503 2156 igne
546 2085 805 2152 gehennte
841 2084 1094 2140 cruciari.
1141 2083 1248 2140 Sed
1290 2084 1434 2139 aliud
1486 2091 1570 2139 est
1608 2083 1753 2154 quod

148 2176 371 2246 iujustis
389 2160 443 2232 et
471 2178 723 2242 subditis,
753 2177 897 2232 aliud
925 2177 1070 2247 quod
1101 2176 1268 2245 justis
1295 2185 1354 2231 et
1384 2193 1490 2230 non
1520 2176 1750 2231 subditis

146 2267 431 2321 debemus.
462 2267 544 2319 Ad
577 2265 793 2320 illorum
818 2281 918 2320 nos
948 2265 1347 2337 correptiottezn
1382 2274 1544 2335 atque
1566 2274 1749 2324 custo-

145 2357 299 2410 diam
353 2355 752 2411 rcddcndarum
803 2357 1078 2410 rationum
1133 2356 1294 2410 debet
1345 2355 1504 2415 timor
1558 2370 1752 2408 accen-

145 2449 283 2502 dere
325 2465 338 2500 :
392 2447 458 2501 ad
513 2447 742 2501 istorum
792 2448 1202 2501 venerationem
1247 2445 1361 2514 ipsa
1408 2444 1750 2498 considerata

143 2543 382 2612 :cquitas
419 2541 709 2604 inclinare.
755 2539 864 2595 Sed
905 2547 1222 2610 arrogantes
1254 2537 1380 2599 viri,
1420 2538 1544 2605 quia
1594 2535 1751 2604 hujus

144 2633 381 2687 formam
411 2631 755 2688 discretionis
785 2630 1054 2702 ignorant,
1079 2630 1182 2684 hoc
1207 2628 1370 2697 justis
1392 2639 1448 2682 et
1484 2643 1592 2682 non
1621 2629 1750 2682 sub-

142 2726 280 2778 ditis
306 2724 587 2790 exhibent,
623 2721 764 2792 quod
805 2736 835 2775 a
870 2720 1027 2776 bonis
1066 2718 1517 2789 praedicatoribus
1550 2716 1666 2773 fieri
1694 2725 1750 2772 et

147 2815 367 2885 injustis
408 2824 462 2869 et
521 2813 751 2869 subditis
788 2813 993 2867 vident.
1047 2812 1148 2880 Qui
1204 2826 1326 2865 cum
1360 2810 1426 2864 ad
1478 2809 1749 2865 fervorem

136 2904 442 2973 junctionis
491 2905 689 2974 injuste
715 2903 1024 2974 prosiliunt,
1055 2903 1220 2958 etiam
1261 2916 1359 2972 per
1389 2901 1551 2957 verba
1584 2899 1749 2955 male-

143 3001 404 3055 tlictionis
431 2998 880 3069 exceduntzquia
916 2996 1061 3052 enim
1094 3010 1438 3065 nequaquam
1469 2994 1749 3064 proximos

142 3095 291 3148 sicut
340 3108 397 3148 se
435 3093 693 3162 diligunt,
745 3090 1008 3160 proximis
1068 3097 1260 3159 optare
1311 3104 1417 3141 non
1469 3086 1743 3150 desinunt,

141 3183 291 3252 quod
352 3182 451 3251 ipsi
499 3181 720 3236 sibimet
769 3180 986 3235 evenire
1017 3179 1428 3249 pertimescunt.
1472 3176 1745 3248 (ἥξει-οη.)

1857 1988 2060 2046 inferre
2089 1989 2365 2061 dignatur.
2388 1989 2468 2045 Ac
2513 2006 2622 2045 non
2648 2005 2924 2060 nunquam
2966 1991 3302 2063 perniciosas
3336 1992 3446 2048 dis-

1854 2085 2152 2155 positiones
2223 2091 2441 2141 nostras
2492 2082 2830 2153 letbalesque
2869 2093 3098 2139 conatus
3131 2083 3202 2139 ab
3242 2073 3447 2151 eﬂ’eétu

1854 2175 2165 2238 detestabili
2206 2176 2448 2234 retardat
2486 2190 2552 2230 ac
2590 2187 2835 2241 revocat,
2882 2192 2947 2231 ac
2985 2186 3338 2248 properantes
3375 2179 3445 2232 ad

1854 2275 2108 2333 mortem,
2143 2275 2196 2322 et
2219 2267 2288 2322 de
2313 2265 2512 2322 inferni
2552 2265 2806 2326 faucibus,
2828 2269 3060 2325 retrahit
3085 2269 3156 2326 ad
3192 2269 3444 2335 salutem,

1853 2371 1918 2410 ac
1949 2355 2190 2419 extrahit
2218 2357 2555 2428 ignorantes.
3213 2339 3231 2428 ί
3363 2342 3367 2347 θ

1934 2462 1954 2496 ι
1993 2444 2072 2499 Tu
2104 2446 2309 2515 itaque,
2339 2443 2413 2502 fili
2449 2446 2706 2514 hominis,
2732 2447 2821 2510 die
2848 2447 2915 2503 ad
2941 2446 3084 2506 ﬁlios
3110 2450 3302 2522 populi
3321 2453 3398 2509 tui
3431 2470 3444 2507 :

1859 2553 1878 2586 ι
1922 2534 2144 2610 δυειὶιὶει
2167 2535 2301 2605 justi
2331 2551 2436 2591 non
2471 2537 2723 2595 liberabit
2746 2553 2870 2607 eum
2914 2538 2971 2618 in
3005 2528 3446 2618 quacunquedie

1857 2645 1875 2676 ε
1913 2627 2246 2696 peccaverit.
2294 2626 2362 2682 Et
2402 2627 2652 2697 impietas
2694 2627 2844 2699 impii
2893 2613 3000 2686 non
3034 2630 3250 2706 nocebit
3369 2633 3441 2698 in

1857 2736 1876 2768 ι
1923 2733 2247 2791 quacunque
2273 2720 2362 2775 die
2399 2735 2698 2778 conversus
2727 2720 2896 2784 fuerit
2923 2722 2994 2778 ab
3016 2724 3296 2796 impieute
3322 2743 3442 2784 sua.

1857 2825 1875 2858 ι
1923 2807 2189 2881 Etjustus
2215 2825 2319 2864 non
2350 2811 2550 2882 poterit
2575 2811 2758 2867 vivere
2788 2813 2840 2869 in
2857 2813 3072 2884 justitia
3097 2830 3198 2874 sua
3229 2817 3282 2872 in
3311 2833 3446 2888 qua-

1857 2917 1875 2951 t
1922 2915 2139 2970 cunque
2159 2900 2245 2955 die
2286 2903 2614 2970 peccaverit.
2645 2902 2823 2957 Etiam
2845 2903 2891 2958 si
2918 2904 3106 2958 dixero
3127 2902 3278 2976 justo
3298 2909 3444 2978 quod

1857 3010 1877 3044 ‹
1924 2992 2032 3047 vita
2058 2993 2205 3047 vivat
2238 3001 2297 3048 et
2323 2992 2563 3049 conlisus
2585 2995 2640 3049 in
2675 2994 2886 3064 justitia
2911 3011 3010 3052 sua
3030 2993 3223 3054 fecerit
3247 2998 3447 3070 iniqui-

1858 3103 1876 3134 ι
1921 3092 2110 3148 tatem,
2135 3098 2326 3140 omnes
2346 3083 2572 3153 justitia:
2597 3087 2715 3156 ejus
2760 3087 3019 3144 oblivioni
3054 3090 3352 3157 tradentur,
3389 3101 3447 3148 et

1857 3197 1875 3229 ι
1924 3178 1976 3233 in
2003 3179 2290 3249 iniquitate
2311 3195 2409 3237 sua
2432 3195 2595 3250 quam
2619 3191 2873 3252 operatus
2896 3191 3000 3249 est,
3026 3183 3078 3240 in
3100 3184 3216 3254 ipsa
3246 3186 3445 3248 tuorie-

143 3277 219 3331 De
250 3275 527 3345 magistris
556 3273 953 3345 negligentibus
976 3272 1230 3327 Salomon
1267 3270 1549 3340 loquitur:
1587 3288 1606 3320 ε
1650 3269 1749 3324 Sa-
1775 3274 1820 3337 C
1859 3287 1876 3318 ι
1925 3279 2030 3324 tur.
2063 3269 2161 3326 Sin
2191 3278 2374 3326 autem
2411 3272 2600 3329 dixero
2645 3272 2833 3342 impio,
2879 3274 3049 3336 Morte
3078 3275 3362 3341 morieris...
3386 3288 3442 3333 et

147 3389 164 3419 ι
212 3367 419 3437 pientia
456 3365 768 3421 abscondita
794 3374 850 3420 et
875 3365 1164 3419 thesaurus
1192 3363 1460 3428 occultus,
1489 3377 1610 3434 qua:
1634 3363 1743 3418 uti-

147 3481 164 3510 ‹
214 3460 341 3514 litas
390 3459 444 3512 in
478 3457 740 3525 utroque?
771 3476 789 3509 ι
828 3455 1020 3527 (Eccli.
1061 3455 1174 3528 xu)
1213 3455 1343 3509 Tale
1372 3456 1500 3524 quid
1534 3453 1743 3525 signifi-

141 3559 303 3604 catur
351 3559 404 3603 et
457 3549 508 3602 in
570 3547 860 3619 Evangelio
911 3545 1132 3619 (Matth.
1192 3547 1380 3618 svnt),
1448 3545 1591 3615 quod
1649 3545 1744 3615 qui

143 3639 600 3695 scandalizaverit
627 3653 792 3692 unum
825 3637 892 3691 de
923 3637 1163 3692 mlnimis
1185 3637 1461 3701 Ecclesite,
1491 3636 1746 3705 expediat

142 3735 191 3786 ei
215 3742 274 3787 ut
297 3732 550 3801 alligetur
566 3731 633 3785 ad
659 3729 855 3786 collum
873 3729 991 3799 ejus
1009 3729 1149 3783 mola
1177 3729 1434 3792 asinaria,
1452 3728 1743 3797 etabjicia-

145 3834 234 3878 tur
264 3824 317 3877 in
343 3823 695 3893 profundum,
718 3836 879 3890 quam
905 3821 958 3874 in
985 3819 1200 3888 specula
1228 3820 1554 3875 constitutus
1577 3819 1742 3888 pluri-

145 3916 250 3969 mis
291 3922 502 3972 noceat.
540 3933 556 3962 ι
598 3912 676 3966 Tu
700 3926 849 3981 ergo,
883 3911 960 3966 fili
991 3911 1250 3978 hominis,
1282 3913 1371 3967 dic
1413 3913 1482 3967 ad
1524 3913 1741 3968 domum

141 4002 309 4057 ls‘racl
341 4021 353 4054 :
393 4003 471 4057 sic
513 4001 675 4057 locuti
705 4002 840 4055 estis
870 4001 1135 4067 dicentes,
1172 4003 1488 4072 iniquitates
1543 4011 1743 4057 nostrae

140 4106 193 4148 et
239 4103 463 4162 peccata
509 4102 694 4147 nostra
744 4108 908 4163 super
957 4107 1055 4146 nos
1090 4100 1249 4158 sunt,
1283 4099 1338 4146 et
1381 4092 1435 4146 in
1467 4091 1600 4162 ipsis
1643 4107 1742 4146 nos

143 4183 498 4245 tabescimus,
530 4183 802 4248 quomodo
829 4197 960 4252 ergo
988 4182 1171 4236 vivere
1194 4181 1531 4252 poterimus?
1556 4182 1650 4236 Dic
1674 4184 1741 4237 ad

141 4290 237 4330 eos
269 4292 282 4327 :
318 4273 455 4328 Vivo
483 4288 602 4343 ego,
654 4272 784 4328 dicit
822 4273 1084 4328 Dominus
1131 4275 1294 4338 Deus,
1341 4274 1466 4328 nolo
1510 4283 1741 4330 mortem

142 4367 319 4436 impii,
355 4365 448 4420 sed
495 4375 553 4420 ut
595 4374 902 4420 revertatur
947 4367 1145 4436 impius
1187 4382 1217 4420 a
1251 4368 1332 4420 via
1357 4382 1452 4422 sua
1483 4375 1539 4422 et
1571 4368 1737 4421 vivat.

140 4457 537 4515 (Lonvertimini
573 4472 604 4511 a
652 4458 755 4512 viis
798 4458 994 4513 vestris
1037 4458 1287 4528 pessimis
1327 4467 1382 4512 et
1412 4473 1581 4528 quare
1626 4473 1742 4512 mo-

143 4547 392 4611 riemini.
417 4548 608 4602 domus
639 4546 822 4602 Israel.
858 4566 876 4598 ι
914 4544 1073 4618 (Greg
1101 4547 1119 4618 )
1149 4547 1248 4613 Qui
1289 4547 1434 4602 enim
1465 4556 1522 4602 ut
1550 4557 1741 4618 pereat

1850 3380 1868 3411 ι
1913 3361 2087 3432 egerit
2113 3362 2489 3433 penitentiam
2526 3379 2556 3417 a
2584 3373 2810 3432 peccato
2837 3380 2958 3430 suo,
2982 3364 3278 3437 feceritque
3294 3368 3442 3438 judi-

1851 3470 1869 3503 ς
1917 3451 2060 3508 cium
2088 3462 2144 3508 et
2171 3451 2464 3522 justitiam,
2503 3454 2698 3524 pignus
2741 3455 3045 3512 restituerit
3076 3455 3163 3512 ille
3211 3457 3438 3527 impius,

1851 3561 1869 3593 ι
1915 3542 2272 3614 rapinamque
2317 3543 2631 3611 reddiderit,
2675 3545 2731 3599 in
2778 3545 3049 3602 mandatis
3080 3547 3205 3602 vitae
3252 3547 3442 3602 ambu-

1852 3652 1869 3685 ς
1919 3633 2137 3700 laverit,
2168 3650 2271 3691 nec
2304 3633 2496 3691 fecerit
2517 3637 2811 3707 quidquam
2836 3637 3118 3708 injustum,
3158 3638 3266 3694 vita
3295 3639 3444 3695 vivet

1851 3742 1869 3774 ι
1917 3733 1972 3779 et
1996 3740 2103 3778 non
2130 3726 2412 3790 morietur,
2443 3727 2624 3780 omnia
2647 3735 2868 3797 peccata
2909 3727 3049 3797 ejus,
3077 3743 3201 3798 qute
3242 3743 3438 3798 pecca-

1851 3833 1870 3865 t
1915 3815 1994 3869 vit
2043 3831 2152 3870 non
2193 3816 2604 3886 imputabantur
2646 3818 2718 3872 ei.
2768 3815 3042 3872 Iudicium
3071 3827 3128 3874 et
3163 3818 3436 3889 justitiam

1851 3925 1868 3957 ι
1914 3906 2064 3972 fecit,
2093 3907 2203 3961 vita
2252 3907 2418 3962 vivet.
2453 3907 2519 3962 Et
2545 3908 2800 3964 dixerunt
2835 3907 2930 3962 filii
2965 3909 3287 3980 populitui.
3320 3909 3437 3965 Non

1850 4017 1867 4047 ‹
1912 4006 1998 4052 est
2041 3997 2181 4067 aequi
2239 3997 2494 4067 ponderis
2543 3984 2630 4052 via
2688 3997 2923 4065 Domini,
2966 4008 3021 4054 et
3061 4001 3303 4070 ipsorum
3350 4003 3438 4056 via

1853 4107 1868 4139 ι
1918 4087 2114 4158 injusta
2141 4095 2242 4143 est.
2276 4087 2408 4143 Cum
2446 4089 2589 4142 enim
2629 4089 2916 4144 recesserit
2936 4088 3114 4158 justus
3163 4106 3194 4145 a
3224 4088 3440 4159 justitia

1852 4202 1868 4232 ι
1916 4197 2045 4246 sua,
2083 4180 2378 4250 feceritque
2411 4181 2803 4251 ’miquitatem,
2839 4183 3104 4238 morietur
3142 4183 3196 4237 in
3229 4183 3330 4239 eis.
3369 4183 3438 4243 Et

1851 4292 1868 4323 ι
1916 4287 2038 4327 cum
2065 4272 2353 4326 recesserit
2377 4273 2571 4342 impius
2601 4273 2666 4328 ab
2690 4272 2967 4342 impietate
2988 4289 3082 4327 sua
3101 4314 3114 4339 ,
3140 4271 3436 4342 feceritque

1851 4381 1868 4411 ι
1909 4360 2171 4428 judicium
2199 4371 2253 4415 et
2272 4361 2558 4432 justitiam,
2597 4362 2740 4417 vivet
2764 4364 2816 4417 in
2845 4364 2940 4419 eis.
2967 4364 3034 4418 Et
3071 4365 3284 4430 dicetis,
3315 4363 3434 4422 Non

1854 4474 1869 4502 ι
1916 4460 2001 4507 est
2046 4459 2194 4507 recta
2224 4453 2310 4506 via
2345 4451 2578 4507 Domini.
2642 4453 3091 4525 Unumquemque
3121 4455 3276 4524 juxta
3320 4455 3437 4510 vias

1854 4563 1872 4594 ι
1921 4559 2049 4599 suas
2076 4543 2330 4614 judicabo
2360 4543 2427 4598 de
2456 4543 2626 4609 vobis,
2664 4545 2854 4600 domus
2877 4544 3060 4600 Israel.
3095 4565 3116 4598 ι
3159 4544 3430 4616 (Hieron)

141 4655 288 4694 unus
339 4639 404 4692 de
449 4636 660 4707 pusillis
714 4652 818 4692 non
871 4637 1036 4692 habet
1081 4636 1432 4703 voluntatem,
1477 4653 1584 4708 quo
1624 4623 1820 4692 sineD
1849 4633 1903 4690 Si
1947 4633 2280 4704 negligenter
2321 4633 2562 4703 legamus
2615 4636 2827 4692 videtur
2863 4636 3020 4692 nobis
3066 4638 3256 4695 eadem
3307 4649 3435 4705 pro-

140 4729 356 4803 ingeuti
404 4727 686 4798 sacrilegio
732 4727 1004 4798 putandus
1045 4735 1160 4790 est,
1205 4744 1313 4784 nou
1362 4726 1743 4783 universaliter

140 4838 362 4889 omnes,
388 4823 482 4876 sed
510 4820 775 4892 quosdam
821 4820 1002 4874 salvos
1040 4819 1156 4874 fieri
1202 4819 1358 4874 velle.
1390 4819 1467 4872 Ex
1491 4821 1743 4875 omnibus

139 4931 278 4986 ergo
322 4915 630 4983 quicunque
677 4920 922 4981 pereunt,
962 4920 1153 4965 contra
1199 4910 1345 4967 illius
1390 4921 1617 4980 pereunt
1650 4927 1745 4966 vo-

141 5007 431 5061 luntatem.
461 5003 542 5059 Ita
568 5016 640 5056 eo
722 5002 789 5056 ad
814 5016 1255 5071 unumquemque
1284 5015 1472 5056 eorum
1502 5001 1745 5071 quotidie

139 5097 566 5172 proclamante:
622 5112 640 5146 ‹
694 5093 1083 5148 Convertimini
1118 5108 1150 5146 a
1199 5092 1301 5148 viis
1332 5093 1530 5147 vestris
1575 5093 1742 5160 pessi-

145 5194 274 5247 mis.
314 5210 332 5243 ι
370 5189 438 5245 Ει
464 5207 527 5251 ;,ι
565 5189 744 5257 Quare
779 5186 1103 5250 moriemini,
1145 5185 1335 5240 domus
1362 5185 1565 5241 Israel?
1612 5205 1633 5240 ι
1672 5187 1740 5241 Ει

146 5287 351 5340 iterum
400 5302 414 5334 :
469 5300 486 5331 ι
542 5280 766 5347 Quoties
824 5278 968 5332 volui
1014 5292 1345 5347 congregare
1394 5278 1534 5332 ﬁlios
1594 5286 1734 5342 tuos,

144 5377 294 5431 sicut
324 5373 526 5443 gallina
551 5378 846 5443 congregat
866 5369 1040 5440 pullos
1069 5384 1196 5424 suos
1224 5369 1326 5424 sub
1359 5369 1472 5424 alas
1503 5385 1651 5436 suas,
1685 5377 1740 5424 et

146 5465 408 5521 noluisti?
446 5483 464 5515 ι
494 5461 708 5534 (Matth.
744 5460 924 5533 χχιιι.)
953 5460 1016 5514 Ει
1041 5479 1054 5514 :
1086 5480 1102 5510 ι
1125 5459 1326 5528 Quare,
1355 5461 1549 5531 inquit,
1583 5477 1738 5518 aver-

146 5573 244 5616 sus
273 5566 360 5612 est
404 5554 637 5626 populus
685 5556 788 5608 iste
820 5554 874 5608 in
923 5552 1262 5607 Hierusalem
1290 5554 1574 5608 aversione
1614 5568 1742 5608 con—

147 5648 412 5704 tentiosa.
445 5644 840 5701 lntluraverunt
877 5644 1118 5700 cervices
1153 5658 1303 5709 suas,
1332 5643 1626 5700 noluerunt
1653 5660 1740 5700 re-

145 5736 314 5793 verti.
364 5755 381 5787 ›
424 5734 631 5788 Praesto
674 5743 758 5788 est
805 5749 935 5803 ergo
965 5732 1207 5803 quotidie
1253 5733 1348 5787 Dei
1375 5734 1576 5801 gratia,
1625 5749 1742 5803 qua:

146 5829 280 5882 dum
313 5826 427 5880 vult
470 5840 660 5881 omnes
689 5825 935 5880 homines
973 5822 1149 5879 salvos
1185 5822 1299 5876 fieri
1329 5863 1342 5886 ,
1377 5824 1581 5893 absque
1632 5825 1736 5880 ulla

1845 4727 2026 4798 phetia
2057 4741 2208 4791 esse,
2238 4740 2358 4796 quae
2395 4742 2556 4797 supra
2607 4727 2662 4780 in
2703 4743 2807 4797 qua
2846 4727 3083 4782 dicitur:
3129 4746 3147 4777 ι
3181 4726 3434 4796 Nunquid

1844 4819 2031 4877 volens
2072 4818 2232 4888 cupio
2281 4826 2512 4872 mortem
2560 4818 2772 4889 iniqui,
2811 4819 2942 4884 dicit
2981 4819 3277 4881 Dominus,
3326 4817 3428 4871 nisi

1846 4910 2090 4966 converti
2121 4923 2246 4964 eum
2275 4923 2305 4962 a
2332 4909 2419 4962 via
2441 4906 2583 4962 mala
2607 4918 2662 4962 et
2692 4909 2909 4964 vivere?
2932 4928 2949 4960 ι
2983 4908 3050 4963 Ει
3073 4910 3125 4967 in
3156 4907 3263 4963 fine
3293 4905 3430 4975 ejus—

1848 5002 1971 5056 dem
1998 5001 2296 5072 prophetiae
2331 5018 2343 5054 :
2391 5018 2409 5051 ι
2457 4998 2848 5065 Convertimini
2881 5009 2937 5059 et
2981 5001 3155 5056 redite
3199 5001 3268 5057 ab
3305 5002 3429 5058 uni-

1847 5089 2021 5147 versis
2067 5091 2435 5162 impietatibns
2470 5091 2688 5155 vestris,
2731 5100 2788 5145 et
2826 5105 2933 5152 non
2972 5103 3132 5146 erunt
3173 5093 3326 5149 vobis
3373 5096 3426 5150 in

1844 5192 2175 5239 tormentum
2203 5183 2523 5254 iniquitatis.
2565 5202 2584 5234 ι
2619 5182 2697 5237 lbi
2720 5183 2867 5245 enim
2895 5183 2963 5239 ad
3006 5197 3100 5240 eos
3131 5199 3312 5251 sermo
3343 5187 3425 5253 fit,

1843 5276 1938 5346 qui
1994 5275 2184 5330 volunt
2225 5289 2387 5345 agere
2431 5275 2807 5344 paenitentiam
2852 5285 2905 5330 et
2944 5273 3155 5344 justitia
3202 5291 3425 5348 peccata

1843 5368 2046 5434 delere,
2077 5375 2134 5421 ut
2161 5381 2286 5438 cum
2325 5366 2516 5422 fiducia
2542 5377 2945 5434 convertantur,
2969 5378 3022 5423 ct
3063 5369 3223 5439 pleno
3247 5374 3426 5430 animo

1846 5465 2008 5529 agant
2044 5455 2438 5527 paenitentiam.
2473 5453 2572 5509 Hic
2601 5465 2778 5509 autem
2808 5457 2873 5510 ad
2909 5472 3005 5512 eos
3032 5458 3298 5529 loquitur,
3331 5464 3424 5535 qui

1846 5547 2218 5618 magnitudine
2260 5555 2630 5616 peccatorum,
2659 5548 2767 5602 imo
2814 5549 3150 5618 impietatem
3204 5569 3422 5610 suarum

1844 5641 2134 5712 desperant
2176 5638 2424 5705 salutem,
2459 5649 2514 5693 et
2543 5640 2728 5694 dicunt
2756 5639 3108 5710 :lniquitates
3136 5652 3333 5698 nostris
3369 5654 3425 5701 et

1845 5738 2067 5801 peccata
2103 5737 2286 5783 nostra
2319 5744 2480 5799 super
2521 5745 2617 5783 nos
2657 5741 2804 5795 sunt,
2844 5740 2900 5785 et
2945 5731 2997 5785 in
3026 5731 3155 5801 ipsis
3197 5735 3426 5792 tabesci-

1846 5836 1986 5888 mus,
2012 5823 2277 5891 quomodo
2296 5837 2422 5892 ergo
2437 5823 2612 5875 vivere
2639 5822 2932 5889 poterimus
2951 5821 2972 5874 ‘?
2999 5823 3062 5876 Et
3087 5832 3169 5877 est
3195 5839 3418 5881 sensus-
