3936 6360
462 373 567 428 ὃῗιδ

1098 366 1157 419 l3.
1202 362 1453 419 ilatlAXl
1493 363 1709 420 MAURI
1747 361 2067 418 ARClliEP.
2111 360 2426 419 MOGUNT.
2466 358 2754 419 OPERUM
2788 360 2968 416 PARS
3008 360 3068 415 ll.

3655 359 3761 418 836

463 485 598 540 Cum
621 479 790 537 semel
816 479 979 536 nobis
1020 494 1169 535 mors
1195 479 1470 550 proposita
1506 488 1610 541 est.
1643 486 1699 533 et
1734 475 2053 532 vulneribus
2082 484 2134 540 Α
2162 476 2229 531 ad
2274 492 2362 532 me
2389 488 2639 548 vespere,
2662 486 2953 546 antequam
2992 475 3204 531 veniret
3232 476 3323 545 qui
3360 475 3602 549 fugerat,
3629 490 3763 545 ape~

468 574 670 631 nostris
700 568 845 627 nulla
884 570 1156 627 medicina
1187 572 1360 642 possit
1403 572 1690 627 restituere
1736 570 2055 632 sanitatem,

470 669 598 738 quid
636 678 860 720 necesse
907 672 990 719 est
1032 661 1302 727 laborare,
1335 673 1391 719 et
1418 664 1622 719 frustra
1672 662 1966 719 consumi?
2000 672 2069 718 etv

468 764 792 829 praesentem
810 756 981 812 vitam
1020 772 1126 810 non
1162 771 1285 811 cum
1323 756 1700 826 desperatione
1733 756 2054 827 transigere,

474 857 531 902 ut
560 848 751 903 saltem
798 848 899 903 hac
940 845 1203 914 li-uamur,
1245 850 1371 919 quia
1423 848 1659 903 futuram
1695 849 2051 919 perdidimus.

471 940 676 1009 Quibus
704 940 992 1010 respondet
1018 940 1183 1005 Deus,
1214 956 1321 996 non
1353 940 1491 996 velle
1514 956 1574 996 se
1620 950 1848 995 mortem
1882 940 2056 1011 impii,

469 1032 563 1086 sed
591 1038 649 1085 ut
678 1039 985 1086 revertatur
1025 1040 1082 1087 et
1115 1031 1279 1087 vivat.
1306 1032 1373 1087 Et
1394 1033 1780 1103 apostropham
1826 1033 1955 1089 facit
1990 1036 2058 1089 ad

470 1122 664 1191 impios
704 1120 1077 1191 desperantes.
1129 1141 1146 1175 ι
1195 1122 1586 1179 Convertimini
1632 1141 1660 1179 a
1719 1125 1819 1181 viis
1862 1127 2061 1181 vestris

466 1212 740 1281 pessimis.
786 1232 805 1264 ι
838 1212 1016 1283 Atque
1062 1223 1120 1268 ut
1182 1214 1417 1271 sciamus
1476 1217 1570 1286 qui
1626 1219 1735 1271 sint
1779 1216 1928 1288 impii
1991 1219 2058 1273 ad

469 1312 608 1370 quos
648 1301 888 1373 loquitur
915 1318 1151 1373 sequens
1186 1320 1365 1360 sermo
1403 1305 1742 1362 demonstrat
1776 1328 1787 1361 :
1828 1328 1846 1359 ‹
1876 1310 2060 1377 Quare

471 1392 798 1459 moriemini,
830 1382 1023 1449 domus
1063 1393 1261 1450 Israel?
1289 1414 1307 1446 ι
1349 1393 1473 1449 Vita
1498 1405 1677 1452 autem
1727 1407 1781 1455 ct
1811 1414 1958 1454 mors
2005 1399 2058 1454 in

468 1483 573 1540 hoc
598 1486 715 1542 loco
746 1501 852 1543 non
881 1486 997 1541 haec
1026 1483 1385 1558 signiﬁcatur,
1420 1503 1527 1557 qua
1558 1504 1749 1543 omnes
1777 1492 2058 1545 communi

470 1592 592 1631 cum
619 1576 808 1632 bestiis
839 1576 955 1648 lege
998 1584 1206 1631 na’turze
1234 1576 1320 1633 vel
1348 1578 1599 1642 vivimus,
1643 1578 1723 1634 vel
1752 1589 1925 1635 morte
1953 1581 2061 1636 dis“

469 1668 751 1734 solvimur,
795 1669 889 1724 sed
935 1668 1023 1721 illa
1072 1668 1138 1722 de
1182 1684 1284 1738 qua
1323 1670 1584 1740 scriptum
1614 1678 1739 1724 est:
1776 1690 1793 1721 ι
1828 1665 2061 1727 Placebo

470 1759 699 1814 Domino
746 1760 797 1812 in
852 1758 1072 1831 regione
1122 1759 1420 1814 viventium
1480 1759 1652 1831 (Psal.
1704 1761 1873 1832 cxxv.)
1924 1781 1941 1813 ι
1993 1763 2061 1817 Ει

2160 567 2378 636 ruitque
2421 583 2485 623 os
2530 583 2709 622 meum
2758 568 2932 623 donec
2969 566 3183 621 veniret
3222 566 3288 621 ad
3340 578 3427 621 me
3476 579 3660 627 mane.
3705 575 3765 621 et

2159 667 2347 727 aperto
2375 673 2471 713 ore
2504 674 2624 713 meo
2646 674 2754 713 non
2783 659 2906 713 silui
2930 656 3180 729 amplius.
3225 676 3243 710 ι
3285 654 3585 713 Undecimo
3615 671 3766 712 anno

2159 749 2308 819 regni
2364 746 2647 813 Sedecize,
2698 748 2889 817 quinto
2940 763 3165 811 mense,
3220 754 3377 817 capta
3426 757 3511 802 est
3563 747 3763 803 civitas

2159 834 2518 891 Hierusalem.
2557 836 2681 891 lineo
2711 846 2892 892 autem
2923 839 3207 908 prophetia
3239 838 3562 893 duodecimo
3591 852 3761 900 anno,

2159 930 2371 985 decimo
2393 944 2601 995 mense,
2628 930 2818 999 quinta
2846 932 3046 985 mensis
3074 930 3407 1001 captivitatis
3431 930 3547 984 sive
3575 938 3764 982 trans-

2160 1020 2519 1091 migrationis,
2554 1021 2769 1090 quando
2812 1031 3002 1090 captus
3032 1027 3117 1074 est
3158 1035 3280 1075 cum
3327 1019 3643 1075 Jechonias.
3682 1017 3764 1071 Ex

2161 1123 2268 1179 quo
2303 1111 2611 1165 ostenditur
2638 1120 2761 1180 post
2780 1126 2948 1164 unum
2977 1124 3178 1163 annum
3201 1117 3255 1162 et
3278 1117 3512 1179 quatuor
3540 1122 3767 1163 tuenScs

2160 1208 2215 1253 et
2265 1197 2451 1269 viginti
2488 1197 2727 1269 quinque
2765 1199 2903 1264 dies,
2929 1209 3085 1269 capta
3130 1198 3501 1263 Hierusalem,
3549 1190 3767 1252 venisse

2162 1290 2497 1362 Babylonem
2526 1307 2691 1345 unum
2721 1291 2922 1346 civium
2969 1291 3329 1352 Hierusalem,
3356 1292 3448 1361 qui
3480 1292 3764 1345 nuntiaret

2162 1392 2377 1450 captam
2422 1382 2611 1437 urbem
2650 1390 2816 1453 atque
2860 1390 3148 1437 vastatam.
3191 1382 3331 1437 Ante
3362 1397 3531 1436 unum
3578 1392 3763 1435 autem

2162 1474 2306 1529 diem
2338 1488 2501 1543 quam
2531 1475 2765 1539 veniret,
2792 1474 2884 1545 qui
2930 1475 3027 1529 ista
3059 1485 3328 1539 narraret,
3355 1475 3572 1543 vesperi
3622 1473 3765 1528 facta

2163 1576 2246 1621 est
2292 1581 2484 1621 manus
2532 1566 2745 1621 Domini
2780 1568 2848 1621 ad
2890 1565 3233 1621 Ezechielem
3264 1568 3607 1636 prophetam,
3644 1581 3767 1635 qua:

2167 1655 2385 1725 aperuit
2413 1669 2476 1709 os
2523 1653 2662 1723 ejus,
2694 1656 2838 1724 quod
2884 1656 2974 1709 diu
3004 1655 3247 1710 clausum
3284 1655 3479 1718 fuerat,
3516 1664 3571 1708 et
3605 1655 3765 1723 quid-

2162 1745 2296 1816 quid
2338 1753 2459 1799 erat
2501 1745 2590 1800 ille
2636 1746 2884 1801 dicturus
2918 1747 3007 1801 hic
3052 1746 3254 1801 factum
3295 1758 3425 1801 ante
3454 1746 3763 1817 replieavit,

470 1852 672 1915 anima,
708 1866 828 1921 quae
856 1852 1184 1921 peccaverit,
1227 1852 1339 1923 ipsa
1370 1854 1650 1909 morietur.
1688 1854 1756 1907 Et
1779 1869 1807 1908 a
1839 1856 2058 1925 speciali

2166 1850 2266 1889 nec
2309 1834 2459 1889 siluit
2499 1835 2753 1904 amplius,
2794 1836 2983 1891 videns
3010 1837 3354 1917 prophetiam
3401 1852 3558 1892 suam
3596 1852 3766 1906 opere

464 1946 891 2001 commonitione
911 1962 1015 2015 qua
1043 1944 1206 2001 Israel
1237 1946 1414 2000 domui
1442 1945 1781 2014 loquebatur,
1806 1947 1871 2000 ad
1900 1965 2059 2017 gene-

473 2037 641 2091 ralem
675 2036 874 2090 transit
916 2036 1332 2104 disputationem
1372 2037 1515 2105 quod
1537 2037 1809 2105 etjustum
1834 2047 2058 2111 praeter-

467 2125 559 2181 itae
602 2138 707 2179 non
752 2122 1227 2196 salventjustitite,
1267 2128 1311 2180 si
1359 2126 1514 2187 novis
1545 2128 1844 2183 sceleribus
1895 2128 2061 2183 luerit

462 2218 781 2284 occupatus,
824 2223 879 2269 et
905 2220 1249 2285 peccatoretn
1280 2214 1363 2270 vel
1409 2216 1630 2285 impium
1672 2218 1889 2285 antiqua
1929 2232 2057 2286 pce-

464 2313 590 2360 cata
620 2321 729 2361 non
751 2305 1005 2375 perdant,
1040 2305 1085 2360 si
1116 2306 1370 2374 operibus
1386 2306 1615 2375 justitim
1640 2317 1859 2361 veteres
1882 2323 2065 2362 euieu-

464 2396 613 2451 darit
640 2394 877 2459 oneres,
917 2396 1199 2465 Deumque
1242 2412 1348 2450 non
1398 2398 1669 2466 praeterita
1720 2399 1774 2449 in
1832 2407 2062 2468 utroque

462 2486 741 2557 judicare,
778 2489 873 2545 sed
916 2488 1223 2560 praesentia.
1270 2508 1289 2540 ι
1327 2489 1383 2543 Si
1422 2490 1634 2551 dixero,
1679 2492 1876 2560 inquit,
1914 2488 2063 2558 justo

465 2577 582 2632 vita
614 2578 801 2645 vives,
824 2595 843 2631 ι
878 2586 933 2633 et
967 2578 1016 2633 ei
1040 2578 1261 2648 prtemia
1298 2579 1525 2649 justitfize
1566 2568 1844 2648 pollicitus
1884 2579 2059 2644 fuero,

466 2666 816 2737 conﬁsusque
849 2666 937 2723 ille
985 2668 1317 2740 peccaverit,
1344 2684 1530 2725 omnes
1551 2667 1778 2738 iustitiae
1810 2667 1926 2737 ejus
1952 2671 2064 2740 pri-

468 2758 624 2812 stinze
646 2757 903 2814 oblivioni
933 2758 1233 2824 tradentur,
1258 2768 1311 2813 et
1338 2761 1589 2831 praesenti
1628 2760 1912 2830 iniquitate
1943 2776 2061 2815 mo-

470 2849 659 2902 rietur.
690 2847 800 2903 Nec
824 2864 942 2905 mea
967 2857 1051 2905 est
1080 2857 1287 2903 mutata
1317 2850 1606 2911 sententia,
1644 2866 1765 2904 eum
1799 2866 1904 2905 non
1933 2866 2064 2921 pos-

468 2939 569 2994 sim
597 2938 651 2993 iu
673 2940 877 2995 eodem
896 2940 1135 3005 homine,
1158 2947 1447 3009 peccatore
1475 2941 1722 3005 reddere,
1754 2941 1900 3011 quod
1912 2940 2062 3008 justo

467 3029 846 3100 promiseram.
874 3029 915 3084 E
944 3030 1220 3084 contrario
1251 3031 1295 3085 si
1326 3029 1598 3099 peccaturi
1629 3039 1684 3084 et
1709 3031 1874 3103 impio
1909 3030 2064 3086 fuero

468 3120 848 3184 comminatus,
893 3128 951 3174 et
993 3119 1221 3174 dixero:
1260 3119 1450 3175 Adhuc
1481 3128 1590 3176 tres
1616 3119 1733 3175 dies
1784 3130 1839 3176 et
1870 3120 2061 3177 Ninive

468 3210 835 3275 subvertetur,
894 3217 951 3265 et
1007 3208 1099 3265 ille
1144 3210 1282 3282 gerit
1328 3211 1736 3281 paenitentiam,
1792 3213 2061 3283 bonisque

467 3300 723 3369 operibus
769 3308 1009 3355 veterem
1038 3301 1341 3356 emendarit
1383 3316 1659 3366 errorem,
1712 3302 1785 3357 ita
1826 3312 1885 3357 ut
1913 3304 2061 3374 judi-

469 3392 613 3444 cium
643 3387 811 3445 faciat
846 3398 903 3445 et
929 3384 1220 3458 justitiam,
1248 3392 1443 3462 pignus
1472 3394 1738 3455 restituat,
1780 3395 2059 3465 rapinam-

469 3495 579 3553 que
620 3480 832 3544 reddat,
882 3481 938 3537 in
992 3482 1259 3537 mandatis
1287 3486 1410 3536 vita:
1449 3483 1701 3548 ambulet,
1749 3499 1852 3540 nec
1898 3484 2063 3540 faciat

470 3574 765 3645 quidquam
792 3572 1071 3645 injustam,
1108 3591 1287 3631 nonne
1318 3576 1480 3630 debet
1501 3576 1630 3643 vita,
1667 3592 1788 3648 quae
1808 3576 2062 3634 Christus

472 3670 578 3729 est,
606 3662 806 3726 vivere,
821 3670 879 3718 et
902 3677 1241 3733 nequaquam
1259 3663 1394 3717 mori
1418 3678 1541 3717 eum
1563 3665 1911 3720 comminatio
1936 3682 2063 3736 pec-

472 3756 904 3825 catorisjustum
935 3758 1127 3828 punire
1149 3771 1256 3811 non
1286 3757 1521 3812 debeat?
1548 3757 1681 3814 Tale
1718 3759 1848 3827 quid
1879 3758 2061 3830 loqui-

472 3856 561 3901 tur
582 3861 764 3903 sermo
784 3847 998 3903 divinus
1019 3848 1086 3903 ad
1105 3848 1427 3903 Hieremiam
1458 3851 1674 3919 quando
1701 3850 1978 3906 descendit
2006 3853 2059 3906 in

468 3937 694 3993 domum
724 3936 870 4009 ﬁguli
911 3937 1045 4011 (Jer.
1078 3937 1258 4007 xvm,)
1288 3948 1343 3993 et
1382 3938 1531 3993 audit
1558 3940 1641 3994 vel
1682 3943 1947 4011 promissa
1977 3942 2061 3997 vel

467 4027 947 4084 comminationem
986 4028 1077 4085 Dei
1128 4029 1181 4083 id
1209 4045 1391 4100 agere,
1436 4039 1493 4084 ut
1528 4031 1611 4086 vel
1656 4032 1902 4088 homines
1939 4049 2064 4103 pro-

471 4126 670 4173 vocent
714 4118 782 4171 ad
822 4118 1051 4172 salutem
1096 4118 1179 4172 vel
1211 4120 1574 4175 deterreanta
1617 4132 1862 4191 peccato.
1909 4121 2062 4177 Unde

471 4209 569 4281 qui
588 4208 776 4264 dicunt
802 4226 814 4261 :
843 4226 861 4260 ι
896 4208 1009 4263 Non
1035 4220 1119 4263 est
1139 4224 1290 4279 aequa
1318 4210 1405 4262 via
1435 4209 1671 4275 Domini,
1704 4231 1723 4263 ι
1759 4224 2063 4283 arguuntur

473 4300 617 4370 quod
642 4300 877 4370 ipsorum
910 4300 980 4353 sit
1008 4300 1275 4354 sententia
1296 4299 1477 4369 iniqua
1502 4301 1812 4356 habentium
1842 4303 2060 4359 oculum

473 4393 791 4463 pessimum,
820 4400 874 4445 et
919 4406 1259 4461 nequaquam
1286 4408 1446 4458 nova,
1478 4395 1572 4449 sed
1594 4404 1775 4450 vetera
1813 4395 2063 4467 judican-

2163 1925 2513 1996 completam,
2563 1934 2621 1981 et
2664 1941 3007 1995 nequaquam
3057 1927 3307 1981 dubitare
3338 1926 3628 1997 pOpulum,
3668 1928 3762 1996 qui

2159 2024 2318 2073 erant
2346 2019 2400 2072 in
2431 2018 2731 2089 Babylone,
2758 2018 2842 2073 vel
2870 2034 2986 2083 eos,
3017 2020 3111 2088 qui
3153 2019 3295 2099 capti
3325 2027 3481 2072 erant
3521 2020 3587 2073 de
3627 2018 3764 2072 vati-

2163 2108 2305 2163 ciuio
2347 2110 2675 2178 prophetali.
2720 2109 2872 2163 Tunc
2901 2109 3045 2163 enim
3090 2110 3334 2179 aperitur
3358 2124 3419 2163 os
3450 2109 3765 2176 Propbetm,

2163 2202 2381 2269 quando
2429 2200 2573 2270 quod
2621 2201 2773 2269 prius
2819 2201 3195 2266 nuntiaverat,
3243 2212 3410 2271 opere
3440 2200 3767 2254 uenisti-urit

2162 2292 2445 2357 elfectum,
2484 2300 2542 2346 et
2587 2299 2699 2346 tota
2741 2292 2995 2347 libertate
3038 2293 3364 2362 proclamat,
3421 2293 3513 2362 qui
3554 2304 3767 2362 neque-

2163 2399 2325 2453 quam
2368 2382 2568 2447 futura,
2612 2385 2709 2438 sed
2750 2384 2834 2437 vel
2880 2385 3173 2456 prtesentia
3215 2382 3303 2440 vel
3354 2394 3627 2441 transacta
3668 2384 3767 2440 de-

2166 2482 2455 2531 monstrat.
2496 2473 2610 2529 Hoc
2636 2476 2935 2531 secundum
2980 2476 3238 2533 litteram.
3281 2478 3549 2535 Czeterum
3594 2479 3765 2547 juxta

2165 2570 2440 2639 ἀναγογὰν,
2496 2566 2543 2620 si
2586 2564 2839 2621 Ezechiel
2896 2568 3283 2639 interpretatur
3328 2569 3586 2627 fortitudo
3642 2573 3765 2628 Dei.

2165 2658 2416 2714 Christus
2444 2666 2625 2713 autem
2653 2668 2739 2714 est
2780 2659 2874 2714 Dei
2905 2660 3081 2716 virtus
3115 2668 3171 2716 et
3214 2661 3311 2717 Dei
3340 2662 3628 2732 sapientia,
3656 2664 3768 2720 hoc

2166 2750 2598 2822 intelligendum,
2648 2749 2793 2821 quod
2830 2761 2985 2824 capta
3016 2762 3071 2810 et
3108 2756 3372 2810 subversa
3394 2755 3765 2821 Hierusalem,

2166 2845 2479 2913 quicunque
2520 2840 2811 2913 'pertidiam
2865 2840 3175 2900 Judzeomm
3219 2848 3453 2916 potuerit
3498 2844 3768 2910 evadere,

2167 2936 2356 3005 quales
2422 2938 2639 2991 fuerunt
2695 2936 2958 3005 apostoli,
3006 2945 3061 2991 et
3108 2938 3370 3007 reliquiae,
3424 2952 3540 3008 quae
3586 2938 3768 2992 salvae

2169 3028 2324 3083 tactae
2356 3036 2504 3093 sunt,
2537 3029 2653 3100 ipse
2678 3028 2932 3085 Christus
2948 3031 3162 3086 nuntiat
3187 3044 3378 3084 omnes
3407 3029 3772 3084 cmremonias

2165 3118 2475 3175 Iudaeorum
2501 3136 2626 3175 esse
2648 3121 2961 3186 subversas,
2994 3136 3129 3191 quas
3150 3121 3369 3191 quidam
3401 3136 3565 3191 usque
3597 3120 3773 3176 hodie

2167 3206 2535 3265 observandas
2579 3219 2793 3281 putant,
2832 3226 2940 3266 non
2979 3212 3264 3267 audientes
3296 3212 3425 3266 illud
3458 3212 3715 3282 Apes-toti
3747 3232 3762 3267 :

2169 3318 2187 3349 ι
2248 3299 2292 3352 Α
2346 3300 2519 3371 gratia
2576 3300 2890 3364 excidistis,
2945 3301 3037 3371 qui
3098 3302 3151 3357 in
3208 3302 3325 3374 iege
3372 3302 3769 3374 justiﬂeamini

2164 3388 2309 3461 (Cal.
2337 3391 2417 3464 v.)
2455 3411 2472 3443 ι
2516 3391 2789 3463 Mirorque
2827 3392 3103 3448 hominum
3150 3396 3505 3464 pertinaciam
3533 3394 3587 3449 id
3621 3396 3773 3454 velle

2164 3493 2419 3534 sermone
2448 3481 2740 3535 defendere
2762 3482 2904 3550 quod
2932 3498 3095 3553 opere
3120 3483 3341 3553 implere
3371 3500 3473 3539 non
3496 3484 3771 3553 audeant,

2164 3572 2268 3627 nisi
2298 3570 2439 3627 forte
2478 3574 2583 3627 sub
2623 3573 2762 3643 pelle
2796 3575 3002 3655 ovium,
3047 3575 3101 3628 id
3138 3584 3243 3640 est.
3296 3575 3771 3644 Christianorum,

2163 3662 2274 3733 lupi
2330 3664 2578 3719 celantur
2612 3665 2849 3735 judaici,
2899 3666 2989 3736 qui
3024 3663 3339 3721 defensores
3374 3681 3669 3738 synagoga:
3718 3670 3774 3723 in

2156 3754 2367 3813 Christi
2413 3757 2655 3813 ecclesiis
2694 3767 3010 3828 personant.
3054 3758 3223 3828 Capta
3254 3772 3382 3830 ergo
3418 3757 3773 3816 Hierusalem

2165 3853 2329 3914 atque
2371 3846 2630 3901 subversa
2680 3846 2923 3916 aperitur
2968 3861 3030 3902 os
3070 3847 3283 3901 Domini
3346 3862 3442 3917 per
3480 3850 3772 3916 apostolos

2166 3949 2222 3995 et
2242 3939 2572 4011 apostolicos
2596 3940 2762 4005 viros,
2788 3940 2879 4009 qui
2903 3951 3131 4008 possunt
3151 3941 3337 3994 dicere
3371 3959 3382 3994 :
3422 3960 3438 3989 ι
3477 3937 3549 3993 Os
3568 3956 3771 3997 meum

2163 4039 2411 4101 apertum
2451 4041 2553 4095 est,
2595 4031 2663 4086 ad
2710 4046 2843 4097 vos,
2881 4048 2913 4087 ο
2958 4030 3258 4096 Corinthii,
3299 4041 3355 4088 et
3389 4044 3642 4101 apertum
3684 4046 3771 4091 cst

2166 4127 2299 4181 mihi
2319 4126 2518 4181 ostium
2548 4134 2797 4195 magnam
2840 4134 2893 4181 et
2919 4124 3339 4194 eﬂicaxUlCor.
3415 4127 3511 4198 vi).
3544 4148 3560 4177 ι
3602 4129 3677 4181 Ει
3708 4131 3773 4183 ξι-

2167 4215 2256 4270 lud
2300 4231 2315 4268 :
2370 4236 2386 4264 ι
2424 4212 2498 4269 Os
2528 4229 2704 4269 meum
2741 4214 2941 4285 aperui.
2964 4223 3018 4268 et
3057 4215 3254 4268 attraxi
3300 4215 3543 4285 spiritum
3573 4217 3770 4285 (l’sal.

2166 4306 2357 4377 cxvin)
2385 4324 2398 4369 ;
2442 4328 2458 4358 ι
2492 4307 2634 4375 quod
2663 4319 2937 4375 nunquam
2970 4312 3150 4359 tacere
3180 4306 3396 4373 poterit,
3435 4319 3533 4358 nec
3560 4308 3772 4363 audire

2168 4413 2287 4451 cum
2338 4395 2522 4462 lsrael,
2572 4416 2591 4446 ι
2630 4397 2790 4459 Audi,
2823 4395 3009 4461 lsrael,
3054 4405 3110 4450 et
3146 4403 3295 4462 tace;
3337 4415 3364 4448 ιι
3409 4396 3501 4449 sed
3549 4396 3609 4449 in
3650 4406 3771 4452 toto

475 4483 631 4537 tium.
670 4482 883 4549 Quibus.
915 4482 1165 4538 omnibus
1206 4485 1631 4551 demonstratur,
1681 4501 1782 4542 nec
1810 4498 2061 4558 peceato-
2088 4524 2139 4583 Β
2165 4490 2297 4543 orbe
2354 4488 2660 4549 resonabit,
2725 4498 2781 4543 ct
2830 4486 3031 4541 Christi
3084 4487 3429 4557 Evangelium
3487 4493 3774 4555 pandetur

475 4588 591 4631 rem
614 4575 683 4629 de
700 4574 874 4629 salute
904 4574 1194 4643 desperare
1220 4575 1417 4630 debere
1438 4576 1481 4630 si
1510 4585 1634 4646 agat
1658 4578 2057 4646 pteniteutiam,

478 4681 579 4722 nec
601 4652 808 4738 justum
852 4667 904 4721 in
943 4681 1042 4721 sua
1092 4666 1364 4721 confidere
1401 4666 1635 4737 justitia,
1676 4670 1721 4723 si
1764 4670 2061 4740 perdiderit

478 4760 813 4832 negligenter
845 4759 991 4829 quod
1018 4774 1212 4831 magno
1236 4758 1418 4814 labore
1441 4744 1752 4830 quaesierat.
1778 4761 2061 4819 Manifesta

479 4849 923 4914 trattscm’ﬁmus,
961 4858 1021 4904 ut
1056 4851 1109 4903 in
1142 4849 1549 4905 obscurioribus
1578 4850 1951 4909 immoremur.
2002 4853 2059 4909 lu

477 4944 672 5014 quibus
708 4951 889 4997 autem
915 4942 1153 5012 prmsens
1183 4938 1462 5013 prophetia
1506 4943 1776 5013 discrepet
1806 4959 1837 4997 a
1869 4954 2061 5019 practe-

480 5040 599 5098 rita,
628 5044 684 5090 et
710 5034 763 5089 iu
786 5033 982 5104 quibus
1005 5032 1255 5104 loquatur
1278 5034 1472 5087 similia
1490 5074 1505 5099 ,
1534 5034 1750 5089 collatio
1781 5037 2061 5108 utriusque

478 5126 674 5198 poterit
702 5124 961 5179 indicare.
988 5124 1158 5179 Porro
1179 5125 1306 5192 quid
1336 5126 1406 5179 sit
1422 5124 1683 5191 judicium
1707 5125 1888 5181 facere
1905 5138 1959 5181 et
1974 5126 2062 5196 ju-

477 5219 699 5284 stitiam,
731 5219 924 5291 pignus
954 5220 1266 5283 restituere,
1295 5221 1536 5289 rapinam
1570 5220 1814 5284 reddere,
1840 5222 1892 5273 in
1916 5236 2058 5276 nian-

476 5308 617 5361 tletis
659 5308 789 5362 vitae
824 5308 1128 5370 ambulare,
1160 5319 1213 5362 et
1240 5319 1433 5363 caetera
1455 5350 1469 5373 ,
1501 5310 1551 5363 iu
1582 5310 1681 5363 hoc
1714 5309 1901 5365 eodem
1930 5325 2059 5381 pro-

462 5398 641 5468 pheta
660 5412 825 5468 supra
852 5397 1105 5452 diximus.

544 5488 683 5543 ψει
722 5488 931 5543 factum
958 5498 1044 5543 est
1087 5492 1141 5544 in
1192 5490 1510 5544 duodecimo
1536 5496 1698 5553 anno,
1745 5490 1797 5543 in
1848 5490 2058 5544 decimo

479 5596 701 5645 mense,
738 5582 791 5636 in
834 5585 1017 5652 quinta
1061 5583 1262 5636 mensis
1306 5583 1807 5652 transmigrationis
1836 5595 2053 5645 postne,

479 5674 626 5724 venit
678 5673 745 5725 ad
788 5688 874 5726 me
920 5674 1009 5742 qui
1062 5672 1271 5743 fugerat
1308 5674 1371 5727 de
1414 5674 1773 5736 Hierusalem,
1818 5676 2003 5728 dicens
2039 5693 2051 5727 :

480 5762 697 5820 Vastata
722 5774 802 5819 est
826 5766 1031 5821 civitas.
1059 5764 1245 5820 Manus
1268 5774 1445 5819 autem
1469 5766 1681 5821 Domini
1711 5765 1852 5819 facta
1878 5764 2054 5819 fuerat

2169 4579 2439 4648 gentibus.
2484 4576 2639 4632 Unde
2675 4577 2830 4647 juxta
2877 4577 3020 4631 hunc
3058 4592 3275 4632 sensum
3324 4575 3774 4633 etduodecimus

2170 4684 2366 4734 annus,
2419 4669 2486 4723 ad
2534 4660 2817 4724 duodecim
2868 4667 3116 4723 defertur
3164 4670 3369 4732 tribus,
3415 4679 3467 4721 et
3508 4668 3773 4725 decimus

2170 4762 2371 4816 mensis
2396 4762 2467 4815 ad
2487 4770 2699 4831 tempus
2716 4760 3120 4831 propitiationis
3140 4758 3396 4824 iudaice,
3420 4776 3538 4829 quae
3559 4759 3770 4820 Gnece

2170 4856 2369 4909 dicitur
2419 4852 2673 4924 ἰλασμόςς
2724 4861 2779 4907 et
2810 4850 2994 4922 quinta
3046 4846 3165 4907 dics
3206 4850 3407 4906 mensis
3452 4853 3521 4905 ad
3558 4866 3769 4911 sensus

2170 4960 2417 5001 carneos.
2460 4942 2590 5012 Quae
2614 4946 2795 5000 omnia
2822 4954 2979 5015 capta
3002 4942 3337 5000 Hierusalem
3376 4952 3433 4999 et
3470 4949 3771 5018 evangelio

2165 5037 2490 5093 succedente
2530 5037 2705 5091 deleta
2746 5051 2871 5091 esse
2910 5046 2965 5091 et
3005 5037 3271 5091 transisse
3308 5038 3767 5096 monstravimus.

2166 5122 2232 5182 Et
2273 5148 2292 5179 ι
2342 5141 2598 5198 vespere,
2645 5145 2664 5179 ι
2707 5127 2809 5181 hoc
2844 5136 2927 5181 est
2966 5127 3018 5181 in
3059 5128 3519 5181 consummatione
3563 5133 3766 5185 annuli

2166 5216 2358 5270 factam
2404 5227 2627 5270 manum
2690 5215 2903 5269 Domini
2970 5217 3039 5271 ad
3084 5230 3271 5270 verum
3314 5218 3563 5271 Ezechiel
3595 5260 3611 5279 ,
3666 5224 3765 5289 qui

2164 5307 2375 5360 futuras
2418 5306 2571 5360 urbis
2619 5306 2803 5360 ruinas
2852 5306 3127 5360 cecinerat
3174 5321 3269 5376 per
3315 5309 3647 5377 prophetas,
3709 5322 3768 5366 et

2165 5412 2325 5451 triane
2354 5396 2605 5465 impletas
2630 5410 2751 5451 esse
2774 5397 3117 5450 monstravit.

2238 5508 2256 5540 ι
2302 5490 2616 5543 Ειίῇιιριυῐη
2646 5497 2730 5543 est
2761 5489 2984 5543 verbum
3032 5488 3241 5544 Domini
3282 5491 3347 5543 ad
3372 5524 3381 5535 η
3399 5505 3485 5545 me
3513 5492 3715 5550 dicens
3750 5514 3763 5548 :

2167 5600 2185 5633 ι
2234 5583 2333 5637 ΙἭί
2375 5583 2628 5646 hominis,
2667 5584 2757 5653 qui
2802 5583 3047 5637 habitant
3089 5585 3144 5638 in
3183 5586 3422 5638 ruinosis
3465 5587 3549 5639 his
3592 5602 3761 5657 super

2168 5693 2184 5724 ι
2233 5676 2455 5728 humum
2486 5674 2650 5729 Israel
2686 5676 2965 5743 loquentes
2995 5675 3149 5729 aiunt
3178 5695 3189 5728 :
3234 5676 3386 5731 Unus
3418 5690 3536 5732 erat
3576 5682 3729 5736 ﬁbra

2168 5784 2185 5816 t
2230 5766 2373 5830 bam,
2422 5772 2475 5817 et
2519 5765 2829 5819 hrcreditatc
2870 5766 3109 5833 possedit
3152 5776 3373 5821 terram.
3423 5764 3533 5823 N05
3572 5782 3763 5826 auten.
