3936 6346
161 385 264 441 857

1109 387 1461 443 COMMENT.
1507 389 1570 443 LV
1614 390 2061 445 iiZiﬁClllELETti.
2106 424 2166 431 —-
2209 394 2334 447 Lili.
2384 394 2490 448 ΧΗ.

3324 404 3430 461 838

169 519 187 546 ο
236 499 392 553 ιιιυιιι
460 497 617 552 nobis
653 496 776 552 data
811 504 894 551 est
926 505 1068 551 terra
1111 497 1162 550 iu
1196 501 1614 568 possessionem.
1671 500 1751 553 ld-
1784 509 1828 564 Α
1858 502 2174 564 credibiles,
2229 504 2476 558 videlicet
2524 505 2797 559 libidinum
2850 507 3228 576 turpitudines.
3291 530 3310 562 ς
3365 511 3430 568 Et

166 606 186 638 ι
229 587 380 642 circo
405 585 555 641 dices
591 586 660 641 ad
696 601 813 641 eos.
855 585 981 642 Hinc
1018 586 1149 641 dicit
1186 587 1444 641 Dominus
1473 588 1752 655 Deus,Qui

167 696 186 728 ι
235 679 289 733 in
310 678 573 749 sanguine
602 678 889 734 comeditis
931 686 986 733 et
1012 678 1197 734 oculos
1219 688 1432 735 vestros
1460 679 1651 734 levatis
1684 681 1752 733 ad

164 785 187 816 c
233 766 607 821 immunditias
625 776 855 831 vestras,
875 775 931 821 et
955 767 1273 837 sanguinem
1311 766 1533 823 fumlitis
1558 788 1569 823 :
1600 785 1753 824 num-

164 874 185 908 ι
231 872 395 927 quam
437 866 638 912 terram
664 858 983 913 haereditate
1010 858 1393 927 possidebitis?
1421 857 1661 915 Stetistis
1698 860 1752 913 in

163 967 184 998 ι
231 946 445 1019 gladiis,
461 947 666 1002 fecistis
690 948 1141 1014 abominationes,
1155 956 1211 1004 et
1231 950 1600 1019 unusquisque
1623 966 1753 1004 uxo-

156 1055 179 1085 ι
234 1053 349 1092 rem
397 1038 630 1107 proximi
676 1037 759 1093 sui
803 1038 1014 1108 polluit,
1070 1047 1128 1093 et
1177 1048 1379 1094 terram
1438 1039 1752 1093 luereditate

158 1146 178 1178 ο
221 1127 606 1197 possidebitis?
630 1127 757 1182 Haec
786 1128 937 1183 dices
957 1128 1027 1181 ad
1052 1142 1146 1183 eos
1174 1146 1187 1182 :
1222 1128 1314 1183 Sic
1340 1128 1470 1183 dicit
1492 1128 1753 1183 Dominus

158 1236 177 1269 ι
231 1219 393 1273 Deus.
429 1218 563 1273 Vivo
590 1233 713 1291 ego,
738 1219 867 1288 quia
898 1219 991 1289 qui
1022 1220 1075 1273 in
1101 1219 1611 1275 ruinosishahitant
1632 1219 1749 1289 gla-

158 1326 177 1358 σ
230 1309 320 1364 dio
356 1308 572 1371 cadent,
609 1317 663 1363 et
686 1309 779 1378 qui
809 1308 863 1363 in
900 1323 1031 1380 agro
1067 1317 1152 1365 est
1184 1310 1376 1365 bestiis
1408 1309 1655 1363 tradetur
1683 1308 1749 1362 ad

155 1420 174 1450 ς
226 1400 615 1454 devorandum.
660 1399 761 1466 Qui
810 1410 991 1455 autem
1042 1401 1093 1454 iu
1124 1402 1391 1469 praesidiis
1428 1410 1484 1456 et
1528 1401 1579 1454 iu
1621 1414 1748 1470 spe-

154 1511 175 1541 ι
226 1491 402 1547 iuncis
447 1499 575 1546 sunt
621 1500 776 1561 peste
804 1492 1125 1546 ntoricntur.
1172 1492 1241 1545 Et
1281 1491 1423 1547 dabo
1465 1500 1665 1546 terram
1692 1492 1747 1547 in

153 1600 174 1634 ε
220 1582 594 1648 solitudinem,
622 1590 679 1637 et
708 1582 1005 1646 desertum,
1035 1590 1091 1637 et
1117 1582 1331 1638 deﬁciet
1368 1582 1601 1652 superba
1638 1582 1749 1637 for-

154 1692 174 1725 ι
225 1675 405 1729 titudo
448 1673 587 1744 ejus,
642 1683 699 1729 et
744 1673 1136 1729 desolabnntur
1188 1683 1401 1732 montes
1450 1674 1635 1740 Israel,
1681 1690 1747 1731 eo

151 1783 173 1817 ς
224 1766 371 1837 quod
407 1768 586 1831 nullus
639 1768 710 1824 sit
751 1769 843 1838 qui
882 1783 979 1839 per
1018 1782 1113 1823 eos
1161 1776 1418 1824 transeat.
1467 1770 1534 1823 Et
1572 1770 1747 1825 scient

1858 594 2226 664 unusquisque
2254 611 2473 649 uxorem
2506 596 2733 664 proximi
2767 598 2846 651 sui
2891 599 3097 667 polluit,
3138 618 3156 651 ι
3190 608 3246 654 ιιι
3273 600 3325 656 in
3364 617 3434 656 eo

1854 682 1925 737 sit
1951 684 2263 739 sceleratior
2294 687 2435 754 quod
2470 687 2629 739 amici
2662 696 2713 740 et
2748 689 2975 757 proximi
3004 690 3258 758 polluerit
3297 706 3428 746 uxo-

1855 787 1991 827 rem.
2032 773 2099 827 Et
2144 789 2267 828 cum
2310 774 2444 838 hmo,
2476 775 2668 844 inquit,
2699 776 2927 840 faciatis,
2958 778 3295 833 arbitramini
3334 795 3430 836 vos

1858 874 2056 919 terram
2086 866 2402 923 haereditate
2433 873 2713 922 tenturos‘!
2748 868 3035 938 Responde
3077 872 3237 939 igitur
3272 873 3370 937 eis,
3398 887 3433 925 ο

1856 956 2216 1024 Propheta,et
2248 957 2385 1011 hanc
2412 973 2573 1025 super
2602 973 2695 1012 eos
2723 974 2787 1011 ex
2817 975 2937 1013 meo
2966 975 3216 1015 sermone
3244 977 3431 1031 prome

1855 1045 2175 1098 sententiam
2204 1062 2216 1097 :
2248 1042 2378 1099 Juro
2424 1061 2520 1114 per
2547 1048 2943 1115 memetipsum,
2977 1050 3117 1116 quod
3156 1050 3246 1119 qui
3273 1051 3429 1105 hahi-

1852 1144 1971 1189 tant
1998 1135 2052 1189 iu
2090 1136 2324 1191 ruinosis
2362 1145 2417 1190 et
2458 1138 2759 1207 parietinis,
2783 1139 2961 1209 gladio
2997 1141 3214 1195 cadant.
3246 1142 3313 1196 Et
3341 1144 3431 1212 qui

1853 1228 1905 1282 in
1946 1231 2092 1299 agris
2123 1237 2271 1295 sunt,
2300 1230 2415 1285 sive
2444 1232 2494 1284 in
2525 1246 2739 1302 eampo,
2786 1249 2815 1286 a
2859 1234 3045 1288 bestiis
3083 1233 3431 1300 devorentur,

1852 1330 1907 1377 ct
1930 1322 2021 1390 qui
2054 1322 2104 1375 in
2134 1324 2365 1376 muralis
2404 1323 2513 1376 sive
2537 1324 2596 1375 -in
2639 1325 2900 1391 pnesidiis
2930 1341 2991 1379 ac
3024 1326 3317 1395 speluncis,
3342 1328 3433 1382 Dei

1852 1411 1988 1465 iram
2013 1416 2186 1465 vitare
2217 1428 2321 1466 non
2350 1413 2573 1481 possint,
2593 1416 2685 1466 sed
2709 1415 2846 1468 fame
2875 1416 3176 1470 moriantur
3197 1426 3252 1472 et
3274 1417 3437 1487 pesti-

1850 1501 2036 1557 lentia.
2084 1523 2101 1552 ι
2139 1501 2207 1555 Ει
2234 1502 2394 1566 dabo,
2428 1502 2625 1571 inquit,
2660 1513 2855 1558 tetram
2885 1503 3124 1560 Judmam
3159 1507 3212 1561 in
3249 1508 3435 1563 solitu-

1852 1594 2053 1658 dinem,
2101 1601 2158 1648 et
2205 1594 2419 1649 deﬁciet
2466 1596 2696 1664 superba
2750 1598 3006 1653 fortitudo
3052 1598 3187 1666 ejus,
3241 1620 3259 1653 ι
3315 1617 3435 1671 qua:

1848 1686 2122 1755 quondam
2150 1684 2628 1746 fuerat_fortitudo.
2681 1708 2696 1737 ι
2734 1687 2994 1757 Superhis
3016 1701 3194 1745 autem
3230 1693 3435 1746 resistit

1850 1774 2010 1836 Deus,
2036 1783 2094 1829 et
2119 1774 2415 1830 humilibus
2443 1776 2536 1829 dat
2560 1777 2785 1846 gratiam
2812 1776 3018 1847 (Iacob.
3049 1779 3144 1850 iv).
3174 1800 3191 1829 ι
3227 1779 3436 1836 Montes

151 1874 175 1906 ‹
221 1858 353 1926 quia
375 1872 474 1927 ego
496 1857 757 1912 Dominus
779 1872 900 1912 cum
929 1857 1129 1914 dedero
1153 1866 1350 1913 terram
1376 1860 1671 1916 desolatam
1693 1869 1748 1916 et
1778 1858 1823 1918 B
1852 1877 2066 1933 quoque
2105 1872 2160 1917 et
2197 1863 2378 1917 omnia
2427 1864 2765 1929 deserentur,
2807 1874 2858 1919 et
2891 1867 2943 1919 in
2987 1876 3190 1921 tantam
3218 1870 3437 1924 venient

151 1966 171 1998 ι
220 1946 497 2001 desertam
542 1955 765 2017 propter
820 1947 1103 2001 universas
1150 1948 1581 2006 abominationcs
1618 1964 1745 2005 suas

150 2058 170 2091 ι
219 2053 361 2108 quas
375 2040 579 2109 Operati
606 2047 751 2094 sunt.
772 2039 839 2093 ist
860 2038 1028 2105 ιιι,ίίιὶ
1051 2040 1309 2102 hominis,
1328 2039 1419 2093 lilii
1442 2040 1624 2109 populi
1648 2040 1745 2107 tui,

148 2149 169 2182 ‹
214 2130 311 2200 qui
364 2129 657 2199 loquuntur
701 2132 766 2185 de
812 2138 866 2184 te
890 2130 1045 2201 juxta
1083 2145 1268 2185 muros
1302 2141 1357 2186 et
1386 2132 1439 2185 in
1470 2131 1623 2185 ostiis
1653 2132 1747 2186 do-

149 2239 170 2274 ι
221 2236 463 2286 morum,
500 2229 557 2276 et
582 2222 768 2276 dicunt
794 2237 935 2277 unus
967 2221 1037 2276 ad
1069 2221 1321 2286 alterum,
1347 2222 1434 2276 vir
1462 2222 1529 2276 ad
1556 2222 1744 2292 proxi-

149 2330 170 2364 ι
218 2327 374 2367 mum
405 2327 561 2367 suum
584 2310 869 2381 loquentes
894 2329 908 2366 :
930 2311 1119 2367 Venite
1145 2320 1198 2367 et
1225 2312 1532 2377 audiamus,
1557 2312 1646 2381 qui
1676 2312 1748 2365 sit

150 2420 170 2456 ο
216 2419 402 2461 sermo
440 2403 726 2475 egreditms
772 2418 802 2457 a
851 2403 1096 2458 Domino.
1155 2402 1220 2457 Et
1274 2402 1498 2458 veniunt
1546 2403 1613 2456 ad
1655 2411 1744 2465 te,

148 2517 168 2549 ι
216 2498 375 2567 quasi
405 2498 450 2551 si
492 2496 824 2566 ingrediatur
857 2495 1087 2565 populus
1118 2513 1131 2550 :
1164 2504 1220 2550 et
1243 2495 1431 2549 sedent
1458 2507 1641 2548 coram
1670 2503 1745 2558 te,

148 2604 168 2637 ι
217 2586 453 2655 populus
478 2600 654 2650 meus,
685 2593 739 2639 et
773 2584 1002 2639 audiunt
1034 2597 1315 2639 sermones
1345 2598 1517 2649 meos,
1546 2591 1604 2639 et
1639 2596 1745 2637 non

149 2696 169 2729 ι
219 2676 432 2731 faciunt
471 2691 599 2741 eos,
650 2676 779 2746 quia
822 2675 877 2729 in
928 2676 1203 2733 canticum
1241 2676 1354 2730 oris
1398 2674 1479 2731 sui
1528 2680 1748 2729 vertunt

150 2785 168 2819 ι
220 2765 368 2831 illos,
408 2774 464 2820 et
506 2764 792 2830 avaritiam
830 2779 985 2820 suam
1021 2766 1269 2837 sequitur
1302 2778 1399 2820 cor
1426 2778 1638 2818 eorum.
1679 2762 1749 2817 Et

148 2876 169 2910 ει
206 2873 273 2913 es
312 2858 415 2921 eis,
446 2857 573 2928 quia
611 2872 831 2913 carmen
873 2858 1164 2923 musicum,
1190 2857 1338 2926 quod
1376 2856 1529 2912 suavi
1570 2854 1744 2909 dulei-

150 2967 169 3000 ι
217 2964 329 3019 que
360 2963 493 3004 sono
520 2950 754 3013 canitur,
789 2957 843 3003 et
871 2950 1096 3003 audient
1123 2950 1288 3003 verba
1320 2956 1410 3001 tua
1438 2956 1493 3002 et
1530 2962 1636 3002 non
1667 2946 1745 2999 fa-

150 3060 169 3093 ι
216 3042 368 3097 cient
407 3056 494 3096 ea.
533 3041 603 3095 Et
649 3056 775 3096 cum
820 3040 1035 3095 venerit
1075 3040 1218 3109 quod
1268 3038 1585 3107 praedictum
1624 3044 1742 3102 est,

151 3153 171 3187 ι
218 3150 351 3191 ecce
384 3134 529 3190 enim
548 3135 719 3199 venit,
751 3142 883 3189 tunc
920 3134 1096 3188 scient
1127 3132 1269 3203 quod
1296 3130 1559 3201 propheta
1584 3127 1745 3183 fuerit

1845 1953 2208 2019 solitudinem,
2252 1962 2313 2008 ut
2365 1953 2543 2009 nullus
2588 1971 2686 2026 per
2740 1972 2834 2011 eos
2882 1966 3139 2011 transeat.
3188 1956 3257 2013 Et
3307 1965 3434 2013 tunc

1846 2060 2184 2116 nequaquam
2221 2046 2515 2108 confidant,
2548 2048 2600 2101 in
2642 2046 2981 2102 nmltitudine
3010 2063 3105 2103 sua
3125 2050 3305 2118 pauci,
3342 2051 3433 2120 qui

1844 2136 2253 2190 remanserint:
2301 2136 2395 2190 sed
2444 2144 2776 2207 cognoscant
2821 2135 3128 2192 solitudinis
3163 2138 3432 2209 magnitu-

1846 2227 1992 2291 dine,
2029 2225 2172 2295 quod
2214 2240 2315 2297 ego
2345 2230 2447 2280 sim
2492 2226 2772 2291 Dominus,
2821 2227 2915 2295 qui
2956 2227 3076 2281 dedi
3128 2235 3333 2282 terram
3374 2228 3429 2283 in

1844 2319 2121 2374 desertum
2153 2328 2375 2389 promer
2425 2333 2615 2373 omnes
2662 2320 3096 2374 abominationes
3141 2335 3279 2391 quas
3304 2336 3433 2393 0pc-

1846 2409 1950 2465 rati
1994 2420 2141 2464 sunt.
2196 2409 2321 2466 ilmc
2362 2410 2504 2465 dicta
2553 2411 2661 2465 sint
2704 2412 2964 2466 adversus
2990 2418 3104 2477 eos,
3136 2412 3229 2483 qui
3272 2421 3433 2483 capta

1846 2500 2179 2557 Hierusalem
2209 2542 2222 2567 ,
2276 2502 2533 2573 Omnique
2581 2499 2889 2557 Judaaorum
2921 2504 3140 2573 regione
3196 2513 3431 2570 vastata,

1845 2592 2001 2661 pauci
2048 2588 2366 2645 habitabant
2396 2590 2450 2645 in
2492 2590 2724 2646 ruinosis
2760 2599 2814 2646 et
2850 2591 2904 2646 in
2937 2592 3167 2649 desertis
3208 2593 3432 2648 urbibus

1845 2683 2176 2753 villulisque.
2204 2682 2360 2739 Nune
2378 2683 2659 2738 veniamus
2697 2684 2764 2740 ad
2796 2685 3173 2755 tropologiam,
3204 2685 3432 2755 etjuxta

1846 2774 2292 2830 consuetudinem
2323 2783 2587 2839 nostram,
2615 2774 2779 2829 latam
2809 2775 3228 2845 disputationem
3258 2777 3431 2831 strin-

1846 2879 2037 2935 gamus
2062 2864 2405 2933 potiusquam
2438 2864 2790 2921 disseramus.
2818 2865 3007 2922 Omnis
3055 2866 3339 2922 haereticus
3377 2868 3431 2920 in

1842 2956 2128 3026 parietinis
2158 2955 2368 3011 habitat
2395 2963 2452 3010 et
2496 2955 2747 3021 desertis,
2783 2965 2839 3011 et
2877 2955 3156 3026 possidere
3185 2972 3244 3011 se
3280 2964 3429 3027 putat

1849 3055 2053 3103 terram
2079 3047 2265 3113 lsrael,
2305 3048 2546 3117 dicitque
2575 3064 2588 3100 :
2621 3044 2679 3101 Si
2706 3045 2981 3102 Abraham
3016 3046 3120 3101 ﬁde
3153 3060 3249 3101 sua
3295 3062 3433 3101 unus

1848 3141 2013 3198 homo
2052 3144 2105 3195 in
2142 3148 2349 3194 tantam
2386 3139 2537 3194 venit
2575 3138 2989 3205 beatitudinem,
3025 3146 3081 3192 ut
3110 3153 3293 3193 semen
3315 3134 3433 3205 ejus

148 3246 168 3277 ‘
216 3226 366 3280 inle"
403 3240 513 3281 603-
573 3245 591 3278 ³
638 3223 809 3294 Capta
864 3222 1206 3279 Hierusalem
1260 3219 1569 3290 ιθηψιοηιιθ
1616 3218 1744 3273 50b-
1769 3214 1816 3275 (ἶ
1848 3229 2297 3299 multiplicaretur
2317 3229 2449 3285 sicut
2480 3243 2644 3283 arena
2673 3228 2933 3292 maris,et
2959 3228 3099 3283 sicut
3123 3236 3267 3283 astra
3286 3227 3432 3291 cmli,

143 3331 326 3380 verso,
358 3330 625 3387 pauperes
671 3323 850 3378 terrae,
900 3315 967 3369 de
996 3313 1193 3384 quibus
1242 3310 1429 3366 scribit
1475 3307 1743 3365 Jeremias

143 3406 252 3462 soli
299 3405 474 3463 relicti
530 3404 745 3459 fuerant
787 3405 841 3459 in
893 3402 1255 3465 Hierusalem,
1311 3401 1404 3471 qui
1452 3400 1640 3455 vineas
1688 3405 1744 3452 et

146 3514 313 3570 agros
369 3497 626 3560 colerent,
670 3505 730 3552 et
770 3496 822 3551 in
870 3496 1045 3550 ruinis
1076 3494 1308 3549 incensa:
1351 3492 1503 3545 urbis
1532 3490 1745 3545 habita-

147 3601 289 3646 rent.
314 3590 557 3660 Cumque
579 3588 840 3644 deberent
860 3602 1022 3658 agere
1050 3585 1423 3657 pmnitentiam
1448 3598 1611 3653 super
1636 3582 1740 3647 his,

145 3690 370 3752 propter
402 3696 521 3751 qum
558 3680 843 3751 captivitas
883 3686 1138 3743 venerat,
1181 3691 1240 3731 se
1274 3678 1419 3747 ipsos
1451 3690 1604 3731 cassa
1648 3688 1744 3742 spe

146 3773 485 3841 decipienbes
529 3772 886 3841 loquebantur
920 3788 933 3823 :
976 3788 994 3821 ι
1034 3768 1184 3824 Unus
1226 3769 1328 3823 fuit
1372 3775 1526 3837 pater
1558 3773 1744 3821 noster

146 3861 445 3925 Abraham,
479 3868 534 3916 et
572 3869 750 3914 tamen
773 3860 916 3914 hanc
960 3866 1164 3913 terram
1204 3857 1522 3911 ltmreditate
1558 3870 1743 3925 posse-

147 3953 269 4017 dit;
320 3971 338 4004 ι
391 3965 497 4006 non
530 3950 675 4020 quod
718 3950 831 4020 ipse
868 3948 1189 4020 possederit,
1230 3949 1325 4003 sed
1368 3948 1509 4017 quod
1557 3963 1743 4003 semen

146 4044 269 4114 ejus
309 4051 511 4097 terram
547 4039 982 4111 repromissionis
1014 4038 1307 4108 acceperit.
1349 4036 1409 4092 Si
1462 4037 1628 4109 igitur
1658 4038 1745 4094 ille

148 4149 289 4188 otius
318 4133 371 4187 in
400 4140 577 4187 tantos
610 4130 997 4201 multiplicatus
1028 4137 1114 4185 est
1142 4128 1368 4201 populos
1387 4169 1401 4193 ,
1444 4144 1545 4183 nos
1575 4129 1746 4184 multo

146 4225 357 4296 plures,
386 4222 478 4293 qui
519 4222 693 4278 relicti
722 4236 910 4277 sumus
948 4220 1003 4276 in
1028 4231 1173 4276 terra
1218 4218 1428 4284 Judaea,
1454 4226 1510 4273 et
1536 4218 1746 4273 habita-

150 4331 271 4371 mus
296 4316 350 4370 in
397 4313 618 4369 urbibus
653 4313 902 4379 desertis,
952 4326 1017 4366 ac
1047 4311 1305 4375 ruinosis,
1342 4311 1531 4379 utique
1572 4308 1743 4363 multo

148 4405 385 4476 amplius
439 4403 921 4473 multiplicabimur
978 4410 1039 4456 ut
1090 4400 1467 4471 possideamus
1519 4399 1742 4471 plures,

149 4496 296 4567 quod
325 4510 463 4550 unus
489 4494 579 4549 ille
619 4493 877 4564 possedit.
909 4492 1119 4559 Quibus
1152 4490 1432 4562 respondit
1460 4490 1740 4556 Dominus,

1846 3329 2051 3391 quanto
2097 3321 2267 3390 magis
2318 3334 2419 3375 nos
2464 3318 2648 3390 plures
2682 3329 2884 3373 terram
2935 3319 3118 3385 Israel,
3166 3319 3271 3373 huc
3322 3327 3428 3381 est,

1845 3414 2184 3470 cernentium
2210 3413 2401 3477 Deum,
2428 3410 2738 3467 etJudteam
2761 3409 3119 3466 confessionis
3141 3408 3434 3466 Dominicae

1844 3503 2279 3577 possidebimus?
2304 3502 2511 3570 Quibus
2536 3499 2815 3572 respondit
2851 3500 3152 3558 Dominus:
3180 3498 3272 3553 ille
3306 3511 3433 3569 pos-

1848 3598 1989 3653 sedit
2019 3606 2219 3651 terram
2250 3596 2371 3651 ﬁdei
2409 3595 2627 3659 merito,
2671 3600 2851 3648 vestra
2890 3601 3071 3646 autem
3118 3590 3430 3655 inﬁdelitas,

1847 3689 1959 3743 imo
2016 3686 2379 3757 blasphemia,
2437 3694 2637 3739 terram
2699 3682 2865 3738 israel
2912 3680 2988 3753 (id
3036 3690 3113 3737 est
3162 3679 3428 3751 ecclesiae)

1843 3780 2125 3851 possidere
2176 3796 2281 3835 non
2327 3781 2544 3851 poterit.
2590 3778 2833 3833 Primum
2871 3778 3017 3833 enim
3063 3776 3347 3832 comeditis
3376 3778 3431 3832 in

1847 3870 2131 3942 sanguine,
2163 3869 2502 3926 eﬂ‘undentes
2541 3884 2730 3925 eorum
2763 3869 3079 3941 sanguinem
3105 3883 3243 3939 quos
3278 3883 3435 3923 scan-

1847 3962 2115 4027 dalizatis,
2136 3962 2334 4017 deinde
2374 3960 2558 4016 oculos
2589 3968 2798 4015 vestros
2828 3960 3015 4014 levatis
3046 3960 3113 4013 ad
3147 3958 3435 4013 immundi-

1848 4056 1954 4109 tias
1980 4055 2060 4109 vel
2085 4054 2517 4108 abominationes
2545 4064 2774 4117 vestras,
2796 4067 2932 4122 quas
2959 4051 3025 4105 de
3044 4060 3225 4107 vestro
3251 4050 3433 4105 animo

1848 4149 2185 4205 conﬁnxistis
2220 4166 2232 4201 :
2267 4162 2388 4202 cum
2440 4146 2736 4202 debueritis
2777 4147 2977 4201 imitari
3003 4146 3429 4201 ecclesiasticum

1848 4240 2050 4301 virum,
2078 4248 2133 4293 et
2173 4237 2392 4293 dicere:
2433 4257 2451 4288 ι
2480 4236 2560 4291 Ad
2596 4245 2649 4291 te
2695 4236 2865 4290 levavi
2912 4237 3099 4293 oculos
3140 4252 3309 4303 meos,
3338 4241 3431 4308 qui

1848 4330 2063 4385 habitas
2094 4328 2146 4383 in
2197 4328 2335 4384 cmlo
2362 4326 2532 4399 (Psal.
2573 4326 2763 4401 cxxn).
2801 4347 2820 4380 ι
2872 4327 3060 4383 Tertio
3114 4328 3433 4400 sanguinem

1850 4418 2073 4475 funditis
2123 4434 2229 4473 non
2274 4418 2615 4474 viviﬁcantes
2640 4432 2755 4483 eos,
2799 4432 2934 4486 quos
2979 4418 3291 4479 seduxistis,
3338 4416 3434 4473 sed

1851 4511 2257 4568 interﬁcientes.
2314 4510 2423 4566 Nec
2467 4510 2619 4566 vobis
2662 4510 2864 4565 suﬁicit
2910 4520 3013 4565 tria
3057 4510 3159 4564 ista
3211 4509 3428 4574 fecisse,

147 4586 428 4673 Abulth
450 4601 614 4639 “num
649 4584 752 4673 ίὶάθ
785 4584 1097 4673 PGs-“tedis”?
1127 4594 1331 4639 ῑθιτθω
1368 4582 1743 4651 Υθβτοωίδδίὼ
1772 4566 1823 4627 D
1855 4621 1873 4655 ι
1913 4602 2007 4657 sed
2039 4602 2195 4657 statis
2219 4601 2272 4656 in
2302 4600 2494 4673 gladiis
2519 4602 2735 4665 vestris,
2772 4619 2793 4653 ι
2829 4601 2933 4656 hoc
2960 4610 3045 4655 est
3067 4605 3433 4671 perseveratis

150 4675 257 4730 nis.
295 4691 315 4725 ι
342 4672 581 4729 Credidit
601 4672 744 4728 enim
771 4672 1046 4727 Abraham
1075 4672 1205 4738 Deo,
1238 4680 1295 4727 et
1320 4678 1629 4742 reputatum
1658 4677 1743 4725 est

149 4766 198 4820 ei
227 4764 297 4819 ad
318 4761 587 4833 justitiam
613 4761 794 4834 (Rom.
831 4761 931 4835 tv.)
963 4781 983 4815 ι
1011 4761 1149 4818 Istos
1176 4771 1357 4818 autem
1395 4762 1450 4816 in
1485 4760 1741 4816 incredu-

150 4858 305 4912 litate
344 4864 401 4910 et
436 4854 731 4911 sceleribus
774 4860 1087 4923 occupatos,
1114 4853 1278 4908 etiam
1309 4852 1357 4907 si
1397 4851 1582 4923 plures
1610 4849 1737 4914 sint,

148 4948 431 5020 possidere
450 4962 557 5002 non
579 4959 757 5017 posse.
785 4944 1068 5015 Simulque
1085 4953 1371 5002 enumerat
1393 4944 1523 5016 quid
1546 4943 1744 4999 facien-

151 5052 236 5097 tes
263 5038 543 5096 otfendant
585 5038 775 5095 Deum.
824 5036 933 5094 Sex
968 5037 1221 5094 videlicet
1258 5052 1453 5109 genera
1491 5046 1743 5108 peccato-

153 5150 299 5200 rum,
332 5152 349 5186 ι
386 5134 479 5205 qui
513 5134 568 5188 in
596 5132 860 5204 sanguine
887 5130 1193 5197 comeditis,
1223 5139 1279 5186 et
1317 5129 1504 5186 oculos
1531 5139 1744 5185 vestros

152 5226 345 5283 levatis
389 5226 458 5281 ad
504 5226 898 5289 immunditias,
933 5243 952 5276 ι
994 5224 1097 5278 hoc
1138 5229 1223 5277 est
1250 5223 1318 5276 ad
1358 5221 1499 5277 idola
1540 5231 1739 5284 vestra,

158 5336 177 5369 ι
210 5326 266 5372 et
292 5308 610 5388 sanguinem
644 5317 891 5383 funditis,
931 5334 950 5371 ι
983 5316 1088 5370 hoc
1127 5324 1212 5371 est
1242 5314 1592 5371 homicidium
1621 5328 1742 5383 per-

156 5409 425 5479 petratis:
466 5426 484 5457 ‹
522 5408 775 5478 Nunquid
819 5408 922 5463 ista
951 5409 1231 5472 iacientes,
1262 5408 1507 5478 poteritis
1536 5416 1739 5461 terram

158 5499 479 5554 luereditato
510 5501 781 5554 retinere?
827 5519 845 5552 ι
878 5498 987 5555 Nec
1031 5499 1135 5554 hoc
1169 5500 1303 5554 estis
1345 5498 1607 5552 scelerum
1639 5496 1744 5552 ﬁne

159 5591 421 5655 contenti,
470 5590 569 5645 sed
603 5608 622 5641 ι
663 5591 822 5646 statis
853 5592 907 5645 in
957 5590 1148 5662 gladiis
1181 5611 1199 5643 ι
1244 5592 1461 5655 vestris,
1505 5589 1745 5659 quotidie

157 5681 333 5753 parati
368 5683 433 5737 ad
463 5680 836 5746 occidendum,
870 5690 923 5737 et
967 5682 1242 5736 imitantes
1271 5682 1433 5745 Esau,
1476 5682 1566 5750 qui
1595 5682 1745 5734 stetit

160 5784 216 5828 et
243 5775 375 5828 vixit
407 5773 460 5827 in
497 5773 675 5842 gladio
702 5789 820 5837 suo,
856 5792 873 5825 ‹
918 5774 1095 5828 facitis
1138 5774 1567 5829 ahominatioues
1612 5792 1629 5824 ι
1664 5775 1743 5826 in-

1850 4694 1904 4748 in
1939 4694 2205 4763 pravitate
2236 4694 2541 4758 sententiae,
2574 4702 2629 4748 et
2652 4694 2827 4765 parati
2861 4694 2995 4750 estis
3034 4695 3102 4748 ad
3130 4694 3355 4760 eaedem,
3376 4706 3436 4751 et

1850 4785 2055 4840 fecistis
2084 4784 2538 4849 abominationes,
2579 4799 2641 4839 ea
2674 4795 2897 4855 agentes
2932 4784 2985 4839 in
3018 4784 3286 4840 cubilibus
3312 4798 3431 4854 qua:

1850 4887 2006 4949 turpe
2029 4884 2115 4934 est
2141 4877 2286 4948 loqui
2314 4896 2327 4931 :
2354 4886 2408 4933 et
2430 4892 2653 4937 uxorem
2685 4878 2917 4947 proximi
2954 4877 3119 4933 vestri
3140 4874 3433 4948 polluistis,

1847 4968 2270 5025 ecclesiasticam
2300 4968 2552 5025 videlicet
2573 4969 3065 5035 conversationem,
3098 4967 3342 5038 quotidie
3367 4970 3431 5022 de

1848 5059 2131 5129 complexu
2188 5057 2389 5114 Christi
2443 5060 2696 5129 deceptos
2744 5074 2932 5129 rapere
2983 5058 3318 5114 festinantes.
3367 5058 3435 5113 Et

1850 5166 1971 5206 eum
2002 5152 2119 5206 haec
2156 5150 2393 5206 feceritis
2421 5152 2625 5221 putatis
2651 5166 2744 5205 vos
2769 5160 2971 5205 terram
3002 5150 3161 5204 Israel
3202 5150 3431 5205 hancdi-

1850 5250 1961 5295 tate
2012 5240 2534 5309 tenturosiQuibus
2578 5238 2817 5309 loquitur
2836 5238 2977 5294 Deus
3017 5238 3160 5309 quod
3206 5240 3433 5307 quicun-

1851 5350 1957 5405 que
1987 5336 2041 5389 in
2074 5334 2308 5389 ruinosis
2341 5333 2718 5387 haereticorum
2745 5331 3071 5387 habitaverit
3094 5330 3430 5386 conciliabu-

1846 5430 1933 5494 lis,
1964 5429 2142 5500 gladio
2177 5428 2337 5483 cadat
2363 5425 2755 5482 ecclesiastico.
2788 5424 2864 5479 De
2890 5438 2997 5493 quo
3021 5423 3282 5491 scriptum
3308 5432 3391 5477 est
3416 5440 3430 5475 :

1854 5541 1869 5572 ι
1904 5520 2077 5575 Gladii
2102 5518 2367 5587 ancipites
2396 5519 2450 5573 in
2478 5515 2728 5573 manibus
2751 5531 2940 5570 eorum
2966 5514 3140 5585 (Psat.
3163 5518 3367 5583 crux).
3404 5531 3423 5563 ›

1847 5611 1915 5665 ΕΙ.
1954 5612 2009 5665 in
2052 5609 2382 5681 Evangelia:
2428 5628 2444 5659 ι
2503 5607 2617 5661 Non
2664 5608 2783 5662 veni
2830 5621 3017 5675 pacem
3068 5604 3284 5658 mittere
3336 5602 3428 5656 sed

1848 5704 2081 5774 gladium
2108 5702 2325 5773 (Matth.
2359 5708 2433 5772 x).
2471 5722 2489 5753 ι
2530 5700 2595 5754 Et
2626 5714 2834 5763 servus,
2863 5697 2953 5766 qui
2980 5712 3036 5750 se
3064 5693 3289 5749 luxuriae
3318 5701 3428 5746 tra-

1848 5796 1926 5850 dit
1953 5803 2003 5849 et
2032 5794 2163 5857 otio,
2194 5792 2481 5857 dividetur,
2509 5790 2560 5845 id
2594 5799 2699 5857 est,
2738 5803 2997 5843 mucrone
3028 5786 3270 5848 ferietur,
3302 5797 3427 5854 pars
