3936 6352
458 381 565 440 859

459 492 580 563 ejus
604 496 839 564 ponetur
874 502 998 544 cum
1040 484 1352 543 inﬁdelibus
1384 504 1397 541 :
1431 486 1498 542 Et
1527 487 1617 558 qui
1647 488 1699 542 in
1742 502 1895 557 agro.
1943 488 2058 543 sive
2087 496 2134 553 Α

463 588 517 639 in
546 598 740 654 campo
765 591 870 649 est,
896 582 1087 637 bestiis
1118 581 1364 637 tradetur
1392 581 1460 638 ad
1491 581 1883 646 devorandum,
1920 598 2059 653 quas

463 674 734 746 Propheta
760 673 936 729 vitare
961 673 1297 738 desiderans,
1328 674 1693 745 deprecatur:
1724 693 1742 725 ι
1774 673 1852 729 Ne
1872 674 2059 730 tradas

465 764 656 819 bestiis
687 762 928 818 animam
982 766 1335 817 conﬁtentem
1394 762 1490 818 tibi
1540 761 1715 834 (Psal.
1767 762 1986 834 LXXIII).
2034 781 2054 815 ι

464 853 572 921 Qui
598 862 783 910 autem
811 853 866 908 in
893 853 1173 923 praesidiis
1211 862 1267 909 et
1305 854 1361 910 in
1388 854 1614 910 mutatis
1639 862 1742 919 est,
1774 856 1842 910 de
1863 854 2063 925 quibus

464 946 729 1015 scriptum
780 952 868 1001 est
909 959 925 998 :
965 962 985 996 ι
1019 943 1283 1002 Civitates
1327 945 1513 1002 ﬁrmas
1560 948 1811 1003 ascendit
1855 947 2062 1019 justus,

462 1045 521 1089 et
569 1034 839 1089 destruxit
879 1034 1211 1091 munitiones
1271 1050 1457 1092 earum
1504 1034 1693 1108 (Prov.
1745 1038 1893 1107 χχι),
1934 1059 1953 1091 ι
2009 1038 2063 1093 in

465 1126 667 1197 quibus
711 1126 1054 1182 conﬁdebant
1086 1128 1259 1197 impii,
1287 1138 1342 1183 et
1366 1137 1614 1184 versatur
1666 1130 1718 1185 in
1767 1131 2061 1202 speluncis,

464 1216 533 1270 de
561 1213 761 1285 quibus
805 1214 1047 1270 dicitur:
1112 1236 1129 1268 ι
1169 1216 1443 1287 Scriptum
1485 1226 1602 1273 est:
1657 1218 1861 1276 Domus
1890 1221 2068 1276 Patris

467 1304 571 1360 mei
627 1304 819 1360 domus
848 1305 1114 1361 orationis
1163 1309 1465 1374 vocabitur,
1516 1324 1615 1365 vos
1642 1321 1829 1367 autem
1858 1310 2067 1368 fecistis

464 1412 588 1452 eam
632 1397 944 1467 speluncam
992 1397 1266 1455 latronum
1300 1396 1519 1470 (Matth.
1552 1402 1710 1474 XXI);
1747 1423 1765 1455 ι
1801 1403 1903 1459 iste
1927 1403 2070 1460 fame

468 1487 739 1543 sermonis
770 1487 983 1543 Domini
1022 1499 1081 1543 et
1122 1499 1275 1561 peste
1302 1491 1586 1556 morietur,
1622 1500 1677 1547 et
1714 1494 1933 1548 dabitur
1953 1510 2071 1550 om-

472 1577 556 1633 nis
586 1585 731 1633 terra
763 1578 1142 1633 hazreticorum
1176 1580 1228 1633 in
1264 1579 1628 1646 solitudinem,
1664 1582 1737 1637 ita
1769 1592 1827 1638 ut
1856 1582 2072 1655 franga-

471 1678 559 1724 tur
581 1684 770 1729 eornm
796 1670 1069 1738 superbia,
1115 1679 1170 1725 et
1200 1671 1515 1742 redigantur
1546 1682 1767 1729 montes
1787 1674 1841 1729 in
1886 1675 2074 1731 solitu-

470 1761 677 1826 dinem,
727 1760 818 1831 qui
847 1761 949 1816 sibi
982 1760 1324 1817 altitudinem
1375 1764 1615 1819 scientia:
1654 1766 2069 1835 promittebant,

1104 377 1165 431 Β.
1206 374 1463 432 RABANI
1516 376 1737 434 MAURI
1774 377 2095 441 ARCIIIEI’.
2144 375 2455 435 MOGU‘NT.
2497 371 2783 432 OPERUM
2817 368 2997 425 PARS
3034 369 3098 425 Il.

3656 371 3762 430 8.50

2709 480 2939 539 CAPUT
2973 478 3214 536 XXXIV.

2164 602 2348 657 Sermo
2378 600 2591 656 Domini
2634 606 2816 653 contra
2869 607 3103 668 pastores
3155 614 3472 667 negngentes
3509 609 3560 655 et
3584 604 3763 672 oppri-

2233 683 2429 750 ﬂlglllf’S
2458 686 2663 750 gregem
2690 680 2735 722 81
2764 679 3052 738 qumrentes
3098 684 3216 750 (μξῶ
3376 682 3495 750 sunt
3519 683 3613 750 ίει
3638 690 3766 750 pro-

2234 743 2415 866 ztissio
2458 736 2788 811 He'pastore
2834 754 2986 804 novo,
3036 748 3084 792 et
3110 736 3350 808 pluribus
3392 736 3767 796 benedictioni-

2271 830 2350 866 us.

2271 830 2350 867 αδ.

2243 966 2261 999 ι
2300 947 2367 1001 Et
2397 947 2599 1001 factum
2652 953 2737 1000 est
2779 943 3004 997 verbum
3056 940 3270 995 Domini
3304 941 3371 995 ad
3411 956 3498 1012 me
3537 940 3765 996 dicens:

2174 1065 2191 1096 ι
2237 1044 2339 1099 Fili
2372 1044 2625 1105 hominis,
2662 1041 2923 1113 propheta
2964 1040 3029 1093 de
3055 1038 3365 1108 pastoribus
3401 1037 3593 1091 Israel.
3638 1036 3771 1091 Pro-

2176 1157 2193 1188 ι
2239 1137 2405 1208 pheta
2451 1143 2505 1190 et
2551 1135 2700 1189 dices
2751 1131 3061 1201 pastoribus
3095 1148 3108 1183 :
3140 1128 3265 1183 Haec
3316 1128 3453 1182 dicit
3508 1130 3772 1182 Dominus

2177 1248 2195 1281 ‹
2241 1228 2407 1293 Deus,
2451 1242 2532 1282 va:
2562 1226 2871 1297 pastoribus
2896 1221 3082 1287 Israel,
3114 1222 3205 1290 qui
3233 1220 3529 1290 pascebant
3575 1231 3773 1273 sonzet-

2178 1341 2195 1373 r
2242 1321 2408 1391 ipsos.
2455 1317 2644 1373 Nonne
2675 1331 2867 1386 greges
2896 1320 3192 1384 pascuntur
3221 1326 3251 1363 a
3282 1309 3639 1381 pastoribus?
3667 1309 3774 1363 Lac

2180 1433 2197 1465 ι
2238 1409 2627 1475 comedebatis,
2659 1417 2713 1464 et
2754 1406 2893 1461 lanis
2925 1403 3334 1475 opericbamini,
3374 1412 3428 1457 et
3453 1402 3599 1471 quod
3627 1418 3776 1455 cras-

2180 1523 2199 1555 ι
2244 1518 2364 1558 sum
2412 1509 2533 1556 erat
2565 1498 2920 1560 occidebatis,
2969 1508 3187 1565 gregem
3228 1502 3409 1546 autem
3453 1506 3637 1545 meum
3670 1506 3774 1543 non

2181 1616 2199 1649 ι
2244 1592 2570 1667 pascebatis.
2604 1589 2758 1658 Quod
2800 1590 3074 1643 inﬁrmum
3105 1584 3208 1639 fuit
3237 1601 3341 1639 non
3370 1583 3775 1646 consolidastis,

2182 1704 2201 1737 ι
2245 1693 2301 1741 et
2325 1682 2468 1755 quod
2487 1688 2749 1752 aegrotum
2792 1694 2901 1732 non
2947 1675 3203 1731 sanastis.
3237 1673 3386 1739 Quod
3432 1672 3673 1726 fractum
3701 1680 3781 1727 est

2184 1796 2203 1828 ι
2246 1790 2352 1830 non
2381 1772 2663 1843 alligastis,
2709 1778 2766 1825 et
2805 1767 2948 1839 quod
2976 1764 3243 1834 abjectum
3287 1772 3370 1820 est
3405 1779 3511 1817 non
3566 1763 3782 1817 reduxi-

473 1851 566 1921 qui
598 1860 808 1907 montes
860 1860 1128 1906 vocantur
1154 1851 1359 1907 Israel:
1409 1854 1537 1925 quia
1588 1854 1692 1911 sub
1737 1855 1940 1911 Christi
1972 1872 2072 1913 nos

2194 1890 2204 1922 I
2250 1867 2370 1923 stis.
2396 1859 2551 1933 Quod
2579 1862 2821 1934 perierat
2854 1875 2960 1915 non
2998 1858 3287 1929 qmcsistis,
3316 1856 3409 1911 sed
3440 1871 3565 1910 cum
3596 1865 3779 1910 auste-

476 1942 624 1997 mine
676 1942 933 2011 deceptos
963 1956 1211 2013 quosque
1249 1943 1621 2014 supplantant.
1654 1944 1950 2015 Nullusque
1978 1961 2077 2016 per

474 2047 570 2088 eos
621 2032 894 2097 transibit,
948 2048 1048 2088 nec
1100 2033 1281 2088 dicere
1326 2034 1564 2104 poterit,
1602 2035 1745 2104 quod
1800 2034 2013 2106 Moyses
2059 2053 2072 2090 :

481 2143 500 2175 ι
536 2122 828 2177 Transiens
864 2122 1061 2179 videbo
1089 2123 1349 2179 visionem
1399 2124 1541 2180 hanc
1569 2138 1821 2197 magnam
1874 2124 2075 2198 (Exod.
2117 2169 2126 2173 -

476 2212 581 2284 tu).
616 2232 636 2264 ι
684 2211 1037 2275 Habitatores
1083 2214 1227 2269 enim
1256 2223 1385 2269 sunt
1401 2228 1784 2285 perversorum
1814 2218 2079 2273 montium

478 2322 586 2362 non
611 2305 883 2376 peregrini
907 2313 964 2359 et
1011 2306 1232 2379 accolae,
1286 2316 1492 2362 utcum
1520 2306 1635 2364 haec
1678 2308 1826 2379 passi
1853 2307 2077 2375 fuerint,

484 2407 616 2454 tunc
665 2408 996 2469 cognoscant
1038 2399 1182 2468 quod
1231 2399 1347 2469 ipse
1376 2400 1446 2453 sit
1477 2398 1760 2467 Dominus,
1791 2400 1885 2471 qui
1920 2401 2081 2457 dede-

482 2491 552 2547 rit
575 2497 779 2545 terram
806 2503 995 2546 eorum
1024 2492 1079 2543 in
1126 2488 1493 2555 solitudinem,
1529 2497 1755 2560 propter
1794 2490 2079 2547 abomina-

485 2582 659 2639 tiones
672 2596 811 2652 quas
837 2582 1050 2653 operati
1063 2590 1208 2637 sunt.
1236 2581 1437 2637 Eadem
1461 2583 1679 2652 quidem
1706 2583 1794 2639 die
1814 2591 1868 2638 et
1889 2583 2079 2639 eodem

482 2682 748 2745 teinpore,
776 2672 881 2729 hoc
909 2682 1016 2738 est,
1060 2672 1383 2729 duodecimo
1408 2688 1572 2739 attno,
1625 2673 1836 2731 decimo
1871 2688 2078 2740 mense,

482 2762 537 2817 in
566 2762 755 2832 quinta
780 2760 1001 2825 mensis,
1031 2760 1249 2832 quando
1271 2760 1442 2828 venit,
1468 2761 1560 2831 qui
1589 2760 1800 2834 fugerat
1827 2762 1893 2817 de
1920 2760 2083 2819 Jeru-

481 2854 673 2918 salem,
724 2862 781 2908 et
824 2853 1040 2922 quando
1069 2852 1284 2911 locutus
1309 2861 1396 2908 est
1442 2852 1714 2924 Pmpheta
1745 2853 1821 2927 ad
1844 2868 1959 2920 eos,
1990 2854 2082 2924 qui

482 2955 641 3000 erant
680 2945 731 2999 in
760 2954 905 3000 terra
938 2942 1122 2999 Iudaea
1155 2951 1212 3001 et
1253 2952 1473 2999 aeternae
1520 2944 1880 3015 possessionis
1929 2960 2083 3016 spem

484 3038 585 3093 sibi
616 3035 1030 3106 pollicebantur,
1056 3043 1111 3089 et
1132 3032 1289 3104 jubet
1309 3033 1591 3105 Prophetas
1612 3044 1671 3090 ut
1692 3036 1837 3091 dicat
1862 3036 2081 3107 populo,

482 3124 577 3195 qui
601 3124 655 3178 in
684 3122 958 3195 Babylone
1002 3132 1253 3177 versatur
1278 3132 1333 3179 et
1377 3123 1587 3178 habitat
1620 3139 1745 3179 cum
1772 3138 1859 3190 eo,
1903 3133 1958 3181 et
1995 3141 2086 3179 ar-

2186 1978 2205 2011 ‹
2250 1959 2416 2013 ritate
2435 1953 2785 2026 imperabatis
2812 1953 2892 2007 eis
2918 1959 2974 2005 et
2996 1965 3119 2004 cum
3144 1949 3405 2019 potentia.
3431 1947 3497 2001 Et
3519 1946 3784 2017 dispersae

2187 2069 2206 2103 ι
2250 2057 2377 2107 sunt
2403 2062 2534 2103 oves
2558 2060 2691 2100 mete
2717 2058 2803 2107 eo,
2834 2042 2978 2112 quod
3006 2055 3115 2095 non
3136 2047 3280 2095 esset
3309 2047 3512 2107 pastor,
3548 2048 3604 2090 et
3630 2037 3783 2117 facta:

2187 2159 2205 2192 ι
2253 2147 2381 2195 sunt
2406 2138 2461 2192 in
2490 2134 2897 2191 dcvorationem
2922 2130 3167 2186 omnium
3188 2129 3487 2185 bestiarum
3530 2128 3678 2197 agri,
3730 2136 3782 2180 et

2185 2247 2207 2280 ι
2248 2228 2510 2297 dispersa:
2544 2231 2690 2279 sunt.
2737 2221 3069 2276 Erraverunt
3096 2233 3287 2291 greges
3313 2218 3415 2271 mei
3473 2217 3526 2270 in
3572 2219 3783 2272 cunctis

2188 2339 2207 2372 ι
2254 2318 2528 2374 montibus
2569 2324 2622 2369 et
2671 2314 2724 2369 in
2774 2313 3029 2369 universo
3059 2312 3199 2366 colle
3234 2311 3484 2372 excelso,
3528 2318 3587 2363 et
3622 2325 3780 2381 super

2188 2430 2207 2462 ‹
2250 2423 2469 2464 omnem
2520 2406 2713 2461 faciem
2740 2414 2902 2460 terra:
2932 2403 3161 2474 dispersi
3193 2411 3320 2457 sunt
3350 2418 3546 2474 greges
3574 2405 3701 2467 mei,
3731 2415 3782 2457 et

2188 2520 2207 2551 α
2253 2516 2361 2556 non
2404 2506 2526 2555 erat
2560 2498 2655 2568 qui
2706 2498 3026 2566 requireret.
3076 2494 3196 2550 Non
3224 2502 3361 2558 erat,
3414 2496 3665 2563 inquam,
3692 2496 3777 2563 qui

2188 2613 2207 2645 ε
2253 2592 2575 2663 requireret.
2594 2589 2908 2659 Propterea,
2929 2594 3199 2657 pastores,
3223 2585 3403 2639 audite
3425 2586 3655 2640 verbum
3684 2586 3778 2638 Do-

2188 2703 2208 2737 r
2250 2683 2381 2738 mini
2408 2701 2419 2736 :
2454 2681 2589 2736 Vivo
2615 2696 2735 2753 ego,
2772 2679 2903 2735 dicit
2922 2678 3184 2733 Dominus
3212 2677 3354 2731 Deus
3372 2718 3386 2739 ,
3418 2677 3547 2746 quia
3575 2690 3675 2745 pro
3696 2689 3776 2741 eo,

2190 2793 2208 2826 ι
2253 2773 2399 2845 quod
2450 2772 2577 2829 facti
2609 2781 2735 2827 sunt
2779 2780 2971 2843 greges
3022 2770 3125 2826 mei
3157 2770 3211 2825 in
3242 2773 3525 2839 rapinam,
3558 2780 3612 2824 et
3655 2784 3777 2824 oves

2191 2882 2211 2918 ι
2258 2880 2391 2920 mem
2417 2864 2469 2917 in
2500 2862 2904 2919 devorationem
2930 2861 3173 2917 omnium
3210 2860 3507 2915 bestiarum
3544 2861 3684 2929 agri,
3714 2873 3772 2912 eo

2193 2978 2213 3011 ι
2258 2959 2403 3029 quod
2448 2971 2557 3011 non
2603 2964 2747 3012 esset
2800 2962 3022 3025 pastor:
3068 2940 3242 3023 neque
3268 2952 3412 3007 enim
3452 2952 3779 3021 qumsicrunt

2194 3067 2214 3102 ι
2260 3057 2505 3121 pastores
2543 3061 2760 3119 gregem
2800 3059 3006 3110 meum,
3055 3044 3149 3098 sed
3195 3043 3491 3112 pascebant
3535 3054 3778 3113 pastores

2195 3158 2213 3191 ι
2262 3140 2610 3209 semetipsos,
2657 3146 2711 3197 et
2748 3149 2940 3208 greges
2968 3148 3117 3189 meos
3149 3148 3256 3188 non
3285 3133 3600 3203 pascebant.
3648 3132 3773 3186 Pro-

483 3222 614 3286 guat
641 3229 737 3271 eos
785 3228 950 3283 super
994 3212 1205 3268 insidiis
1227 3211 1651 3279 blandientibus,
1679 3212 1771 3283 qui
1799 3212 2077 3284 Prophetas

2194 3248 2211 3281 ι
2259 3206 2472 3300 pterea,
2499 3206 2769 3298 pastores,
2805 3206 2988 3280 audite
3011 3225 3231 3279 verbum
3259 3223 3470 3278 Domini
3499 3240 3512 3276 :
3546 3222 3675 3277 Hrec
3696 3222 3775 3275 di-

483 3308 648 3362 verba
675 3307 861 3362 audire
892 3306 1204 3361 desiderant
1237 3320 1345 3359 non
1373 3304 1441 3359 ad
1477 3305 1671 3360 anima:
1705 3304 1955 3370 salutem,
1986 3306 2083 3361 sed

484 3401 553 3456 ad
592 3400 804 3454 aurium
850 3398 1203 3469 voluptatem.
1246 3397 1337 3453 Isti
1374 3397 1532 3467 juxta
1575 3413 1761 3454 muros
1801 3398 2081 3465 sedebant,

485 3502 541 3548 et
591 3492 645 3546 in
688 3491 843 3547 ostiis
873 3490 1159 3545 domorum
1205 3504 1544 3560 nequaquam
1599 3488 1652 3544 in
1688 3503 1907 3544 sensum
1952 3489 2085 3543 Pro—

485 3587 664 3657 pheta:
691 3584 901 3639 intrare
942 3584 1243 3653 copientes,
1287 3582 1381 3636 sed
1412 3590 1601 3636 mutuo
1624 3596 1684 3636 se
1714 3582 2002 3635 hortantur
2030 3588 2084 3635 et

486 3677 674 3731 dicunt
698 3694 711 3730 :
735 3692 754 3726 ι
782 3674 969 3732 Venite
991 3683 1045 3727 et
1074 3672 1358 3727 audiamus
1381 3670 1472 3741 qui
1503 3670 1575 3726 sit
1600 3685 1780 3725 sermo
1802 3670 2083 3741 egrediens

489 3786 518 3825 a
559 3769 833 3834 Domino;
867 3786 886 3820 ι
939 3776 994 3823 et
1024 3768 1104 3822 sic
1130 3765 1371 3825 veniunt.
1427 3764 1583 3835 quasi
1620 3761 1850 3834 populus
1873 3763 1965 3833 qui
2003 3764 2085 3816 in-

487 3862 767 3933 grediatur
786 3859 1085 3916 Ecclesium
1117 3858 1234 3912 Dei.
1268 3877 1286 3904 ι
1318 3857 1385 3911 Ει
1406 3857 1600 3910 sedent
1621 3869 1804 3910 coram
1837 3862 1890 3909 te
1918 3870 2083 3924 pepu-

487 3954 575 4009 lus
604 3966 780 4019 meus,
819 3971 837 4003 ι
874 3950 965 4021 qui
1002 3965 1157 4005 meus
1197 3962 1317 4003 esse
1363 3962 1423 4001 se
1469 3946 1625 4010 dicit,
1676 3955 1731 4000 et
1775 3944 1963 4001 nolunt
2006 3945 2085 3998 l'a-

491 4056 648 4107 cere,
701 4042 843 4113 quod
914 4040 1222 4094 audierunt.
1275 4034 1583 4092 Istiusmodi
1650 4034 1783 4089 mihi
1831 4034 2087 4089 videntur

490 4148 677 4189 eorum
719 4131 945 4197 similes,
1002 4129 1093 4199 qui
1128 4127 1481 4183 theatralibus
1520 4125 1780 4181 luduntur
1830 4126 2089 4180 carmini-

491 4226 616 4290 bus,
665 4237 721 4280 et
744 4224 831 4279 vel
876 4220 1173 4293 Tragoedos
1220 4220 1444 4274 audiunt
1467 4219 1552 4274 vel
1581 4218 1886 4280 Comoedos,
1921 4226 1975 4273 et
2013 4220 2088 4274 ιιι

492 4329 615 4369 cum
644 4312 919 4383 voluptate
944 4311 1253 4383 palpantur.
1300 4308 1377 4363 Ita
1408 4308 1617 4365 ut‘cum
1652 4309 1855 4379 egressi
1885 4306 2092 4364 fuerint

493 4418 523 4457 a
554 4412 626 4468 te,
655 4402 917 4473 replicent
940 4416 1005 4456 ea
1028 4410 1084 4456 et
1126 4400 1437 4465 decantent,
1472 4407 1528 4454 et
1561 4398 1704 4454 dulci
1734 4414 1866 4455 sono
1910 4414 1969 4453 se
1994 4402 2093 4454 dc-

492 4491 716 4560 cipiant.
756 4510 774 4542 ι
829 4490 896 4545 Et
939 4489 1179 4554 audient,
1227 4489 1424 4561 inquit,
1474 4489 1641 4544 verba
1674 4499 1761 4543 tua
1788 4497 1843 4543 et
1869 4504 1975 4542 non
2006 4488 2091 4541 l'a-

494 4584 641 4638 cient
662 4597 724 4636 ea
754 4598 769 4648 ;
804 4600 824 4634 ι
862 4578 995 4637 tales
1023 4590 1148 4635 sunt
1172 4593 1339 4649 usque
1368 4578 1527 4634 hodie
1554 4578 1706 4632 multi
1732 4579 1786 4632 iu
1812 4578 2087 4643 ecclesiis,
2121 4555 2167 4613 ί)

494 4673 586 4745 qui
617 4674 767 4728 aiunt
789 4690 803 4725 :
824 4672 1037 4737 Venite,
1066 4670 1349 4725 audiamus
1370 4669 1518 4723 illum
1546 4676 1602 4724 et
1628 4668 1777 4722 illum
1808 4670 1944 4723 mira
1968 4683 2085 4723 cto-

496 4766 715 4837 qnentia
748 4762 1149 4836 praedicationis
1196 4776 1307 4816 sua:
1339 4761 1503 4815 verba
1547 4758 1889 4825 volventem,
1926 4759 2087 4828 plan-

498 4871 699 4928 susque
740 4862 1083 4912 eommovcnt
1110 4861 1165 4908 et
1210 4851 1596 4917 vociferantur,
1646 4858 1703 4905 et
1722 4850 1936 4918 iactant
1965 4864 2089 4903 ma-

500 4966 621 5005 nus.
656 4950 723 5004 Et
747 4963 867 5020 qum
893 4948 1145 5017 operibus
1173 4944 1557 5017 neglexerant,
1595 4950 1881 5013 pestquam
1913 4942 2079 4996 adve-

506 5041 651 5097 nisse
707 5037 1059 5109 cognoverint
1105 5034 1347 5108 (necesse
1391 5041 1475 5089 est
1516 5032 1659 5087 enim
1704 5032 1886 5086 venire
1934 5033 2078 5102 quod

503 5129 771 5199 Propheta
795 5127 891 5182 Dei
914 5116 1161 5182 seruiens
1185 5122 1541 5195 pronuntiat),
1563 5134 1690 5178 tunc
1715 5122 1973 5192 incipient
1988 5137 2082 5190 ap-

504 5224 733 5293 probare
776 5228 831 5274 et
857 5232 1019 5273 nosse
1067 5217 1207 5288 quod
1249 5225 1440 5271 cuncta
1495 5230 1614 5286 qua:
1662 5214 1946 5269 audierant
1977 5229 2081 5266 non

507 5313 705 5367 fuerint
734 5311 967 5366 hominis
1000 5311 1187 5376 verba,
1215 5310 1308 5365 sed
1335 5309 1568 5374 Domini,
1595 5310 1684 5379 qui
1718 5324 1814 5379 per
1840 5307 2081 5377 Prophe-

508 5411 619 5458 tam
640 5410 694 5455 et
715 5400 890 5455 virum
918 5398 1339 5458 ecclesiasticum
1362 5398 1574 5454 locutus
1597 5405 1697 5454 cst.

1194 5640 1417 5655 “ﬁ

2191 3340 2209 3372 ι
2254 3320 2330 3375 cit
2374 3319 2635 3373 Dominus
2665 3317 2826 3383 Deus,
2872 3316 3015 3371 Ecce
3061 3330 3163 3386 ego
3191 3315 3305 3385 ipse
3346 3328 3509 3383 super
3532 3324 3776 3383 pastores

2190 3430 2210 3463 ι
2256 3412 2529 3481 requiram
2573 3424 2792 3481 gregem
2819 3422 2999 3463 meum
3029 3406 3095 3462 de
3120 3422 3282 3461 manu
3306 3420 3517 3471 eorum,
3559 3414 3616 3460 et
3662 3420 3774 3460 ces-

2192 3522 2210 3555 ‹
2254 3518 2378 3558 sarc
2424 3502 2640 3565 faciam,
2678 3509 2738 3554 ut
2758 3500 2898 3553 ultra
2929 3513 3035 3553 non
3082 3505 3305 3566 pascant
3331 3510 3549 3567 gregem
3580 3510 3771 3557 meum,

2191 3613 2208 3643 ι
2255 3607 2355 3648 nec
2383 3600 2606 3662 pascant
2649 3588 2881 3660 amplius
2902 3597 3149 3659 pastores
3195 3587 3535 3657 semetipsos,
3566 3596 3622 3641 et
3647 3586 3772 3641 libe-

2192 3703 2210 3735 ι
2257 3684 2390 3738 rabo
2411 3697 2628 3755 gregem
2659 3695 2838 3735 meum
2861 3681 2926 3734 de
2951 3693 3047 3733 ore
3069 3692 3280 3741 eorum,
3306 3685 3361 3729 et
3387 3692 3493 3731 non
3516 3685 3679 3731 ertmt
3704 3678 3777 3728 eis

2191 3795 2209 3827 ι
2256 3779 2307 3831 in
2337 3790 2538 3839 escam,
2571 3774 2699 3844 quia
2727 3773 2843 3828 hate
2870 3772 3001 3827 dicit
3030 3771 3289 3827 Dominus
3313 3770 3457 3825 Deus
3476 3788 3497 3823 εν
3517 3769 3660 3824 Ecce
3682 3783 3775 3840 ego

2192 3890 2211 3920 ι
2258 3868 2372 3938 ipsc
2398 3868 2671 3936 requiram
2693 3879 2823 3920 oves
2849 3878 3021 3927 meas,
3057 3872 3111 3919 et
3132 3862 3364 3919 visitabo
3393 3877 3488 3917 eas
3529 3861 3671 3915 sicut
3698 3861 3771 3914 vi—

2194 3981 2212 4009 ι
2260 3960 2389 4013 sitat
2414 3965 2597 4027 pastor
2626 3970 2841 4026 gregem
2886 3970 3043 4009 suum
3072 3955 3126 4007 in
3162 3954 3247 4007 die
3276 3953 3494 4022 quando
3536 3950 3698 4005 fuerit
3726 3949 3772 4003 iu

2194 4070 2213 4103 ι
2261 4050 2437 4105 medio
2483 4049 2665 4104 ovium
2701 4061 2920 4101 suarum
2972 4044 3373 4112 dissipatarum.
3432 4041 3525 4095 Sic
3550 4040 3774 4095 visitabo

2196 4165 2214 4197 ι
2261 4160 2391 4201 oves
2413 4157 2579 4207 meas,
2611 4149 2667 4196 et
2688 4140 2930 4197 liberabo
2953 4151 3044 4192 eas
3072 4136 3138 4191 de
3158 4134 3410 4190 omnibus
3436 4134 3571 4188 Iocis
3598 4134 3649 4186 in
3670 4133 3775 4202 qui-

2197 4258 2215 4288 ‹
2261 4238 2360 4291 bus
2387 4234 2642 4303 dispersa:
2671 4230 2887 4284 fuerant
2916 4229 2968 4283 in
3011 4226 3096 4282 die
3118 4226 3279 4281 nubis
3304 4234 3359 4279 et
3398 4224 3664 4295 caliginis.
3714 4222 3772 4275 Et

2197 4345 2215 4376 ι
2261 4324 2483 4380 educam
2510 4336 2603 4375 cas
2629 4321 2696 4374 de
2744 4318 2955 4390 populis
2989 4324 3043 4371 et
3071 4316 3413 4387 congregabo
3443 4330 3537 4369 eas
3569 4315 3635 4369 de
3669 4324 3767 4368 ter-

2199 4431 2215 4462 l
2264 4414 2360 4475 ris,
2392 4419 2447 4464 et
2474 4409 2720 4463 inducam
2745 4424 2838 4463 eas
2866 4408 2920 4461 in
2941 4415 3140 4461 terram
3164 4419 3341 4470 suam,
3364 4413 3417 4458 et
3442 4418 3661 4472 pascam
3688 4419 3770 4458 eas

2200 4522 2217 4552 ‹
2264 4502 2315 4554 in
2352 4500 2625 4554 montibus
2669 4497 2834 4553 Israel
2879 4497 2934 4551 in
2982 4496 3114 4550 rivis
3144 4504 3201 4551 et
3234 4483 3290 4549 in
3316 4496 3531 4549 cunctis
3566 4495 3768 4549 sedibus

2200 4612 2217 4643 ι
2262 4600 2438 4647 terrm.
2494 4590 2550 4644 In
2583 4588 2801 4658 pascuis
2849 4586 3142 4641 uberrimis
3192 4601 3412 4656 pascam
3459 4600 3573 4650 eas,
3628 4595 3680 4639 et
3720 4585 3765 4638 in

2199 4701 2217 4732 ι
2265 4680 2537 4734 montibus
2573 4677 2801 4732 excelsis
2829 4676 2989 4731 Israel
3040 4686 3203 4730 erunt
3225 4690 3440 4746 pascua:
3462 4690 3671 4729 earum.
3700 4672 3767 4728 Ibi

2200 4790 2217 4821 ι
2266 4770 2607 4838 requiescant
2635 4768 2688 4822 in
2716 4767 2901 4823 herbis
2929 4767 3228 4821 virentibus
3256 4766 3387 4821 etin
3413 4766 3629 4837 pascuis
3660 4765 3766 4835 pin-

2199 4880 2216 4912 ‹
2260 4860 2450 4932 guibus
2479 4866 2767 4929 pascentur
2791 4872 2954 4927 super
2973 4865 3185 4912 montes
3211 4853 3395 4910 Israel.
3422 4854 3534 4924 Ego
3559 4868 3764 4925 pascam

2198 4973 2215 5003 ι
2262 4967 2390 5007 oves
2414 4966 2562 5005 meas
2584 4958 2641 5004 et
2667 4964 2767 5020 ego
2788 4963 2882 5005 eas
2910 4948 3174 5003 accubare
3201 4946 3418 5011 faciam,
3442 4946 3574 5001 dicit
3599 4945 3766 5000 Domi-

2201 5062 2218 5094 (
2266 5059 2367 5097 nus
2405 5041 2569 5097 Deus.
2602 5039 2754 5106 Quod
2790 5039 3028 5109 perierat
3053 5038 3349 5107 requiram,
3377 5046 3433 5091 et
3457 5038 3601 5105 quod
3627 5035 3762 5105 abjc~

2201 5153 2218 5183 ι
2263 5141 2409 5187 ctum
2456 5138 2573 5185 erat
2605 5131 2878 5194 reducam,
2936 5136 2993 5183 et
3029 5127 3172 5198 quod
3213 5126 3553 5184 confractum
3604 5125 3765 5181 [uenit

2204 5244 2221 5271 ς
2266 5221 2517 5292 alligabo,
2564 5231 2621 5275 et
2668 5219 2809 5289 quod
2857 5218 3130 5275 inﬁrmum
3159 5229 3277 5273 erat
3307 5218 3671 5282 consolidabo,
3716 5226 3765 5270 et

2204 5335 2220 5364 ι
2267 5313 2410 5385 quod
2429 5314 2629 5384 pingue
2655 5320 2710 5367 et
2733 5310 2873 5367 forte
2892 5312 3219 5367 custodiam.
3252 5320 3307 5365 et
3334 5325 3551 5381 pascam
3583 5310 3695 5366 illas
3717 5309 3764 5363 in

2206 5421 2222 5453 ι
2265 5402 2487 5473 judicio.
2505 5402 2612 5457 Vos
2638 5410 2837 5465 autem,
2863 5416 3054 5471 greges
3077 5400 3206 5465 mei,
3236 5399 3350 5458 Inec
3369 5400 3499 5455 dicit
3522 5400 3765 5456 Dominus

2206 5513 2223 5544 ι
2269 5493 2447 5548 Deus:
2493 5492 2633 5550 Ecce
2658 5492 2956 5563 egojudico
2979 5492 3122 5547 inter
3148 5480 3319 5562 pocns‘
3342 5500 3396 5546 et
3432 5506 3621 5561 pecus,
3642 5493 3766 5548 aric-

2207 5603 2224 5633 ι
2272 5593 2383 5636 tum
2406 5591 2459 5635 ct
2506 5583 2819 5651 hircorum.
2850 5582 3037 5637 Nonne
3064 5583 3194 5637 satis
3236 5582 3389 5636 vobis
3426 5593 3547 5636 erat
3572 5588 3765 5653 ‘pascua

2208 5694 2225 5724 ι
2272 5675 2411 5728 bona
2458 5672 2721 5742 depasci?
2780 5672 3004 5742 Insuper
3057 5682 3110 5727 et
3160 5673 3415 5741 reliquias
3458 5686 3765 5741 pascuorum

2207 5782 2226 5816 ι
2272 5773 2574 5821 vestrarum
2624 5764 2984 5819 conculcastis
3029 5764 3251 5833 pedibus
3294 5765 3533 5831 vestris,
3584 5775 3764 5821 etcum
