3936 6376
147 427 246 482 8H

1104 415 1457 475 COMMENT.
1483 415 1562 472 1N
1603 411 2054 471 EZECDIELEM.
2094 440 2164 452 -—
2201 410 2327 466 LIB.
2369 411 2485 467 XII.

3301 416 3403 472 Si“).

151 555 169 586 ι
217 536 564 606 purissimam
596 547 789 603 aquam
814 531 1092 597 biberetis,
1119 531 1377 600 reliquam
1397 529 1620 599 pedibus
1641 543 1733 584 ve-
1762 531 1810 590 Α
1839 526 2185 595 Primumque
2216 525 2434 590 dicitur,
2468 525 2560 580 Vae
2602 527 2911 597 pastoribus
2945 525 3126 593 Israel,
3157 528 3248 596 qui
3288 545 3407 584 cum

154 647 167 677 ι
213 626 342 680 stris
376 625 651 679 turbastis.
699 626 766 680 Et
790 626 921 678 oves
952 638 1084 678 mete
1111 622 1226 688 bis,
1259 638 1377 691 quae
1411 621 1726 676 conculcata

153 737 167 766 ι
217 717 443 787 pedibus
472 717 667 772 vestris
698 716 928 781 fuerant,
979 715 1361 786 pascebantur,
1413 722 1468 768 et
1494 728 1613 782 qua:
1639 727 1727 782 pe-

149 827 164 855 ι
217 807 313 863 des
355 808 521 861 vestri
555 809 922 871 turbaverant,
974 807 1088 861 haec
1117 805 1393 859 bibebant.
1438 803 1728 872 Propterea

149 921 161 945 ο
213 898 487 953 hmo-dicit
520 897 777 951 Dominus
806 894 944 951 Deus
970 896 1036 950 ad
1062 911 1154 951 eos
1181 912 1192 947 :
1224 894 1364 949 Ecce
1388 909 1487 964 ego
1515 893 1731 964 ipseju-

149 999 177 1040 r
215 991 338 1045 dico
370 991 510 1044 inter
540 1005 702 1058 pecus
740 990 936 1059 pingue
965 998 1037 1042 et
1092 986 1460 1042 macilentum.
1517 985 1627 1041 Pro’
1665 1001 1731 1040 eo

209 1084 356 1152 quod
394 1083 653 1137 lateribus
681 1090 736 1136 et
779 1081 1022 1136 humeris
1060 1077 1446 1150 impingebatis
1472 1087 1526 1133 et
1556 1078 1731 1133 corni-

145 1191 165 1224 σ
210 1173 314 1228 bus
345 1173 539 1227 vestris
565 1171 908 1226 ventilabatis
939 1170 1120 1225 omnia
1160 1168 1374 1222 infirma
1416 1183 1613 1238 pecora
1639 1167 1732 1222 do-

147 1283 163 1314 ι
209 1278 312 1319 nec
332 1264 766 1334 diSpergereutur
781 1261 947 1325 l'oras,
972 1259 1194 1315 salvabo
1215 1272 1655 1331 gregemmeum,
1679 1264 1734 1311 et

147 1373 165 1405 ι
212 1371 321 1410 non
353 1355 458 1410 erit
485 1356 625 1408 ultra
673 1354 726 1408 in
755 1353 1105 1422 rapinamyet
1123 1350 1376 1421 iudicabo
1405 1350 1734 1420 interipecus

145 1464 164 1495 ε
209 1453 266 1501 et
304 1461 490 1516 pecus.
539 1445 608 1499 Et
632 1445 904 1500 suscitabo
947 1459 1108 1514 super
1147 1457 1208 1498 ea
1241 1449 1512 1513 pastorem
1544 1456 1728 1504 unum,

145 1555 164 1586 ι
208 1538 303 1607 qui
326 1547 624 1606 pascatea,
654 1550 870 1590 servum
896 1550 1072 1608 meum
1090 1534 1278 1600 David,
1306 1535 1421 1604 ipse
1445 1540 1627 1603 pascet
1647 1547 1731 1598 ea,

145 1645 164 1676 ι
198 1625 413 1697 .etipse
437 1627 543 1680 erit
581 1626 659 1680 eis
685 1626 735 1679 in
771 1635 1067 1696 pastorem.
1101 1624 1216 1695 Ego
1253 1633 1434 1679 autem
1476 1623 1734 1678 Dominus

146 1735 163 1766 ι
209 1732 309 1774 ero
345 1717 504 1772 eisin
543 1716 733 1780 Deum,
767 1723 822 1770 et
856 1729 1046 1770 servus
1074 1730 1226 1770 meus
1270 1713 1434 1770 David
1484 1713 1735 1784 princeps

139 1822 167 1855 ,ι
217 1804 275 1859 in
304 1806 480 1864 medio
505 1820 714 1871 eorum.
765 1804 875 1874 Ego
921 1803 1180 1858 Dominus
1226 1801 1437 1858 locutus
1482 1817 1619 1857 sum.
1668 1801 1737 1855 Et

1836 631 2050 686 gregem
2075 615 2287 671 Domini
2330 630 2550 686 pascere
2577 607 2824 681 debeant,
2858 627 2911 671 et
2937 617 3096 672 saluti
3124 619 3267 674 illius
3290 637 3410 691 pro-

1835 707 2038 772 videre,
2075 720 2172 776 pro
2213 720 2309 761 sua
2339 705 2595 762 festinant
2628 705 2859 762 luxuria.
2915 708 3066 764 Unde
3093 725 3412 781 magnopere

1835 783 2137 850 cavendum
2177 810 2278 864 est,
2329 807 2383 853 et
2430 798 2762 853 observanda
2809 799 2893 854 illa
2938 812 3226 872 praecepta,
3281 822 3299 864 ι
3346 820 3414 878 pc

1836 903 2045 956 quaeras
2067 888 2231 956 judex
2278 891 2418 954 ﬁeri,
2455 905 2524 944 ne
2548 889 2685 945 forte
2711 907 2816 946 non
2854 895 3025 962 possis
3053 895 3263 963 auferre
3303 898 3411 966 ini-

1837 978 2072 1044 quitates
2105 978 2292 1048 (Ecch'.
2335 981 2432 1051 vn)
2460 997 2472 1045 ;
2519 1001 2536 1033 ι
2572 989 2626 1036 et
2662 981 2855 1036 iterum
2883 1001 2894 1037 :
2953 1002 2969 1035 ι
3002 985 3212 1052 Quanto
3244 986 3413 1056 major

1836 1083 1918 1130 es,
1951 1077 2099 1124 tanto
2133 1071 2307 1140 magis
2350 1081 2399 1126 te
2433 1073 2673 1138 humilia,
2707 1083 2761 1129 et
2790 1075 2843 1129 in
2870 1062 3156 1146 conspectu
3200 1061 3408 1134 Domini

1838 1157 2080 1214 invenies
2125 1162 2351 1231 gratiam
2389 1163 2576 1233 (Eccli.
2611 1164 2732 1236 nt);
2771 1186 2790 1218 ι
2852 1176 2908 1221 et
2951 1184 3204 1224 rursum:
3259 1191 3274 1221 ι
3308 1172 3413 1241 Du-

1837 1262 1955 1302 cem
2007 1256 2057 1302 te
2109 1252 2523 1317 constituerunt,
2578 1271 2645 1310 ne
2690 1256 2941 1322 elcveris,
2993 1268 3108 1315 esto
3144 1263 3286 1333 inter
3322 1282 3414 1318 eos

1837 1340 1992 1409 quasi
2024 1355 2162 1395 unus
2191 1357 2254 1396 ex
2287 1343 2391 1398 illis
2424 1343 2612 1415 (Eccii.
2646 1347 2840 1419 χχχιι).
2875 1367 2893 1400 ι
2935 1349 3089 1405 Unde
3110 1361 3162 1405 et
3187 1353 3417 1422 Aposto-

1837 1427 1921 1484 lus
1969 1431 2126 1500 quasi
2153 1434 2433 1501 parvulum
2465 1445 2626 1513 atque
2662 1437 2960 1495 iactantem
3009 1441 3149 1496 inter
3178 1433 3414 1513 discipu-

1838 1518 1920 1574 los
1939 1534 2058 1576 csse
2085 1537 2146 1577 se
2173 1524 2320 1578 dicit.
2374 1525 2632 1598 Quodque
2660 1530 2936 1600 sequitur:
2984 1551 3000 1583 ι
3033 1532 3138 1601 Lac
3168 1538 3416 1604 conte-Je-

1839 1610 1976 1666 batis
2014 1621 2068 1667 et
2097 1613 2231 1669 lanis
2261 1617 2668 1685 operiebatnini,
2709 1640 2726 1670 ι
2779 1637 2876 1690 per
2927 1627 3206 1698 μιτόέφορᾳν
3235 1635 3416 1695 pasto-

1841 1717 1955 1756 rum
1982 1705 2048 1760 ad
2076 1707 2631 1778 principcs‘ioquitur.
2689 1713 2762 1765 De
2793 1714 2986 1782 quibus
3006 1726 3058 1769 et
3083 1717 3134 1770 in
3166 1706 3271 1778 alio
3294 1718 3411 1780 loco

1839 1797 2097 1866 scriptum
2143 1791 2264 1853 esti
2325 1819 2341 1849 ι
2376 1799 2477 1867 Qui
2509 1803 2766 1857 devorant
2811 1805 3020 1875 plebem
3052 1823 3224 1874 meam
3275 1809 3413 1863 sicut

145 1913 164 1945 ,
196 1893 412 1952 faciam
441 1910 566 1952 cum
594 1895 673 1950 eis
719 1902 934 1964 pactum
967 1894 1139 1962 pacis,
1191 1901 1246 1948 ει
1271 1907 1491 1948 cessare
1532 1892 1726 1947 faciam
1763 1877 1804 1935 Β
1832 1900 2012 1941 escam
2043 1890 2196 1958 panis
2227 1887 2396 1961 (Paul.
2433 1889 2574 1963 χιιι).
2617 1912 2634 1962 ρ
2665 1893 2720 1947 Ι;ι
2751 1894 2909 1960 lacte,
2936 1911 3122 1950 euntes
3148 1899 3311 1967 dapes
3342 1900 3415 1953 ir.-

144 2006 162 2038 ι
206 1985 414 2050 bestias
440 1987 700 2058 pessimas
723 1987 789 2040 de
820 1994 981 2040 terra.
1026 1985 1094 2040 Et
1129 1985 1219 2054 qui
1268 1985 1516 2040 habitant
1563 1985 1616 2039 in
1643 1985 1734 2038 dc-

142 2093 164 2130 ς
211 2084 366 2138 serto
393 2076 568 2134 securi
599 2074 869 2130 dormient
900 2075 953 2128 in
977 2073 1232 2140 saltibus;
1261 2082 1317 2129 et
1337 2090 1530 2144 ponam
1559 2089 1652 2129 cos
1678 2075 1732 2129 in

146 2182 164 2225 ς
209 2167 450 2226 circuitu
475 2166 626 2220 collis
654 2166 758 2220 mei
790 2165 1242 2230 benedictionem,
1274 2172 1327 2218 et
1350 2166 1610 2220 deducam
1640 2166 1734 2219 im-

131 2270 165 2306 ιι
211 2253 368 2309 brem
407 2254 458 2308 in
493 2263 731 2325 tempore
757 2270 874 2319 suo,
904 2253 1098 2324 pluvia
1124 2254 1514 2310 benedictionis
1535 2263 1728 2310 .erunt.

129 2362 163 2397 ,‹
208 2343 282 2398 Et
307 2343 454 2398 dabit
475 2345 677 2414 lignum
702 2345 814 2414 agri
845 2344 1078 2398 fructum
1116 2359 1296 2410 suum,
1333 2352 1556 2399 et-terra
1583 2344 1735 2399 dabit

147 2457 165 2488 ι
210 2451 439 2507 germen
466 2451 619 2490 suum
649 2445 702 2490 ct
724 2446 884 2490 erunt
913 2437 964 2490 in
994 2446 1138 2491 terra
1174 2450 1271 2502 sua
1290 2436 1492 2506 absque
1517 2437 1729 2492 timore.

145 2548 160 2578 ι
205 2528 280 2582 Ει
319 2529 492 2582 scient
531 2528 656 2597 quia
700 2543 800 2596 ego
832 2528 1089 2584 Dominus
1116 2544 1236 2585 cum
1282 2531 1587 2585 contrivero
1632 2529 1731 2585 ‘ca-

147 2639 163 2670 ι
212 2629 372 2674 tonas
405 2620 518 2691 jugi
545 2635 752 2685 eorum,
793 2628 847 2674 et
873 2636 1065 2676 eruere
1108 2635 1201 2675 eos
1243 2619 1310 2676 de
1350 2635 1510 2676 manu
1561 2611 1730 2691 impe-

145 2730 162 2758 ο
211 2711 452 2764 rantium
483 2711 606 2765 sibi.
658 2711 727 2769 Et
758 2728 863 2766 non
897 2722 1057 2766 erunt
1084 2712 1218 2770 ultra
1251 2711 1305 2768 in
1334 2713 1572 2784 rapinam
1600 2727 1750 2784 gen-'

148 2816 165 2848 ι
213 2799 382 2864 tibus,
415 2813 588 2869 neque
615 2800 803 2858 bestite
832 2810 986 2856 terra:
1011 2801 1346 2867 devorabunt
1370 2818 1482 2868 eos,
1515 2806 1610 2859 sed
1636 2805 1734 2858 ha-

147 2906 164 2936 c
212 2887 465 2944 bitabunt
495 2889 828 2947 conﬁdenter
876 2890 1081 2961 absque
1112 2892 1217 2946 ullo
1252 2901 1476 2949 terrore.
1518 2894 1585 2948 Et
1611 2908 1734 2950 sus-

148 2999 164 3030 ι
210 2980 394 3060 citabo
436 2981 515 3035 cis
542 2996 761 3053 germen
801 2982 1155 3046 nominatum,
1189 2993 1241 3038 et
1273 2999 1377 3039 non
1407 2993 1566 3039 erunt
1592 2986 1732 3042 ultra

149 3093 167 3122 ε
214 3073 486 3130 imminuti
517 3073 658 3128 fame
690 3074 740 3128 in
767 3082 930 3139 terra,
968 3090 1141 3143 neque
1161 3077 1449 3144 portabunt
1472 3078 1610 3132 ultra
1641 3093 1734 3148 op-

149 3186 165 3215 ι
211 3165 434 3235 probria
491 3165 753 3236 gentium.
804 3165 871 3230 Et
916 3167 1089 3221 scient
1150 3168 1276 3236 quia
1323 3183 1421 3238 ego
1474 3168 1733 3225 Dominus

149 3275 164 3304 ι
201 3254 358 3310 Deus
387 3269 576 3308 eorum
607 3269 730 3309 cum
760 3253 840 3311 eis
879 3263 934 3308 et
965 3255 1066 3324 ipsi
1100 3255 1324 3326 populus
1364 3271 1514 3313 meus
1541 3258 1733 3317 donms

152 3364 169 3394 ι
215 3343 408 3406 Israel,
443 3345 518 3397 ait
551 3343 815 3405 Dominus
863 3343 1025 3398 Deus.
1052 3343 1157 3399 Vos
1193 3354 1370 3398 autent
1407 3361 1596 3415 greges
1629 3348 1730 3403 mei

149 3453 165 3483 ε
213 3448 407 3504 greges
434 3448 644 3502 pascure
673 3449 806 3487 meae
830 3433 1077 3496 homines
1101 3436 1250 3498 esus,
1281 3444 1334 3487 et
1356 3451 1454 3504 ego
1479 3435 1732 3491 Dominus

150 3542 166 3573 ι
214 3523 358 3576 Deus
385 3533 583 3591 vester,
612 3522 740 3580 dicit
768 3523 1026 3578 Dominus
1055 3522 1211 3576 Deus.
1249 3544 1264 3573 ι
1306 3522 1575 3593 (ηἱενοιι.)
1605 3523 1733 3579 Post

145 3621 360 3682 captam
377 3610 675 3666 Jerusalem
699 3621 982 3682 postquam
1009 3613 1345 3668 adnuntiavit
1369 3615 1418 3668 in
1439 3613 1730 3685 Babylone,

145 3702 234 3772 qui
257 3700 479 3770 fugerat
521 3700 732 3756 locutus
756 3711 839 3755 est
864 3702 928 3755 de
954 3703 1037 3756 his
1069 3703 1156 3771 qui
1190 3703 1502 3757 habitabant
1527 3704 1580 3758 in
1629 3705 1734 3758 rui-

146 3794 296 3846 nosis
333 3791 641 3859 Jerusalem,
691 3802 748 3846 et
776 3794 966 3847 deinde
996 3795 1061 3848 ad
1089 3809 1180 3849 eos
1209 3795 1297 3863 qui
1337 3796 1388 3848 in
1421 3796 1732 3865 captivitate

147 3882 307 3950 positi
365 3881 710 3949 nihilominus
739 3883 1158 3952 perseverabant
1206 3885 1258 3936 in
1291 3886 1552 3952 nequitia,
1605 3885 1732 3942 Dro-

146 3974 325 4040 phetze
355 3971 513 4025 verba
556 3971 742 4023 audire
771 3970 1032 4031 nolentes.
1082 3971 1234 4034 Nunc
1268 3973 1334 4026 ad
1360 3982 1632 4044 pastores,
1679 3975 1732 4029 id

146 4070 230 4114 est
273 4059 343 4113 ad
393 4058 670 4130 Principes
720 4075 1022 4114 sermonem
1070 4061 1270 4132 dirigit,
1328 4079 1558 4132 quorum
1600 4066 1732 4121 vitio

146 4166 295 4218 oves,
336 4150 384 4202 id
426 4157 506 4203 est
533 4150 713 4221 populi
746 4151 985 4220 dissipati
1017 4160 1158 4206 sunt.
1218 4153 1284 4206 Et
1311 4155 1409 4208 hoc
1438 4157 1731 4209 notandum

145 4241 290 4308 quod
317 4257 345 4292 a
377 4239 692 4304 duodecimo
717 4256 878 4306 anno,
910 4241 1116 4295 decimo
1144 4257 1348 4308 mense,
1373 4247 1560 4314 quinta
1583 4262 1731 4302 men-

147 4332 220 4384 sis
253 4331 746 4403 transmigrationis
794 4332 908 4386 sive
949 4333 1276 4401 captivitatis
1325 4334 1624 4401 Jechoniae,
1678 4347 1734 4392 et

148 4421 239 4489 qui
263 4436 386 4474 cum
431 4435 495 4474 eo
518 4420 659 4489 capti
699 4419 912 4474 fuerant
939 4436 1109 4492 usque
1140 4421 1206 4475 ad
1233 4423 1546 4478 vicesimum
1577 4425 1733 4494 quin-

151 4523 262 4566 tum
296 4528 516 4582 annum,
569 4500 782 4582 quando
817 4529 978 4583 super
1007 4520 1242 4570 montem
1289 4518 1436 4572 urbis
1459 4519 1730 4574 aediﬁcatae

148 4603 408 4674 templum
457 4604 757 4662 exstruitur
779 4611 832 4657 et
873 4604 1208 4664 incredibilia
1258 4607 1501 4669 ecclesiae
1551 4624 1732 4663 sacra-

151 4703 332 4746 menta
360 4693 685 4762 panduntur,
716 4692 891 4748 nullus
919 4695 969 4748 in
1015 4696 1188 4750 medio
1215 4711 1387 4751 annus
1424 4697 1732 4768 nullumque

150 4795 367 4853 tempus
394 4792 478 4837 cst
511 4784 779 4853 positum,
804 4784 896 4838 sed
924 4783 1237 4858 simpliciter
1267 4787 1463 4842 dicitur
1498 4806 1509 4841 :
1559 4788 1732 4844 factus

147 4887 230 4930 est
257 4891 437 4930 sermo
462 4875 668 4928 Domini
693 4875 758 4928 ad
785 4875 1095 4935 medicens:
1116 4876 1212 4931 Fili
1232 4879 1488 4944 hominis,
1515 4880 1732 4950 loquere

148 4968 216 5020 ad
246 4966 368 5021 illas
397 4973 452 5020 et
478 4967 544 5019 ad
585 4965 734 5026 illos,
773 4975 832 5019 ut
871 4967 1167 5038 intelligere
1209 4969 1499 5024 debeamus
1529 4973 1727 5037 omnia,

149 5071 269 5126 qua:
289 5056 537 5128 leguntur
553 5057 781 5125 l5annis
793 5057 1020 5115 diversis
1041 5059 1182 5113 dicta
1205 5061 1555 5131 temporibus,
1581 5070 1635 5115 et
1655 5073 1734 5116 ta-

151 5164 276 5203 men
313 5157 459 5202 certa
488 5151 629 5206 inter
652 5167 708 5209 se
733 5153 904 5220 spatia
939 5162 1238 5223 temporum
1271 5146 1620 5212 non'haberc.
1654 5157 1732 5211 Ad

151 5246 399 5308 pastores
419 5248 595 5294 autem
617 5241 778 5296 lsracl
803 5257 982 5297 sermo
1012 5245 1278 5314 dirigitur,
1312 5261 1446 5314 quos
1468 5250 1549 5300 vel
1581 5264 1732 5318 reges

151 5337 207 5383 et
227 5327 522 5397 principes,
542 5331 744 5386 scribas
760 5323 813 5386 et
828 5331 1126 5391 Pharisazos
1147 5351 1209 5388 ac
1233 5338 1727 5405 magistrosJudaici

149 5421 332 5492 populi
361 5419 620 5474 debemus
646 5423 908 5492 accipere.
940 5422 1028 5477 Vel
1056 5434 1204 5478 certe
1237 5426 1286 5478 in
1310 5427 1617 5497 cvangelico
1639 5445 1732 5499 po-

151 5509 278 5579 pulo
321 5509 634 5579 Episcopos,
665 5511 1012 5586 Presbyteros
1042 5522 1095 5566 et
1130 5513 1393 5569 Diaconos
1424 5533 1435 5568 :
1469 5527 1561 5570 aut
1578 5518 1731 5588 juxta

153 5600 411 5669 tnysticos
438 5599 736 5654 intellectus
765 5602 982 5670 angelos
1005 5601 1330 5673 singularum
1360 5605 1728 5672 ecclesiarum,

154 5691 219 5743 ad
249 5705 385 5759 quos
410 5690 598 5743 scribit
621 5689 856 5744 Joannes
905 5693 958 5744 in
986 5693 1305 5762 Apocalypsi
1333 5710 1430 5748 sua
1480 5695 1662 5764 (Apoc.
1691 5714 1727 5760 ι,

157 5794 212 5843 tt,
243 5779 350 5851 ιιι),
379 5790 432 5834 et
465 5795 691 5848 quorum
718 5779 889 5849 angeli
918 5782 1157 5848 quotidie
1188 5783 1371 5851 vident
1395 5783 1581 5839 facient
1613 5786 1725 5840 Dei.

557 5872 827 5930 PATRGi..
882 5872 1012 5930 (ΣΧ.

1829 1975 2019 2047 tellige
2065 1993 2077 2029 :
2132 1978 2183 2032 in
2216 1980 2372 2044 lanis,
2427 1981 2772 2052 multiplicem
2819 1984 3046 2038 vestium
3073 1973 3411 2041 varietatem.

1836 2065 1990 2133 Quod
2017 2075 2194 2123 autem
2227 2072 2424 2126 dicitur
2454 2091 2466 2124 :
2523 2093 2539 2124 ι
2576 2073 2643 2127 Et
2671 2075 2810 2144 quod
2852 2092 3092 2146 grassum
3125 2087 3241 2132 erat
3267 2081 3413 2134 occi-

1837 2161 2077 2233 dcbatis_,
2117 2181 2134 2214 ι
2175 2163 2241 2218 de
2285 2164 2540 2221 divitibus
2586 2168 2766 2236 populi
2802 2167 3064 2239 loquitur,
3113 2187 3246 2243 quos
3290 2174 3412 2226 mali

1837 2253 2105 2322 principes
2143 2254 2196 2308 in
2223 2256 2468 2311 ecclesiis
2495 2255 2747 2329 iugulare
2795 2248 3133 2332 narrantur,‘
3162 2263 3287 2317 dum
3334 2266 3414 2318 eis

1827 2343 2148 2411 przedicant,
2187 2354 2242 2400 et
2278 2345 2406 2424 vitia
2429 2361 2614 2402 eorum
2643 2346 2926 2420 increpare
2953 2366 3058 2406 non
3087 2352 3282 2406 audent
3308 2369 3320 2416 ;
3350 2354 3415 2407 de

1836 2434 2032 2503 quibus
2057 2443 2112 2490 et
2130 2437 2387 2506 propheta
2419 2437 2583 2493 dicit:
2621 2457 2639 2489 ι
2662 2439 2901 2510 'f'opnlus
2921 2455 3092 2505 meus,
3121 2443 3208 2512 qui
3231 2444 3416 2499 beatos

1819 2536 1932 2578 vos
1960 2522 2163 2589 dicunt,
2194 2525 2456 2580 seducunt
2480 2541 2594 2591 vos,
2621 2533 2679 2582 et
2721 2530 2966 2600 semitam
2996 2532 3187 2601 pedum
3219 2546 3415 2588 vesti-c—

1825 2628 1956 2667 -rum
1988 2615 2333 2686 supplantant
2370 2616 2515 2689 (Isa.
2551 2617 2658 2691 ιιι).
2699 2638 2714 2670 ι
2775 2619 2849 2674 De
2878 2622 3071 2690 quibus
3098 2633 3150 2677 ct
3189 2623 3416 2679 Jacobtts

1825 2703 2071 2772 <loquitur
2099 2705 2304 2777 (Iacob.
2337 2705 2404 2779 ιι)
2439 2726 2450 2762 :
2505 2707 2656 2775 Quod
2686 2727 2806 2765 cum
2845 2711 3067 2783 ingressi
3117 2712 3316 2770 fuerint
3349 2719 3411 2771 ad

1828 2809 1930 2851 eos
1950 2797 2200 2866 pretiosis
2217 2798 2533 2854 circumdati
2556 2802 2792 2858 vestibus
2813 2814 2865 2858 et
2891 2806 3087 2860 annulo
3112 2824 3294 2872 aureo,
3326 2810 3413 2863 ho-

1838 2897 2097 2944 norantur
2127 2891 2194 2945 ab
2228 2893 2325 2946 eis.
2349 2891 2427 2946 -Ει
2461 2893 2659 2947 sanet-is
2694 2883 3014 2965 pauperibus
3056 2899 3251 2954 dicitur
3284 2920 3296 2954 :
3335 2902 3409 2954 'l‘n

1836 2993 1964 3034 vero
1988 2982 2114 3036 sede
2138 2980 2189 3034 in
2213 2982 2463 3048 scabello,
2489 2984 2601 3037 sive
2624 2983 2675 3037 in
2703 2995 2863 3052 terra,
2899 2999 2987 3042 aut
3015 2984 3116 3043 ista.
3151 2991 3238 3044 lsti
3267 2995 3406 3062 quod

1837 3068 2109 3126 intirmum
2148 3084 2262 3136 est,
2305 3087 2412 3129 non
2447 3076 2751 3131 confortant
2787 3080 2899 3132 sive
2935 3083 3307 3147 consolidant;
3360 3096 3411 3137 ct

1836 3158 2037 3215 Paulus
2059 3161 2293 3230 loquitur
2322 3180 2334 3216 :
2365 3181 2384 3212 ι
2421 3163 2686 3237 Suscipite
2718 3167 2959 3224 inﬁrmos
2987 3170 3036 3240 (1
3072 3171 3245 3225 Thess.
3279 3152 3359 3243 vi;
3391 3197 3405 3226 ι

1761 3223 1803 3282 C
1835 3259 1931 3308 et:
1980 3269 1996 3300 ι
2035 3250 2312 3306 Intirmum
2345 3255 2397 3308 in
2440 3254 2542 3310 lide
2583 3258 2839 3311 assuntite
2877 3258 3047 3324 (llam.
3083 3262 3214 3330 xlv).
3252 3281 3269 3313 ›
3309 3263 3409 3316 Et:

1839 3359 1856 3391 ‹
1898 3340 2040 3395 Multi
2072 3343 2211 3406 inter
2233 3360 2325 3398 vos
2355 3345 2548 3400 inﬁrmi
2577 3355 2632 3401 et
2661 3360 2981 3419 aegrotantes
3012 3351 3062 3421 (I
3099 3351 3220 3406 Cor.
3257 3355 3352 3424 x1).
3389 3374 3404 3404 ι

1830 3430 1910 3482 Ad
1931 3447 2063 3500 quos
2095 3433 2322 3488 mittitur
2353 3450 2530 3492 sermo
2557 3437 2788 3503 divinus,
2823 3439 2887 3494 (le
2917 3456 3021 3509 quo
3044 3443 3306 3512 scriptum
3333 3456 3414 3498 est

1822 3521 1887 3573 in
1919 3521 2146 3576 Psalmis
2179 3544 2188 3575 :
2229 3543 2250 3574 τ
2281 3525 2420 3582 illisit
2449 3527 2678 3583 verbum
2705 3545 2859 3584 suum
2893 3541 2946 3586 et
2981 3535 3190 3587 sanavit
3216 3551 3328 3600 eos,
3363 3554 3412 3590 ut

1832 3612 2029 3681 eripuit
2066 3629 2157 3668 eos
2205 3615 2271 3668 de
2322 3618 2754 3687 corruptiunibus
2804 3637 2986 3676 eorum
3018 3620 3185 3693 (Psal.
3221 3626 3348 3696 cvi).
3389 3647 3404 3676 ›

1839 3721 1858 3752 ι
1890 3703 1957 3758 Ει
1980 3705 2120 3773 quod
2141 3705 2365 3760 fractth
2389 3719 2486 3771 est,
2519 3709 2613 3774 ait,
2638 3726 2740 3765 non
2763 3711 3001 3783 alligant,
3031 3734 3049 3765 ›
3073 3731 3406 3786 nequaquam

1836 3793 2076 3848 mortalia
2109 3795 2162 3848 in
2197 3796 2401 3866 populis
2423 3798 2823 3857 considerantes
2845 3803 3085 3871 vulnera,
3114 3807 3286 3875 qualis
3326 3820 3408 3864 est

1833 3881 2062 3949 adulter,
2089 3885 2377 3950 homicida,
2403 3889 2728 3958 sacrilegus;
2763 3902 2815 3946 et
2840 3896 2980 3960 quod
3007 3894 3269 3964 abjectum
3302 3910 3403 3960 est,

1832 3974 1946 4028 sive
1971 3975 2112 4043 quod
2148 3990 2333 4031 errare
2372 3978 2604 4036 viderint
2629 3997 2733 4036 non
2767 3985 3046 4052 reducunt,
3098 3993 3406 4058 permitten-

1834 4074 1915 4118 tes
1941 4059 2034 4119 eos
2083 4066 2150 4120 ab
2188 4067 2454 4124 haereticis
2484 4072 2676 4142 decipi.
2724 4074 2786 4128 Et
2836 4079 2974 4146 quod
3031 4083 3252 4149 perierit
3299 4100 3403 4138 non

1829 4154 2130 4223 requirunt,
2158 4173 2260 4212 non
2288 4166 2393 4212 tam
2416 4161 2653 4229 perditos
2683 4165 2890 4220 salvare
2918 4169 3214 4237 cupientes,
3246 4189 3403 4240 quam

1832 4259 1945 4309 eos,
1975 4245 2065 4314 qui
2093 4247 2292 4301 suntin
2315 4248 2555 4304 ecclesiis
2593 4251 2873 4317 devorare,
2905 4257 2997 4310 sed
3025 4273 3145 4312 cum
3175 4263 3406 4314 austeri-

1836 4341 1941 4386 tate
1970 4335 2296 4403 impcrantes
2331 4338 2410 4392 eis
2438 4347 2491 4393 et
2527 4355 2648 4394 cum
2699 4346 2958 4412 potentia.
3011 4347 3161 4414 Quod
3191 4353 3406 4419 proprie

1833 4421 1898 4474 ad
1921 4423 2261 4491 supercilium
2302 4427 2672 4497 episcoporum
2705 4433 2934 4499 pertinet
2964 4455 2975 4488 :
3009 4453 3194 4492 eorum
3224 4441 3407 4495 videli-

1835 4522 1921 4566 cet
1953 4513 2044 4582 qui
2080 4515 2332 4584 operibus
2357 4518 2678 4574 dedecorant
2725 4524 2956 4579 nominis
2985 4528 3316 4597 dignitatem,
3351 4543 3405 4587 ct

1835 4617 1932 4672 pro
1961 4604 2256 4659 humilitate
2285 4607 2572 4663 adsumunt
2601 4614 2925 4680 superbiam,
2960 4625 3017 4674 ut
3059 4618 3316 4674 honorem
3347 4640 3404 4677 se

1835 4702 2021 4762 putent
2047 4706 2380 4762 consecutos,
2423 4715 2528 4754 non
2557 4716 2712 4772 onus,
2753 4713 2805 4760 et
2836 4721 3181 4780 quoscunque
3217 4712 3268 4766 in
3310 4729 3401 4769 ec-

1835 4784 1996 4838 clesia
2034 4786 2265 4841 viderint
2309 4802 2703 4862 pratponentes,
2739 4805 2794 4854 et
2834 4797 2925 4858 Dei
2971 4800 3169 4856 habere
3203 4821 3404 4860 sermo‘

1835 4889 1981 4940 nem,
2038 4877 2343 4946 opprimere
2393 4880 2654 4946 nituntur.
2708 4884 2856 4940 Unde
2901 4887 3050 4954 juxta
3083 4879 3231 4946 Ι.Χῖ
3268 4896 3399 4950 scri-

1833 4976 1982 5036 ptum
2014 4976 2136 5021 est:
2175 4986 2192 5018 ‹
2226 4969 2290 5035 Et
2313 4971 2455 5038 quod
2485 4971 2621 5038 forte
2647 4984 2764 5028 erat
2794 4977 3124 5048 adﬂigebatis
3146 4983 3344 5039 labore.
3380 5008 3396 5038 υ

1837 5059 1901 5113 Et
1947 5048 2223 5130 dispersus
2251 5073 2333 5117 est
2363 5065 2591 5133 populus
2639 5067 2730 5121 Dei
2760 5071 2844 5122 vel
2881 5072 3026 5126 vitiis
3051 5115 3064 5137 ,
3098 5075 3181 5128 vel
3219 5092 3401 5132 errore

1836 5151 2090 5214 hzeretico
2119 5170 2131 5204 :
2167 5169 2230 5206 eo
2259 5155 2400 5222 quod
2430 5171 2535 5210 non
2580 5166 2720 5211 esset
2748 5169 2934 5227 pastor
2962 5163 3153 5230 bonus,
3188 5167 3277 5236 qui
3309 5184 3394 5236 po-

1836 5254 1987 5303 neret
2029 5248 2260 5301 animam
2291 5263 2442 5302 suam
2487 5266 2586 5319 pro
2622 5252 2812 5308 ovibus
2851 5252 3030 5324 (loqu,
3065 5255 3135 5327 ιι),
3170 5257 3261 5314 sed
3288 5274 3400 5313 om-

1838 5351 1934 5390 nes
1962 5338 2299 5406 mercenarii,
2329 5340 2418 5407 qui
2443 5339 2587 5394 lucra
2629 5349 2836 5407 tantum
2858 5345 2922 5398 de
2953 5347 3198 5415 gregibus
3227 5350 3398 5402 consi-

1836 5429 2042 5482 derant.
2093 5427 2157 5486 Et
2197 5444 2319 5483 cum
2349 5429 2528 5499 lupum
2573 5433 2824 5499 viderint,
2874 5434 3121 5505 fugiunt:
3172 5453 3395 5507 quorum

1837 5519 2153 5590 negligentia
2193 5536 2322 5590 grex
2370 5522 2579 5578 Domini
2625 5527 2912 5580 devoratur
2957 5544 2987 5582 a
3035 5529 3220 5584 bestiis
3261 5533 3394 5602 agri.

1836 5610 1909 5664 Dc
1942 5609 2132 5681 quibus
2163 5611 2416 5680 scriptum
2461 5621 2540 5667 est
2569 5633 2580 5667 :
2624 5635 2641 5665 ι
2675 5614 2906 5671 Posuisti
2939 5619 3202 5684 tenebras,
3232 5630 3285 5674 et
3314 5621 3392 5674 l'a—

1833 5709 1917 5753 cta
1948 5705 2029 5755 est
2051 5713 2176 5762 nox,
2203 5699 2255 5750 in
2282 5698 2392 5768 ipsa
2409 5704 2806 5770 pertransibunt
2833 5719 3018 5770 omnes
3043 5707 3221 5762 bestiis
3241 5710 3352 5780 agri
3381 5729 3392 5763 :

1836 5789 1996 5843 catuli
2047 5788 2257 5844 leonum
2311 5791 2580 5862 rugientes
2628 5803 2686 5848 ut
2738 5795 2968 5865 capiant,
3002 5805 3055 5850 ct
3089 5810 3331 5866 quaerant
3366 5819 3395 5855 ιι

2929 5890 3006 5947 27
