3936 6364
446 451 550 508 843

449 569 558 624 Deo
587 574 770 621 escam
821 554 925 613 sibi
963 547 1134 624 (Psal.
1177 543 1316 616 ctu).
1356 562 1374 595 ι
1416 560 1433 593 ι
1465 537 1573 594 Vos
1598 542 1799 597 autem,

447 675 570 718 cum
597 653 912 711 austeritate
949 618 1298 714 imperabatis
1323 633 1404 689 eis
1421 672 1435 696 ,
1477 637 1679 685 etcum
1703 618 1967 693 potentia.
2009 635 2027 669 ›

445 786 516 797 —-
548 746 751 826 (Greg.)
792 743 928 799 Cum
971 708 1288 793 austeritate
1338 726 1482 782 enim
1527 728 1583 775 et
1626 730 1750 773 cum
1793 708 2033 783 potentia

549 799 748 826 \""6I’I

421 849 736 920 imperant,
784 836 874 909 qui
903 829 1145 890 subditos
1181 837 1309 880 suos
1349 832 1455 873 non
1485 807 1771 878 tranquille
1816 799 2035 858 ratioci-

1390 909 1401 920 ·
1449 906 1477 920 ¹·
1719 891 2035 920 μυξη-...ιη

792 891 818 909 τ

450 938 629 995 nando
673 930 967 1000 corrigere,
1023 920 1120 976 sed
1155 928 1346 986 aspere
1390 906 1664 964 inflectere
1713 891 2040 954 dominando

678 980 759 990 ν--
779 980 882 1000 ηυγ
955 980 965 988 ,
1220 980 1236 986 _

451 1029 725 1086 festinant.
756 1019 827 1074 At
859 1023 1046 1072 contra
1070 1023 1196 1065 vera
1219 1000 1464 1060 doctrina
1495 1001 1644 1049 tanto
1665 980 2041 1044 vehementius

452 1124 554 1176 hoc
583 1111 832 1174 elationis
875 1106 1067 1162 vitium
1113 1115 1212 1172 per
1243 1090 1625 1165 cogitationem
1657 1080 1808 1151 fugit,
1840 1080 2042 1146 quanto

453 1205 732 1265 ardentius
783 1197 1076 1255 verborum
1132 1199 1353 1245 suorum
1399 1175 1594 1251 jaeulis
1644 1172 1820 1240 ipsum
1874 1160 2044 1232 magi-

453 1312 626 1358 strum
649 1291 900 1352 elationis
937 1281 1262 1354 insequitur.
1295 1272 1465 1328 Cavet
1503 1263 1648 1320 enim
1674 1274 1739 1314 ne
1763 1268 1888 1312 eum
1930 1266 2046 1307 ma-

454 1393 536 1463 gis
573 1387 732 1444 elatis
755 1379 998 1438 moribus
1030 1369 1320 1446 praedicet,
1350 1373 1512 1431 quem
1555 1355 1611 1410 in
1636 1349 1797 1407 corde
1829 1344 2046 1401 audien-

1099 1459 1128 1463 --
1283 1454 1293 1463 ·
1435 1457 1446 1463 -
1493 1455 1504 1463 -
1531 1459 1576 1463 μμ
1675 1435 2043 1463 ιι...-.;ιιιη.η.η

457 1435 536 1463 om
576 1435 729 1444 ν--η-
1032 1435 1048 1446 .

457 1483 590 1536 tium
651 1472 821 1529 sacris
875 1459 1218 1522 sermonibus
1283 1454 1598 1507 insectatur.
1675 1435 2045 1494 Humilitatem

454 1581 708 1637 namque,
749 1575 869 1633 qua:
893 1555 1154 1625 magistra
1186 1547 1271 1603 est
1292 1539 1532 1598 omnium
1577 1540 1858 1599 materque
1883 1526 2048 1580 virtu-

460 1676 594 1726 tum,
621 1668 675 1714 et.
703 1649 1002 1724 eloquendo
1025 1646 1223 1705 dicere,
1249 1644 1303 1692 et
1321 1629 1554 1688 vivendo
1572 1632 1842 1687 conantur
1869 1627 2051 1674 osten-

458 1762 605 1821 dere,
635 1762 696 1810 ut
722 1765 841 1807 eam
883 1743 1026 1815 apud
1051 1732 1341 1806 discipulos
1367 1723 1614 1782 veritatis
1657 1720 1777 1791 plus
1811 1714 2053 1772 moribus

457 1866 622 1923 quain
648 1840 987 1902 sermonibus
1012 1832 1357 1901 cloquantur.
1381 1818 1535 1876 Unde
1550 1812 1748 1870 Paulus
1769 1803 2054 1864 Thessalo-

1225 1919 1236 1923 ‘
1340 1915 1354 1923 ·
1420 1913 1430 1923 ·
1478 1911 1489 1923 ⁸
1662 1904 1745 1923 ληεε
1783 1897 2017 1923 ρ---ιηιη

1083 433 1152 488 ll.
1187 423 1439 485 MBAN]
1479 372 1698 478 MAUlll
1741 407 2059 470 ARCIIIEP.
2101 401 2410 460 MOGUNT.
2453 394 2740 458 OPERUM
2778 392 2964 451 PARS
3002 392 3064 448 ll.

1833 525 2026 597 inquit,
2059 531 2106 588 Α
2134 535 2281 577 mum
2327 512 2744 587 cogitatwnibus
2773 505 3046 566 humiliari
3074 519 3170 561 cor
3196 503 3379 570 debet,
3405 511 3462 558 et
3495 511 3626 557 tunc
3649 500 3749 556 de-

3632 380 3746 442 8M

2136 623 2281 667 mum
2313 603 2740 675 delinquentium
2782 599 3096 668 iniquitates
3133 593 3425 664 increpari.
3459 589 3745 662 (Ιιὲεινοη.)

2136 702 2203 757 Ει
2242 701 2624 769 disperguntur
2663 701 2720 749 et
2759 697 2946 747 errant
2994 689 3045 742 in
3081 685 3290 743 cunctis
3327 683 3599 739 montibus
3646 679 3746 751 qui

2147 796 2418 850 :levantur
2444 795 2631 844 contra
2670 781 2950 840 scientiam
2985 779 3109 844 Dei,
3143 786 3199 833 et
3228 776 3282 831 in
3311 775 3566 829 universo
3593 769 3760 832 calle.

2149 883 2354 941 JXCCISO
2405 899 2418 934 :
2464 879 2555 949 qui
2601 892 2697 948 per
2736 873 3045 929 ltmreticant
3097 868 3400 939 superbiam
3423 906 3437 931 ,
3479 862 3759 919 ecclesia-—

2140 977 2331 1032 stieam
2382 969 2686 1040 despiciunt
2734 964 3156 1034 simplicitatem.
3200 959 3265 1014 Et
3313 971 3474 1027 super
3514 966 3750 1009 omnem

2145 1068 2337 1123 facient
2391 1073 2549 1119 terra:
2593 1060 3019 1128 disperguntur:
3071 1060 3284 1106 terrena
3330 1061 3435 1102 non
3487 1041 3746 1100 caelestia

2145 1161 2506 1233 requirentes.
2552 1155 2621 1210 Et
2662 1169 2770 1208 non
2826 1157 2963 1214 erat,
2998 1147 3090 1216 qui
3137 1144 3472 1214 requireret,
3514 1154 3616 1194 nec
3646 1138 3746 1208 qui

2147 1255 2470 1309 reduceret:
2516 1247 2643 1316 quia
2675 1241 2883 1299 deliciis
2931 1235 3204 1306 occupati,
3255 1233 3433 1304 gregis
3470 1228 3757 1286 Dominici

2147 1346 2346 1400 damna
2371 1357 2477 1396 non
2517 1344 2732 1394 curant.
2778 1333 2928 1389 Unde
2973 1331 3040 1384 ad
3087 1326 3260 1381 malos
3287 1333 3530 1395 pastores
3558 1332 3759 1376 sermo

2149 1436 2211 1491 fit
2237 1433 2473 1497 Domini,
2495 1429 2623 1500 quia
2663 1428 2766 1481 ista
2791 1431 2846 1478 ct
2875 1422 2975 1476 ista
3020 1417 3248 1480 fecistis,
3280 1429 3399 1485 qua:
3443 1426 3602 1482 supra
3639 1407 3751 1464 ex-

2150 1528 2329 1601 posui,
2355 1536 2412 1582 ct
2441 1539 2562 1595 qua:
2607 1517 2843 1576 secundo
2872 1519 3174 1571 enumerat.
3215 1507 3508 1577 Sequitur:
3547 1524 3564 1555 ι
3600 1503 3762 1558 Ecce

2152 1635 2254 1694 ego
2282 1620 2405 1689 ipse
2449 1615 2518 1670 ad
2562 1619 2811 1685 pastores
2842 1605 3056 1662 veniam
3104 1609 3159 1656 et
3209 1599 3480 1669 requiram
3523 1603 3759 1666 gregem

2155 1726 2334 1768 meum
2393 1708 2459 1764 de
2497 1719 2660 1761 manu
2689 1715 2914 1764 eorum,
2951 1717 2970 1748 ι
3019 1693 3216 1766 quibus
3257 1689 3475 1761 expedit
3504 1696 3563 1741 ut
3605 1685 3768 1740 mola

2158 1802 2394 1860 asinaria
2460 1798 2710 1867 alligetur
2764 1791 2831 1846 ad
2874 1787 3073 1845 collum
3124 1798 3284 1854 quam
3347 1790 3409 1836 ut
3460 1779 3759 1834 minimum

460 1868 622 1923 quam
648 1868 987 1902 SL‘l'lllUllluua
1012 1868 1357 1901 UIUI‘uull'v-u-
1389 1868 1528 1876 --__-
1552 1868 1570 1870 ἡ

460 1941 771 2002 niccnsibus
795 1935 1053 2003 loquens,
1085 1919 1241 1995 quasi
1272 1911 1522 1973 culminis
1546 1904 1749 1978 proprii
1781 1897 2051 1971 apostola-
2083 1881 2131 1942 B
2160 1893 2529 1954 scandalizent
2571 1888 2636 1944 de
2665 1883 2860 1956 ρορυιο
2883 1895 3004 1935 meo
3046 1874 3263 1950 (Μαηιι.
3309 1869 3487 1942 xw").
3537 1869 3603 1924 Et
3633 1868 3763 1921 [me

1873 1991 1902 2003 "
2011 2001 2023 2003 -
2389 2002 2392 2003 ν
2439 2000 2467 2003 μ
2500 1965 2653 2003 ---ζ-
2687 1978 2770 2003 -..ιι
2797 1975 3027 2003 manu...
3092 1989 3110 2003 .
3143 1976 3197 2003 nr
3227 1967 3364 2003 ιιιιι-ιι
3399 1979 3500 2003 nnn
3521 1963 3763 2003 nncrnnl

461 2037 560 2091 tus
589 2030 809 2091 oblitus,
836 2024 912 2078 ait
941 2039 955 2072 ι
1010 1991 1165 2072 Facti
1211 2020 1399 2066 sumus
1423 1999 1630 2074 parvuli
1677 1996 1732 2051 in
1763 1991 1941 2050 medio
1965 2001 2057 2046 ve-

461 2080 908 2192 διιῖιιιιιῖίῇιεες.
937 2110 997 2182 ιι)
1023 2129 1040 2160 ι
1078 2103 1231 2162 Unde
1253 2099 1446 2153 Petrus
1469 2087 1741 2162 apostolus
1761 2097 1883 2139 cum
1914 2080 2060 2136 diec-

464 2226 588 2273 ret:
638 2171 669 2264 ιΧ
690 2182 873 2264 Parati
915 2171 1129 2268 semper
1159 2191 1227 2246 ad
1280 2181 1707 2243 satisfactionem
1743 2171 1931 2228 :omni
1958 2182 2058 2239 p0-

465 2301 640 2363 scenti
697 2312 793 2353 nos
821 2291 1089 2348 rationem
1123 2284 1190 2339 de
1227 2294 1291 2334 ea
1319 2289 1443 2347 quae
1492 2271 1546 2327 in
1584 2266 1738 2323 vobis
1764 2271 1849 2318 est
1884 2273 1978 2331 spe
2007 2255 2058 2324 (I

470 2394 597 2448 Pctr
641 2387 726 2459 tn)
749 2426 764 2452 ,
800 2404 818 2437 ι
856 2382 910 2437 in
939 2379 1055 2448 ipsa
1085 2369 1345 2429 doctrina:
1369 2360 1598 2420 scientia
1627 2354 1944 2428 qualitatem
1971 2349 2065 2404 do-

466 2481 625 2541 cendi
651 2473 1026 2533 asseruitesse
1053 2457 1396 2540 servandam,
1424 2449 1697 2508 subdens:
1738 2462 1757 2495 ι
1800 2440 1908 2496 Sed
1941 2450 2064 2493 cum

471 2571 736 2634 modestia
768 2575 824 2623 et
849 2565 1042 2619 timore
1065 2534 1452 2611 conscientiam
1483 2541 1744 2598 habentes
1785 2534 2005 2588 bonam.
2041 2546 2060 2580 ι

467 2668 585 2725 lloc
605 2672 786 2719 autem
809 2655 953 2728 quod
975 2643 1238 2716 discipulo
1267 2637 1463 2695 Paulus
1485 2634 1561 2688 ait
1587 2647 1603 2684 :
1642 2647 1661 2680 ι
1694 2625 1932 2692 Praecipe
1951 2621 2066 2675 lucc

471 2768 525 2816 et
550 2751 681 2814 doce
715 2766 838 2809 cum
866 2744 1014 2801 omni
1047 2735 1272 2809 imperio
1305 2730 1433 2805 (Tit.
1485 2725 1547 2797 ιι)
1575 2741 1590 2790 ;
1626 2742 1644 2776 ι
1690 2735 1797 2775 ιιοιι
1827 2714 2072 2771 domina-

475 2856 673 2908 tionem
701 2840 972 2916 potentiae,
995 2833 1091 2889 sed
1113 2825 1493 2885 auctoritatem
1518 2815 1708 2872 suadet
1725 2810 1867 2864 vitae.
1899 2824 1917 2857 ι
1938 2803 2073 2860 Cum

478 2903 717 3014 imperio.
739 2957 757 2988 ι
801 2913 998 3004 quippe
1026 2925 1265 2981 docetur,
1299 2912 1442 2986 quod
1481 2909 1633 2982 prius
1669 2903 1865 2975 agitur,
1913 2909 2074 2967 quam

1290 3009 1303 3014 ³
1415 3006 1428 3014 ³
1456 3005 1487 3014 ’ν
1539 3001 1565 3014 ’³
1593 3001 1604 3014 ⁸
1681 2999 1690 3008 “
1738 3011 1780 3014 ν--
1865 2988 2072 3014 ---.-..,ν1Λ

478 2988 696 3014 ἠτ---ν
819 2988 837 3004 ι
896 2988 949 3001 ι.

477 3040 689 3093 dicatur
720 3049 733 3084 :
776 3039 903 3083 nam
935 3017 1192 3076 doctrina:
1226 3005 1498 3065 subtrahit
1535 2999 1810 3068 fiduciam,
1860 2988 2074 3063 quando

479 3117 810 3185 conscientia
858 3110 1116 3187 pra‘pedit
1161 3107 1420 3174 linguam.
1460 3095 1577 3151 Non
1603 3105 1733 3162 ergo
1759 3087 1808 3143 ei
1838 3091 2078 3156 potesta-

483 3235 589 3277 tem
637 3216 790 3272 elatae
817 3201 1130 3264 locutionis,
1177 3195 1270 3251 sed
1301 3195 1455 3248 bona:
1496 3184 1749 3240 fiduciam
1782 3173 2078 3232 insinuavit

481 3308 730 3368 actionis.
796 3299 946 3356 Unde
1002 3293 1166 3348 etiam
1222 3286 1288 3339 de
1342 3277 1570 3336 Domino
1637 3271 1899 3339 scriptum
1947 3271 2070 3318 cst:

487 3426 504 3456 ι
548 3403 688 3458 Erat
705 3395 848 3452 enint
892 3370 1112 3448 docens,
1157 3381 1298 3436 sicut
1343 3376 1667 3445 potestatem
1697 3362 1927 3422 habens,
1966 3369 2074 3408 non

483 3502 628 3553 sicut
658 3448 863 3550 Scriba:
889 3492 944 3537 et
971 3473 1230 3533 Pharisaei
1255 3466 1464 3542 (Matth.
1495 3459 1615 3530 vn).
1655 3477 1674 3510 ι
1719 3448 2083 3523 Singulariter

487 3599 719 3655 tunnque
746 3589 800 3636 et
833 3568 1206 3649 principaliter
1233 3539 1380 3617 solus
1405 3572 1470 3612 ex
1523 3555 1792 3626 potestate
1830 3545 1969 3599 bona
2001 3539 2081 3594 lo-

514 3692 648 3736 eutus
693 3682 796 3738 est,
825 3669 950 3741 quia
980 3680 1048 3720 ex
1077 3655 1391 3715 infirmitate
1419 3647 1560 3706 mala
1586 3641 1730 3699 nulla
1777 3633 2081 3693 commisit:

489 3791 555 3829 ex
589 3724 886 3825 divinitatis
915 3757 1111 3829 quippe
1140 3745 1380 3821 potentia
1419 3737 1627 3801 habuit,
1669 3734 1721 3788 id
1757 3727 1900 3801 quod
1931 3724 2088 3780 nobis

492 3879 590 3937 per
620 3851 972 3916 humanitatis
1027 3859 1138 3902 sua:
1181 3833 1544 3895 innocentiam
1595 3820 1942 3881 ministravit.
1978 3815 2089 3871 Nos

1181 3933 1190 3937 ‘
1583 3931 1694 3937 —---~-
1745 3914 1806 3937 ιιι-
1836 3911 1945 3937 non
1987 3907 2085 3937 ιιη-

496 3907 579 3937 νυ.

496 3957 639 4011 etim
673 3950 763 4021 qui
798 3942 997 4000 infirmi
1045 3933 1297 3992 homines
1325 3937 1541 3985 sumus,
1576 3931 1698 3973 cum
1741 3914 1808 3967 de
1836 3911 1946 3964 Deo
1987 3907 2085 3960 ho-

499 4049 736 4108 minibus
787 4039 1099 4111 loquimur,
1177 4027 1439 4081 debemus
1492 4016 1727 4086 primum
1783 4003 2092 4061 meminisse

501 4139 644 4212 quod
659 4147 869 4198 sumus,
889 4137 950 4184 ut
975 4141 1038 4181 ex
1071 4118 1287 4193 propria
1311 4109 1629 4170 inﬁrmitate
1649 4112 1960 4174 pensemus,
1988 4105 2094 4163 quo

1262 4208 1279 4212 _
1397 4205 1425 4212 __
1957 4187 2066 4212 pm

504 4187 773 4212 Ὶ“·ν“--ν-η
857 4187 869 4198 ι
1071 4187 1086 4193 -
1172 4187 1187 4190 -

504 4230 730 4291 docendi
767 4224 956 4282 ordine
988 4214 1219 4274 infirmis
1256 4205 1514 4263 fratribus
1542 4194 1908 4255 consulamus.
1957 4187 2099 4242 Con-

506 4327 806 4382 sidcremus
834 4316 1014 4387 igitur,
1051 4307 1179 4378 quia
1219 4309 1312 4357 aut
1347 4297 1483 4353 tales
1512 4304 1699 4349 sumus
1748 4283 1936 4356 quales
1965 4294 2099 4333 non-

513 4417 686 4472 nullos
713 4407 1062 4477 corrigimus,
1091 4406 1185 4453 aut
1213 4394 1348 4449 tales
1381 4382 1670 4457 aliquando
1697 4379 1919 4440 fuimus,
1965 4382 2021 4428 et
2055 4371 2100 4425 si

506 4511 618 4579 jam
648 4507 829 4560 divina
883 4496 1056 4570 gratia
1100 4493 1362 4560 operante
1412 4497 1518 4536 non
1575 4487 1800 4530 sumus:
1844 4476 1904 4522 ut
1948 4471 2101 4520 tanto

516 4594 900 4670 temper-nntius
927 4585 1087 4644 corde
1114 4577 1306 4637 humili
1335 4571 1701 4641 corrigamus,
1748 4565 1952 4630 quanto
1979 4569 2101 4610 nos—
2126 4587 2179 4648 Ι)

517 4694 778 4762 metipsos
811 4683 994 4740 verius
1020 4679 1073 4733 in
1095 4675 1180 4731 his
1201 4684 1338 4742 quos
1361 4663 1709 4722 emendamus
1736 4650 2100 4724 agnoscimus.

1469 4756 1489 4762 ⁸
1524 4755 1536 4762 ⁸
1832 4745 1846 4762 Ι
1862 4760 1874 4762 -
1889 4759 1906 4762 Α
1934 4758 1953 4762 -
1972 4740 2031 4762 λι.
2043 4753 2100 4762 .-..

519 4740 771 4762 ...μνη
1219 4740 1234 4742 ἡ

518 4791 576 4845 Si
607 4794 788 4841 autem
816 4777 952 4833 tales
979 4785 1076 4827 nec
1099 4779 1314 4828 sumus,
1334 4773 1434 4814 nec
1464 4755 1663 4810 fuimus
1684 4790 1698 4815 ,
1724 4745 1912 4817 quales
1931 4740 2108 4796 adhuc

521 4879 595 4935 illi
625 4881 750 4931 sunt
795 4881 930 4938 quos
969 4857 1261 4918 emendare
1305 4848 1574 4920 cupimus,
1624 4856 1692 4897 ne
1719 4855 1813 4896 cor
1862 4847 2106 4893 nostrum

524 4976 660 5030 forte
697 4960 1013 5035 superbiat,
1064 4959 1119 5007 et
1156 4949 1222 5005 de
1275 4946 1392 5016 ipsa
1434 4935 1739 4995 innocentia
1784 4929 1938 5004 pejus
1965 4933 2110 4991 ruat,

525 5075 754 5135 quorum
801 5051 940 5109 mala
987 5041 1344 5112 corripimus,
1397 5033 1502 5088 alia
1545 5040 1734 5084 eorum
1778 5024 1922 5078 bona
1955 5017 2111 5074 nobis

1301 5128 1331 5135 ”“
1499 5122 1511 5133 ’
1623 5117 1767 5135 τεά-
1802 5110 1943 5135 ..ηιιη
1978 5107 2084 5135 μιν..

528 5107 754 5135 ’νιν-ω·-
1134 5107 1148 5112 -

528 5165 654 5211 ante
689 5146 876 5204 oculos
906 5147 1241 5196 revocemus.
1294 5128 1424 5194 Qua:
1469 5122 1514 5176 si
1551 5117 1772 5175 omnino
1802 5110 1947 5166 nulla
1977 5107 2106 5172 sint,

529 5249 596 5304 ad
647 5239 858 5299 occulta
904 5231 999 5287 Dei
1040 5224 1240 5296 judicia
1273 5226 1636 5275 recurremus,
1668 5207 1793 5277 quia
1843 5203 1983 5258 sicut
2013 5214 2111 5253 nos

532 5337 690 5394 nullis
708 5327 934 5390 meritis,
963 5323 1068 5378 hoc
1093 5318 1270 5387 ipsum
1290 5312 1492 5366 bonum
1515 5301 1658 5373 quod
1671 5298 1942 5354 habemus
1960 5304 2114 5346 acce-

535 5434 713 5504 pimus
751 5441 766 5479 :
798 5425 870 5476 ita
908 5418 1026 5474 illos
1053 5421 1268 5482 quoque
1310 5410 1487 5474 potest
1513 5394 1683 5468 gratia
1735 5399 1981 5459 supernae
2006 5381 2115 5434 vir-

539 5479 709 5504 l""""
1073 5479 1088 5482 _

539 5525 667 5582 tutis
693 5514 1000 5576 infundere,
1027 5517 1087 5561 ut
1110 5497 1326 5558 excitati
1349 5490 1619 5565 posterius
1643 5485 1806 5541 etiam
1838 5479 1937 5549 ipsi
1985 5490 2112 5546 pos-

538 5617 648 5671 sint
669 5613 828 5670 bona,
852 5614 972 5673 qua:
997 5610 1095 5650 nos
1119 5596 1244 5646 ante
1270 5583 1594 5652 accepimus,
1624 5570 1942 5646 praevenire.
1991 5563 2122 5632 Quis

541 5707 684 5764 enim
713 5674 958 5757 crederet
993 5685 1136 5759 quod
1165 5695 1264 5752 per
1287 5671 1614 5746 apostolatus
1646 5665 1900 5721 meritum
1929 5656 2125 5712 Saulus

541 5794 836 5866 lapidatum
861 5781 1191 5851 Stephanum
1218 5777 1577 5840 prmcessurus
1600 5766 1737 5820 erat,
1759 5753 1851 5824 qui
1875 5753 1928 5806 itt
1955 5757 2126 5802 morte

1576 5850 1591 5866 ‘
1649 5859 1659 5866 -
1691 5848 1712 5866 θ
1742 5845 1830 5866 lli-
1872 5856 1993 5866 ,ηηνη
2020 5838 2098 5866 nn:

547 5901 659 5961 qus
695 5875 1046 5950 lupi-lantiunt
1072 5865 1389 5924 vestimenta
1421 5848 1712 5912 servabat?
1740 5845 1833 5901 llis
1868 5856 1995 5912 ergo
2020 5838 2128 5908 pri-

2161 1990 2476 2046 erit‘corum
2500 1965 2660 2054 pretia
2687 1978 2774 2032 vel
2797 1975 3048 2033 maxima,
3091 1989 3110 2021 ι
3143 1976 3205 2023 ut
3227 1967 3367 2021 ultra
3399 1979 3500 2020 non
3521 1963 3767 2031 pascant

2157 2093 2378 2152 gregem
2410 2071 2587 2130 meum
2614 2088 2628 2137 ;
2671 2084 2739 2123 ne
2763 2068 2862 2122 sub
2888 2062 3172 2120 occasione
3199 2057 3380 2110 ovium
3426 2054 3632 2124 seipsos
3661 2064 3766 2120 pa-

2163 2180 2317 2230 scunt
2348 2177 2404 2223 et
2443 2181 2574 2237 opes
2622 2164 2969 2231 congregem.
3035 2173 3052 2204 ι
3085 2152 3159 2206 Et
3209 2147 3448 2202 liberabo
3493 2141 3764 2214 populum

2163 2278 2342 2322 meum
2369 2261 2435 2316 de
2470 2271 2570 2313 ore
2586 2268 2796 2311 eorum.
2836 2269 2854 2304 ι
2887 2245 3203 2317 Bequiram,
3247 2240 3442 2310 inquit,
3471 2237 3535 2293 de
3563 2250 3766 2299 manu,

2166 2367 2222 2415 et
2245 2354 2488 2413 liberabo
2517 2353 2581 2408 de
2621 2363 2747 2413 ore,
2779 2347 2921 2416 quod
2955 2341 3128 2396 avidis
3161 2336 3420 2392 faucibus
3444 2335 3774 2389 devoratur.

2168 2449 2302 2504 Cum
2334 2454 2513 2501 autem
2541 2435 2851 2509 requisierit
2878 2446 3029 2496 oves,
3060 2428 3246 2484 visitat
3264 2442 3378 2492 eas,
3408 2422 3560 2495 quasi
3584 2435 3773 2493 aegro-

2168 2547 2368 2601 tantes,
2420 2543 2581 2604 atque
2608 2527 2924 2585 macilentas
2948 2564 2964 2590 ,
3015 2531 3072 2576 et
3111 2528 3392 2590 pastorum
3433 2512 3772 2586 negligentia

2171 2632 2479 2700 dissipatas.
2514 2625 2586 2680 Et
2617 2619 2869 2678 liberabit
2901 2616 2968 2672 de
3017 2613 3268 2669 omnibus
3310 2609 3464 2672 locis,
3518 2624 3538 2658 ι
3567 2606 3624 2660 in
3683 2605 3779 2660 die

2173 2694 2332 2780 nubis
2358 2731 2413 2776 et
2439 2714 2707 2786 caliginis,
2744 2731 2762 2764 ι
2798 2711 2862 2766 de
2885 2722 2989 2778 qua
3014 2703 3254 2773 loquitur
3281 2697 3468 2756 etJoel
3494 2715 3508 2752 :
3549 2714 3567 2747 ι
3594 2694 3780 2750 Adest

2175 2815 2290 2871 dies
2329 2784 2569 2874 Domini,
2595 2815 2652 2860 et
2690 2815 2856 2873 prope
2884 2807 2969 2854 est
2999 2795 3114 2852 dies
3144 2793 3498 2874 tenebrarum
3543 2796 3598 2842 et
3631 2784 3782 2840 cali-

2175 2907 2336 2980 ginis,
2369 2904 2483 2958 dies
2510 2899 2670 2956 nubis
2689 2905 2744 2950 et
2767 2891 2977 2949 nebula:
2999 2873 3158 2963 (laet.
3187 2885 3272 2958 ll).
3306 2905 3324 2937 ι
3352 2884 3501 2937 Tunc
3527 2881 3785 2935 educun—

2181 3010 2268 3057 tur
2295 2999 2360 3053 de
2396 2993 2576 3058 terris,
2629 2998 2688 3045 ιιι
2740 2987 3077 3042 adducantur
3109 2981 3163 3036 itt
3195 2988 3394 3034 terram
3423 2988 3594 3036 suam,
3654 2985 3786 3040 qua:

2180 3101 2264 3148 est
2291 3098 2436 3143 terra
2466 3081 2785 3138 viventium.
2830 3077 2898 3131 Et
2943 3075 3058 3146 ipse
3083 3086 3176 3127 eas
3203 3075 3387 3139 pascat
3412 3065 3464 3118 in
3495 3062 3790 3118 montibus

2184 3180 2366 3239 Israel.
2419 3177 2495 3232 De
2547 3173 2742 3246 quibus
2771 3167 3013 3238 loquitur
3040 3161 3248 3218 David:
3306 3177 3324 3209 ι
3361 3155 3556 3212 Levavi
3581 3151 3790 3208 oculos

2182 3289 2332 3329 meos
2379 3271 2448 3325 ad
2475 3274 2704 3328 montes,
2735 3261 2876 3315 unde
2904 3256 3084 3312 veniet
3119 3250 3379 3307 auxilium
3428 3244 3560 3300 mihi
3587 3240 3782 3313 (Paul.

2179 3362 2328 3434 cxx).
2369 3382 2386 3414 ι
2437 3359 2505 3414 Ει
2543 3371 2649 3410 ιιοιι
2678 3352 2850 3408 Solum
2885 3348 2938 3402 in
2971 3343 3274 3404 montibus,
3324 3338 3416 3394 sed
3443 3337 3497 3391 in
3532 3334 3699 3396 rivis,
3732 3342 3790 3386 et

2181 3457 2236 3512 itt
2261 3451 2472 3508 cunctis
2489 3444 2714 3502 sedibus
2742 3450 2918 3502 terrae,
2947 3437 3002 3490 in
3033 3432 3253 3504 pascuis
3286 3425 3590 3489 uberrimis,
3643 3433 3716 3477 et
3737 3421 3790 3474 in

2186 3550 2370 3599 monte
2424 3534 2656 3591 excelso.
2718 3531 2795 3585 De
2834 3542 2941 3598 quo
2972 3523 3161 3580 Esaias
3190 3532 3246 3576 et
3294 3517 3542 3573 Micbaaas
3567 3512 3798 3583 plenius

2187 3633 2571 3692 vaticinantur.
2606 3623 2732 3678 Sive
2761 3621 2814 3674 in
2845 3615 3119 3674 montibus
3147 3609 3378 3668 excelsis
3408 3605 3569 3662 Israel
3595 3604 3678 3658 ibi
3711 3617 3801 3656 re-

2188 3719 2542 3796 quiescentin
2568 3714 2750 3771 herbis
2778 3708 3097 3768 virentibus,
3141 3711 3196 3758 ct
3219 3701 3431 3756 dicent:
3469 3715 3486 3747 ‹
3516 3695 3801 3750 Dominus

2192 3816 2366 3888 pascit
2394 3827 2480 3867 me
2511 3819 2567 3864 et
2607 3802 2740 3860 nihil
2776 3800 2910 3856 ntihi
2958 3796 3167 3859 deerit,
3211 3794 3267 3846 in
3307 3791 3424 3844 loco
3466 3799 3688 3858 pascuae
3722 3785 3798 3838 ibi

2191 3923 2279 3964 me
2340 3899 2660 3959 collocavit:
2719 3907 2880 3963 super
2931 3903 3100 3959 aquas
3162 3879 3472 3939 refcctionis
3530 3875 3804 3932 educavit

2194 4015 2280 4056 me
2310 3992 2483 4068 (Psal.
2521 3987 2682 4059 χχιι).
2723 4005 2741 4038 ι
2778 3984 2844 4038 Et
2875 3984 3170 4051 pascentur
3215 3973 3267 4026 in
3300 3967 3514 4040 pascuis
3542 3965 3802 4035 pinguis-

2195 4091 2347 4147 simis
2393 4099 2554 4156 super
2601 4086 2814 4136 montes
2858 4069 3023 4127 Israel
3057 4086 3069 4121 :
3101 4075 3186 4122 est
3233 4061 3443 4116 infinita
3499 4058 3807 4128 promissio

2197 4194 2427 4252 spesque
2456 4168 2807 4232 beatitudinis
2827 4205 2842 4230 ,
2895 4159 3108 4231 quando
3139 4157 3252 4226 ipse
3280 4151 3538 4208 Dominus
3566 4148 3811 4220 pollice-

2199 4285 2288 4329 tur
2313 4271 2541 4326 diccns:
2575 4283 2592 4316 ι
2629 4261 2740 4332 Ego
2777 4267 3001 4326 pascant
3046 4262 3174 4304 oves
3223 4257 3389 4304 meas,
3424 4261 3442 4294 ι
3478 4250 3532 4295 et
3575 4253 3802 4308 nequa-

2201 4378 2364 4438 quam
2411 4374 2506 4414 eas
2544 4351 2876 4411 committam
2927 4341 3081 4397 malis
3125 4334 3470 4409 pastoribus:
3521 4347 3542 4383 ι
3575 4330 3650 4386 Et
3699 4344 3806 4404 ego

2201 4471 2298 4513 eas
2322 4452 2583 4508 accubare
2613 4443 2832 4504 faciant,
2885 4435 3018 4491 dicit.
3057 4429 3318 4486 Dominus
3347 4427 3509 4486 Deus,
3540 4441 3567 4474 θ
3616 4431 3688 4480 ιιι
3719 4437 3809 4476 re.

2204 4547 2485 4618 quiescant
2528 4539 2583 4592 in
2632 4535 2752 4590 sinu
2794 4527 3091 4586 Abraham,
3123 4521 3273 4575 Isaac
3308 4526 3363 4571 et
3402 4515 3589 4570 Iacob.
3642 4512 3808 4567 Tunc

2205 4605 2348 4708 quod
2374 4632 2609 4705 perierat
2636 4627 2690 4680 in
2715 4620 2955 4696 gentium
2985 4612 3193 4686 populis
3219 4608 3542 4677 rcquiretur,
3571 4611 3629 4657 et
3655 4605 3810 4674 quod

2205 4733 2482 4788 erraverat
2535 4723 2588 4775 in
2619 4721 2995 4774 haarcttcorum
3025 4698 3376 4776 persuasione
3404 4695 3730 4756 reducetur,
3759 4703 3812 4745 et

2209 4821 2352 4892 quod
2377 4813 2714 4873 confractum
2745 4807 2921 4861 fuerat
2969 4795 3298 4869 alligabitur,
3341 4799 3396 4845 ct
3419 4787 3562 4858 quod
3593 4788 3817 4841 contri-

2213 4923 2325 4968 tum
2356 4918 2518 4978 atque
2560 4901 2833 4956 infirmum
2880 4886 3322 4948 cousolidabitur,
3380 4890 3440 4932 ut
3491 4876 3814 4947 impleatur,

2213 5003 2358 5076 quod
2381 4998 2639 5067 scriptum
2667 4999 2747 5046 est
2781 5003 2795 5041 :
2845 5005 2862 5037 ι
2899 4981 3002 5051 Qui
3033 4986 3192 5036 sanat
3241 4971 3584 5028 infirmitates
3611 4983 3817 5023 eorum

2221 5058 2276 5153 ct
2330 5058 2908 5162 alligatcoutritiones
2952 5085 3140 5129 eorum
3191 5063 3364 5140 (Psal.
3405 5059 3611 5128 CXLVI).
3665 5077 3687 5109 ι
3749 5058 3814 5111 Et

2222 5185 2362 5257 quod
2389 5154 2607 5254 pingue,
2639 5175 2737 5236 ait,
2767 5169 2872 5225 erit
2899 5174 2954 5221 et
2980 5163 3117 5218 forte
3140 5154 3463 5215 custodiam,
3492 5163 3560 5204 ne
3586 5157 3818 5203 voretur

2225 5292 2253 5330 a
2285 5273 2505 5330 bestiis:
2546 5286 2564 5318 ι
2599 5266 2665 5320 Et
2701 5266 2885 5332 pascet
2910 5263 3187 5309 oves-suas
3215 5247 3269 5300 in
3294 5241 3522 5314 judicio,
3557 5258 3575 5291 ι
3630 5241 3821 5294 sciens

2225 5367 2313 5426 cui
2341 5364 2458 5426 ovi,
2507 5375 2626 5430 qua:
2652 5365 2850 5426 pascua
2879 5346 3196 5402 debeantur.
3241 5337 3482 5392 Diversae
3509 5332 3660 5386 enim
3692 5339 3820 5383 sunt

2229 5418 2543 5514 mansiones
2584 5418 2724 5517 apud
2775 5441 3009 5496 Patrem.
3069 5451 3086 5482 ι
3128 5430 3194 5484 Et
3231 5441 3338 5482 non
3387 5422 3597 5492 jndicat
3656 5418 3822 5474 Pater

2229 5558 2574 5621 quemquam,
2625 5535 2720 5592 sed
2745 5546 2905 5590 onmc
2950 5524 3213 5598 judicium
3261 5515 3409 5570 dedit
3461 5510 3597 5566 Filio
3633 5508 3818 5579 (locu.

3152 5613 3166 5621 .
3282 5619 3287 5621 Α
3459 5613 3472 5621 _
3553 5599 3714 5621 mu“
3753 5599 3800 5621 ,Α

2233 5599 2369 5621 ‘1"""
2412 5599 2427 5615 ι
2561 5599 2571 5606 ι

2231 5652 2341 5717 γ).)
2377 5641 2501 5695 Πωο
2525 5635 2809 5689 adversum
2855 5629 3097 5695 pastores
3152 5613 3364 5667 locutus
3393 5613 3496 5660 est.
3537 5599 3717 5658 ,Nunc
3753 5599 3820 5652 lo

2991 5711 3004 5717 “
3195 5703 3208 5717 ¹
3367 5706 3404 5717 λ·
3447 5714 3466 5717 -~
3494 5694 3508 5717 ‘
3537 5693 3820 5717 “auinam...

2730 5721 2782 5774 id
2829 5693 2912 5770 est
2941 5711 3006 5766 ad
3051 5703 3326 5778 populutn,
3357 5706 3412 5752 et
3444 5694 3512 5750 ad
3537 5693 3826 5760 utriusque

2234 5736 2416 5806 quitur
2437 5729 2503 5784 ad
2537 5740 2687 5786 oves,

2761 5809 2945 5870 idest,
2974 5801 3152 5858 oviunt
3194 5803 3242 5850 et
3275 5801 3591 5860 capt-aiunt.
3632 5783 3705 5839 Et
3727 5796 3822 5836 nea

2237 5824 2448 5898 pecoris
2489 5829 2727 5891 gregem,
