3936 6352
208 397 310 454 Si!

1133 393 1486 452 COMMENT.
1523 393 1592 451 IN
1617 392 2079 452 .EZECIHELEM.
2120 423 2188 433 —
2229 391 2357 447 LIB.
2402 391 2511 446 ΧΠ.

3357 389 3476 446 836'

207 508 383 563 solum
409 508 477 563 ad
515 521 646 564 oves
670 513 726 563 et
769 521 980 578 capras,
1024 507 1118 561 sed
1158 505 1226 560 ad
1260 506 1457 560 arietes
1491 512 1548 560 et
1581 504 1781 588 hircos,
1813 509 1862 566 Α
1893 521 1913 556 α
1948 502 2121 559 factus
2153 511 2234 559 est
2259 503 2314 558 in
2345 517 2476 574 pace
2518 503 2665 558 locus
2694 501 2808 570 ejus
2854 502 3023 574 (Psal.
3058 497 3218 569 Lxxv)
3243 544 3257 568 ,
3295 522 3314 556 ι
3364 506 3458 560 sed

206 601 297 669 qui
325 607 451 655 sunt
484 600 536 654 in
563 598 814 670 gregibus
856 597 1126 668 principes
1167 612 1181 652 :
1227 597 1422 667 quibus
1447 597 1524 651 ait
1553 615 1566 650 :
1596 595 1784 652 Nonne

206 691 361 745 vobis
408 691 539 746 satis
561 699 696 752 erat,
744 688 885 759 quod
930 688 1087 742 bonis
1124 687 1522 757 Scripturarum
1568 687 1786 757 pascuis

208 780 588 844 vescebamini,
639 779 733 834 sed
788 779 1006 849 insuper
1036 777 1294 848 reliquias
1324 792 1645 848 pascuarum
1694 791 1788 832 ve-

207 883 446 929 strarum
482 869 876 926 conculcabatis
915 870 1158 940 pedibus.
1204 869 1272 924 Et
1309 884 1431 924 cum
1462 883 1656 939 aquam
1683 867 1785 922 elo-

207 962 457 1032 quiorum
490 961 582 1015 Dei
626 958 966 1029 purissimam
1017 958 1305 1023 biberetis,
1340 957 1575 1026 reliquas
1619 971 1787 1026 aquas

206 1054 433 1123 pedibus
460 1051 787 1116 turbabatis,
819 1059 877 1104 ut
921 1050 1146 1121 populus
1187 1061 1339 1104 meus
1379 1048 1727 1104 conculcatas
1755 1062 1786 1102 a

206 1141 360 1197 vobis
381 1157 606 1210 pascuas
630 1151 684 1196 et
705 1140 944 1196 turbidas
971 1155 1139 1209 aquas
1164 1139 1538 1204 manducaret,
1567 1146 1622 1194 et
1644 1139 1788 1194 bibe-

209 1246 311 1298 ret,
351 1243 405 1289 et
447 1243 627 1288 vestro
656 1233 804 1298 vitio,
831 1233 974 1303 quod
1013 1246 1121 1302 per
1146 1246 1204 1286 se
1255 1231 1455 1286 bonum
1486 1238 1625 1296 erat,
1667 1245 1786 1300 cor-

206 1338 423 1397 ruptum
448 1326 809 1394 violatumquc
833 1325 1185 1394 susciperent.
1215 1323 1369 1390 Quod
1390 1331 1446 1378 et
1466 1339 1656 1378 omnes
1674 1322 1787 1394 qui-

205 1416 328 1471 dem
359 1416 593 1471 haeretici
629 1414 854 1478 faciunt,
899 1421 1207 1481 utrcarpant
1249 1412 1459 1482 eloquia
1487 1411 1787 1483 Scriptura-

205 1522 349 1569 rum,
381 1515 434 1558 et
457 1516 717 1574 quantum
754 1504 806 1557 in
832 1516 889 1557 se
917 1512 1017 1567 est,
1076 1501 1368 1556 maculent.
1415 1499 1522 1556 Sed
1545 1509 1600 1555 et
1621 1499 1784 1555 eccle-

203 1596 408 1652 siastici
433 1595 568 1660 viri,
624 1595 714 1664 qui
743 1595 1049 1664 dogmatum
1094 1609 1198 1646 non
1252 1591 1562 1648 custodiunt
1588 1592 1786 1646 verita-

203 1696 336 1750 tem,
383 1687 474 1741 sed
518 1686 583 1740 de
625 1699 723 1739 suo
771 1683 933 1738 corde
972 1682 1320 1752 confingunt,
1364 1681 1786 1752 magistratuque

198 1776 408 1832 habent
433 1773 902 1846 priesumptionem
937 1786 1108 1835 suam,
1142 1770 1302 1824 simili
1343 1785 1528 1825 errore
1556 1769 1781 1824 retinen-

1885 597 2032 664 pacis
2056 595 2274 664 Christi,
2299 611 2418 667 qua:
2446 602 2735 664 exsuperat
2759 609 2971 649 omnem
2996 608 3234 661 sensum,
3265 595 3354 663 qui
3378 593 3458 656 di~

1879 685 1993 747 cit:
2029 703 2047 745 φ
2078 684 2276 741 Pacem
2305 699 2478 739 meam
2503 684 2572 738 do
2600 683 2767 748 vobis,
2793 698 2979 754 pacem
3005 699 3181 738 meam
3216 683 3460 756 relinquo

1884 773 2036 828 vobis
2086 773 2274 846 (Joan.
2324 776 2475 846 xxv).
2523 793 2541 826 ›
2599 790 2618 825 ι
2680 773 2746 827 Et
2787 787 3000 828 cessare
3051 772 3214 829 faciet
3258 767 3456 848 bestias

1882 867 2144 937 pessimas
2171 867 2237 922 de
2269 875 2432 932 terra,
2471 887 2488 920 ι
2521 865 2607 921 vel
2636 866 2765 920 vitia
2785 866 3234 936 perturbationes,
3266 866 3460 934 quibus

1884 958 2075 1022 animae
2102 966 2366 1026 vexantur
2393 959 2663 1012 humanae.
2687 956 2768 1012 vel
2795 957 3116 1012 adversaria“:
3145 965 3462 1026 potestates,

1884 1066 1916 1104 a
1950 1049 2145 1121 quibus
2179 1043 2610 1125 impugnantum
2640 1048 2700 1103 Et
2733 1048 2825 1118 qui
2853 1048 3098 1104 habitant
3134 1048 3192 1103 in
3228 1046 3462 1110 deserto,

1884 1141 2062 1208 securi
2084 1140 2351 1211 dormient
2372 1140 2425 1193 in
2453 1139 2697 1194 saltibus.
2729 1139 2986 1200 Dominus
3027 1139 3169 1211 enim
3202 1136 3465 1192 revelabit

1885 1234 2154 1295 condensa
2200 1231 2476 1296 silvarum,
2508 1239 2564 1286 et
2610 1231 2662 1284 in
2690 1231 2888 1300 templo
2918 1229 3033 1297 ejus
3063 1243 3249 1284 omnes
3285 1229 3458 1291 dicen;

1885 1323 2130 1397 gloriam.
2166 1321 2367 1394 Ejectis
2414 1330 2592 1376 autem
2638 1321 2846 1384 bestiis,
2884 1330 2937 1373 et
2978 1321 3191 1376 redacta
3237 1329 3381 1373 terra
3411 1317 3466 1373 in

1882 1414 2224 1472 solitudinem
2266 1413 2334 1468 ab
2372 1411 2674 1468 istiusmodi
2713 1412 3076 1482 animantibus
3116 1405 3291 1464 securi
3337 1409 3465 1475 dor-

1885 1508 2070 1569 mient,
2118 1513 2173 1560 et
2212 1503 2394 1560 dicent
2441 1521 2454 1557 :
2508 1522 2527 1554 ‹
2561 1503 2820 1557 Dominus
2863 1502 3181 1556 illmuinatio
3229 1516 3367 1567 mea,
3416 1510 3468 1555 et

1885 1597 2031 1652 salus
2054 1610 2192 1661 mea,
2214 1610 2374 1664 quem
2399 1593 2633 1649 timebo?
2660 1591 2832 1664 (Psal.
2863 1593 3008 1662 xxvi)
3042 1613 3061 1659 ρ
3091 1601 3143 1646 ct
3186 1599 3349 1662 ponet
3373 1606 3469 1646 eos

1884 1685 1976 1755 qui
1999 1685 2177 1741 securi
2211 1683 2479 1749 dormicnt
2503 1682 2555 1736 in
2595 1683 2821 1753 circuitu
2855 1682 3051 1736 montis
3082 1682 3164 1734 vel
3187 1681 3336 1752 collis
3359 1682 3465 1742 sui.

1886 1778 1941 1833 et
1971 1785 2135 1832 erunt
2157 1772 2482 1830 benedictio.
2519 1771 2669 1840 Tunc
2697 1772 2846 1827 dabit
2876 1773 3102 1826 imbrem
3138 1772 3191 1826 in
3225 1782 3466 1842 tempore

201 1875 314 1921 tur.
364 1864 465 1932 Qui
508 1878 628 1918 cum
656 1860 848 1932 populo
891 1859 1262 1930 persuaserint
1304 1873 1431 1911 vera
1475 1872 1614 1918 esse,
1664 1871 1783 1926 qua:

1887 1883 1984 1923 suo
2009 1876 2064 1922 et
2085 1866 2277 1940 pluvia:
2306 1863 2693 1921 benedictionis
2735 1872 2911 1928 erunt,
2959 1878 3094 1932 quas
3132 1863 3183 1916 in
3213 1863 3467 1923 Deutem—

199 1957 435 2028 ﬁllglllll,
463 1963 520 2008 et
552 1953 604 2007 in
636 1949 950 2005 theatralem
982 1947 1198 2017 modum
1226 1947 1447 2018 plausus
1493 1948 1787 2000 concitave-

198 2047 314 2105 rint
351 2055 407 2101 et
444 2043 726 2107 clamores,
775 2040 1118 2094 immemores
1157 2038 1290 2092 liunt
1331 2035 1615 2106 imperitia:
1655 2050 1784 2099 sure,

197 2146 263 2194 et
303 2132 538 2191 adducto"
557 2131 844 2203 supercilio
864 2170 879 2196 ,
912 2129 1228 2206 libratisque
1251 2128 1593 2184 sermonibus
1623 2135 1786 2195 atque

198 2227 502 2290 trutinatis,
525 2225 905 2295 magistrorum
952 2223 1054 2277 sibi
1082 2228 1360 2277 assumunt
1383 2219 1782 2274 auctoritatem.

189 2318 408 2394 (ϐιοεθ.)
448 2318 659 2387 Aquam
699 2317 895 2386 quippe
937 2314 1367 2384 limpidissimam
1416 2319 1662 2380 pastores
1707 2310 1787 2366 bi-

198 2410 360 2477 bunt,
401 2424 521 2464 cum
569 2407 767 2462 ﬂuenta
808 2404 1051 2467 veritatis
1092 2413 1236 2458 recte
1261 2401 1618 2472 intelligentes
1658 2399 1787 2454 hau-

197 2505 376 2570 riunt,
415 2501 510 2558 sed
537 2499 778 2557 eamdem
806 2512 1000 2567 aquam
1043 2495 1272 2567 pedibus
1316 2493 1654 2564 perturbare,
1703 2500 1785 2547 est

193 2604 406 2653 sanctae
449 2589 812 2648 meditationis
867 2588 1041 2644 studia
1093 2587 1231 2642 male
1275 2584 1506 2641 vivendo
1552 2597 1785 2639 corrum—

197 2703 356 2760 pere.
383 2686 593 2757 Aquam
635 2683 844 2738 scilicet
883 2695 1068 2734 eorum
1094 2678 1365 2732 turbatam
1401 2674 1629 2746 pedibus
1656 2687 1785 2728 oves

196 2779 395 2835 bibunt
426 2796 438 2831 :
471 2793 593 2832 cum
631 2774 858 2844 subjecti
901 2774 1099 2842 quique
1144 2787 1250 2825 non
1298 2777 1575 2826 sectantur
1620 2769 1782 2822 verba

199 2887 327 2942 quae
357 2867 611 2922 audiunt:
662 2864 756 2920 sed
802 2880 864 2920 ea
910 2863 1042 2928 sola,
1092 2877 1211 2931 qua:
1239 2860 1577 2931 conspiciunt
1603 2873 1785 2913 exem-

195 2965 293 3038 pla
354 2961 636 3034 pravitatis
687 2960 1015 3013 imitantur:
1070 2955 1162 3025 qui
1215 2970 1337 3010 cum
1382 2953 1526 3008 dicta
1571 2951 1780 3017 sitiunt,

198 3069 326 3125 qua:
366 3068 462 3122 per
494 3066 655 3121 Opera
708 3055 1112 3125 pervertuntur,
1163 3045 1319 3115 quasi
1363 3044 1632 3113 corruptis
1667 3042 1786 3098 fon-

196 3122 369 3209 tibus,
424 3146 477 3199 in
519 3122 734 3214 potibus
781 3141 947 3197 lutum
996 3147 1232 3194 sumunt.
1289 3135 1557 3208 (Hieron)
1590 3135 1781 3190 Videa—

199 3253 327 3294 mus
364 3238 527 3308 igitur
550 3277 564 3300 ,
597 3234 736 3304 quod
760 3231 1112 3300 sitjudicium
1149 3231 1288 3294 inter
1327 3245 1491 3302 pecus
1518 3240 1571 3283 et
1597 3243 1779 3304 pecus,

199 3337 261 3383 et
287 3341 393 3396 quo
415 3326 621 3396 judicio
647 3323 850 3394 judicet
880 3336 974 3375 cos
996 3320 1169 3375 bonus
1200 3329 1384 3392 pastor
1413 3327 1467 3373 et
1495 3335 1674 3381 verus,
1692 3317 1784 3386 qui

199 3418 417 3486 accepit
445 3429 602 3470 omne
632 3413 892 3484 judicium
925 3410 1163 3471 aPatre.
1198 3428 1214 3458 ‹
1249 3409 1409 3470 Ecce,
1441 3408 1635 3477 inquit,
1673 3407 1785 3476 ipse

197 3521 304 3576 ego
327 3504 518 3575 judico
552 3504 691 3556 inter
720 3515 883 3570 pecus
919 3500 1115 3571 pingue
1147 3507 1202 3552 et
1231 3497 1595 3561 macilentum,
1629 3515 1646 3546 ι
1675 3498 1785 3551 sive

198 3598 349 3653 inter
389 3594 528 3666 forte
557 3605 612 3660 et
658 3592 975 3662 inﬁrmum:
1021 3588 1188 3647 fortes
1237 3587 1380 3643 enim
1425 3587 1683 3642 lateribus
1733 3593 1787 3640 et

198 3684 449 3741 humeris
463 3684 576 3738 suis
604 3682 907 3751 impingunt
932 3688 1093 3747 atque
1126 3678 1388 3733 collidunt
1409 3675 1616 3730 inﬁrma
1635 3690 1790 3745 peco-

1884 1955 2050 2010 nomii
2087 1954 2549 2010 benedictionibus
2574 1951 2874 2023 pollicetur.
2918 1970 2936 2003 α
2974 1951 3040 2006 Et
3069 1951 3237 2027 dabit,
3271 1951 3462 2021 inquit,

1883 2043 2084 2116 lignum
2105 2045 2247 2112 vita),
2271 2044 2338 2098 de
2356 2059 2464 2114 quo
2486 2043 2538 2096 in
2561 2041 2756 2098 Genesi
2778 2041 3041 2112 scriptum
3062 2049 3144 2096 cst
3169 2038 3318 2112 (Gen.
3345 2042 3427 2113 ιιι)
3448 2059 3461 2108 ;

1882 2136 2191 2208 lignumque
2224 2134 2519 2206 sapientiae,
2547 2134 2612 2188 de
2636 2147 2743 2203 quo
2772 2132 3001 2186 dicitur:
3039 2149 3056 2182 ‹
3090 2129 3318 2201 Lignum
3342 2131 3466 2186 vita:

1883 2235 1966 2282 est
1983 2226 2231 2294 omnibus
2249 2225 2339 2297 qui
2357 2231 2638 2282 assumunt
2660 2238 2780 2278 eam
2803 2221 2985 2294 (Prov.
3005 2222 3108 2293 tu).
3141 2243 3160 2276 ›
3189 2222 3346 2276 Dabit
3373 2239 3464 2276 au-

1883 2323 1991 2380 tem
2021 2304 2432 2387 fructum'suum
2458 2329 2476 2367 :
2509 2311 2724 2382 quando
2747 2320 2802 2367 et
2823 2320 2963 2367 terra
2994 2312 3201 2367 dederit
3230 2311 3462 2369 fructum

1883 2420 2066 2478 suum,
2086 2405 2198 2461 sive
2224 2404 2366 2476 ligna
2387 2403 2694 2474 regionum,
2741 2411 3050 2475 sanctorum
3074 2401 3303 2472 plurima
3328 2401 3466 2457 mul-

1882 2495 2074 2551 titudo.
2111 2513 2130 2547 ι
2154 2495 2219 2549 Ει
2248 2505 2392 2549 terra
2410 2494 2556 2548 dabit
2578 2509 2794 2565 germen
2819 2507 2992 2562 suum,
3019 2512 3036 2545 ι
3062 2510 3081 2550 ς
3105 2493 3305 2548 veritas
3322 2493 3466 2546 cnim

1883 2589 1948 2644 de
1974 2596 2117 2643 terra
2137 2595 2257 2643 orta
2278 2595 2378 2642 est.
2392 2606 2412 2641 ι
2439 2604 2457 2638 ‹
2487 2586 2553 2640 Et
2574 2586 2797 2658 eruntin
2821 2594 2964 2642 terra
2979 2601 3074 2640 sua
3093 2585 3298 2655 absque
3317 2585 3468 2639 timo—

1884 2693 1964 2744 re,
1986 2698 2002 2730 ι
2023 2678 2134 2734 sive
2147 2678 2203 2733 in
2226 2693 2318 2748 spe
2333 2677 2483 2748 pacis
2503 2677 2554 2730 in
2581 2685 2723 2731 terra
2740 2677 3048 2740 viventium,
3071 2676 3123 2730 in
3149 2676 3287 2734 terra
3315 2664 3476 2728 nian-

1883 2777 2187 2834 suetorum;
2218 2767 2284 2822 de
2312 2784 2418 2838 qua
2461 2767 2720 2837 scriptum
2748 2775 2829 2821 est
2857 2785 2868 2820 :
2899 2786 2916 2818 ‹
2949 2767 3098 2820 Beati
3130 2765 3305 2830 mites,
3331 2779 3466 2834 quo-

1882 2859 2025 2912 niam
2044 2857 2146 2929 ipsi
2176 2857 2528 2927 possidebunt
2553 2864 2748 2910 terram
2781 2855 2994 2928 (Matth.
3019 2857 3107 2928 v);
3144 2875 3161 2908 ι
3193 2863 3249 2908 ut
3282 2869 3466 2928 rerum

1881 2948 2121 3003 omnium
2176 2948 2434 3003 felicitate
2481 2955 2830 3020 cognoscant,
2879 2948 3020 3017 quod
3070 2949 3183 3017 ipse
3240 2947 3310 3004 sit
3361 2945 3468 3001 Do-

1882 3041 2080 3105 minus,
2134 3027 2350 3111 quando
2408 3039 2727 3096 contriverit
2805 3047 3024 3095 catenas
3073 3037 3156 3094 vel
3202 3036 3459 3112 circulum

1885 3132 2118 3188 ferreum
2141 3131 2254 3202 jugi
2278 3147 2488 3197 eorum,
2534 3147 2639 3201 quo
2685 3131 2838 3200 quasi
2884 3131 3204 3200 gravissimo
3250 3143 3464 3202 preme-

1885 3222 2082 3276 bantur
2133 3221 2376 3291 imperio.
2410 3220 2476 3274 Et
2524 3235 2646 3274 cum
2671 3220 2874 3282 eruerit
2903 3234 2994 3274 eos
3021 3219 3086 3273 de
3108 3234 3270 3287 manu
3293 3218 3464 3287 impe—

1884 3314 2140 3377 rantium,
2161 3313 2274 3374 sive
2305 3312 2564 3367 servitute
2616 3309 2963 3381 aiﬂigentium
2989 3325 3083 3364 eos
3121 3327 3133 3339 -
3165 3324 3350 3364 servus
3378 3316 3462 3362 est

1883 3405 2025 3459 enim
2048 3403 2416 3473 unusquisque
2466 3401 2580 3469 ejus
2626 3416 2783 3471 aquo
2837 3401 3087 3455 vincitur.
3120 3419 3137 3451 ‹
3174 3401 3467 3473 Etnequa-

1883 3513 2044 3568 quam
2065 3505 2222 3550 erunt
2238 3495 2376 3550 ultra
2395 3495 2445 3548 in
2468 3495 2712 3564 rapinam
2725 3493 3067 3547 dremoniacis
3082 3493 3352 3563 gentibus,
3369 3510 3468 3550 nec

1883 3588 2072 3643 bestia:
2109 3596 2266 3643 terra:
2295 3587 2630 3642 devorabuut
2666 3599 2777 3650 eos,
2803 3601 2821 3636 ι
2853 3584 2918 3637 de
2946 3584 3141 3652 quibus
3179 3583 3415 3638 diximus
3449 3599 3464 3638 :

1888 3696 1906 3730 ς
1966 3678 2061 3732 sed
2093 3676 2408 3730 habitabant
2445 3672 2778 3728 conﬁdenter
2801 3672 3002 3742 absque
3037 3672 3144 3741 ullo
3182 3683 3406 3738 terrore,
3437 3690 3460 3728 ι

196 3790 284 3838 ra,
309 3782 363 3828 et
389 3773 645 3827 cornibus
665 3771 947 3832 ventilant,
983 3769 1285 3834 nescientes
1319 3767 1400 3832 in,
1430 3767 1546 3835 lege
1571 3774 1783 3820 taurum
1875 3767 2030 3840 juxta
2061 3780 2210 3820 suam
2229 3764 2463 3834 priorem
2481 3762 2893 3832 expositionem.
2921 3780 2937 3812 ί
2974 3760 3038 3814 Et
3063 3762 3353 3834 suscitabo,
3385 3762 3466 3818 in-

201 3871 560 3931 cornupctam
616 3859 816 3926 debere
890 3858 1090 3929 puniri.
1169 3857 1538 3930 lmpingcbant
1607 3865 1782 3912 autem

198 3953 467 4008 lateribus
500 3960 555 4006 et
592 3951 848 4004 cornibus
884 3935 1263 4011 ventilabam,
1304 3947 1474 4000 donec
1515 3945 1786 4016 disperge-

193 4053 329 4098 rent
348 4051 401 4096 et
415 4040 670 4107 ejicerent
685 4054 812 4094 oves
829 4038 989 4093 foras.
1010 4037 1269 4108 Superbia
1290 4038 1434 4092 enim
1455 4036 1715 4109 majorum
1731 4041 1787 4088 et

197 4117 618 4202 prtepositorum
682 4128 968 4197 iniquitate
1011 4127 1323 4195 frequenter
1386 4125 1655 4196 pelluntur
1718 4124 1785 4178 ab

197 4221 457 4284 ecclesia,
482 4228 539 4272 ut
563 4219 942 4288 dispergantur
963 4232 992 4270 a
1010 4216 1236 4270 Domino
1251 4230 1383 4284 quos
1399 4216 1511 4284 ipse
1536 4214 1780 4269 salvavit.

198 4311 316 4367 Sed
343 4326 448 4365 non
468 4308 702 4363 dimittet
727 4324 822 4363 eos
865 4308 1006 4362 ultra
1048 4306 1308 4362 Dominus
1342 4307 1393 4359 in
1438 4305 1703 4373 rapinam,
1729 4313 1786 4358 et

201 4401 470 4455 'udicabit
511 4399 652 4453 inter
681 4413 847 4468 pecus
876 4407 930 4452 et
993 4413 1192 4467 pecus;
1245 4411 1349 4450 non
1381 4395 1521 4449 inter
1568 4395 1784 4447 nomina

218 4490 547 4560 lignitatum,
569 4487 982 4558 quibustument
1004 4486 1294 4557 praepositi,
1322 4485 1586 4540 sedinter
1611 4469 1784 4538 homi-

219 4595 332 4634 iem
373 4589 430 4633 et
446 4577 913 4647 bominem,juxta
950 4562 1002 4631 id
1045 4577 1186 4646 quod
1227 4586 1454 4646 uterque
1492 4589 1677 4630 servus
1701 4583 1785 4628 est

200 4670 441 4726 Domini.
500 4667 648 4728 Tunc
667 4670 948 4736 suscitabit
993 4679 1263 4738 pastorem
1315 4681 1504 4731 unum,
1533 4665 1621 4735 qui
1657 4667 1784 4720 dicit

196 4761 261 4817 in
298 4759 586 4828 Evangelio
615 4777 626 4811 :
672 4777 690 4808 ‹
733 4759 843 4829 Ego
870 4775 988 4812 sum
1012 4768 1198 4827 pastor
1223 4759 1397 4821 bonus
1420 4755 1610 4827 (Joan.
1639 4758 1724 4827 at),
1757 4775 1776 4808 ι

198 4865 427 4905 servum
447 4865 600 4902 suum
622 4847 791 4916 David
818 4849 1109 4903 secundum
1133 4848 1206 4912 id,
1235 4848 1380 4917 quod
1410 4847 1640 4901 formam
1669 4859 1784 4900 scr-

198 4940 258 4993 vi
285 4938 535 5008 dignatus
581 4947 663 4993 est
710 4953 1003 5000 assumere.
1045 4938 1147 5005 Qui
1190 4939 1360 4993 David
1399 4938 1784 5007 interpretatur

198 5027 366 5081 fortis
399 5043 581 5081 manu.
625 5026 742 5097 Ipse
762 5037 945 5098 pascet
973 5044 1086 5094 eos,
1113 5037 1168 5082 et
1196 5028 1452 5082 Dominus
1483 5029 1586 5082 erit
1612 5028 1691 5082 eis
1728 5026 1783 5082 in

202 5117 410 5181 Deum;
427 5118 511 5171 vel
530 5117 668 5173 {ilius
684 5129 737 5173 et
757 5131 926 5188 pater,
952 5120 1035 5174 vel
1059 5129 1204 5174 certe
1222 5129 1408 5189 pastor
1416 5119 1568 5187 juxta
1584 5120 1794 5173 adsum—

203 5216 361 5279 ptam
391 5223 630 5263 carnem.
663 5211 921 5264 Dominus
951 5218 1129 5264 autem
1151 5219 1203 5264 et
1225 5209 1366 5263 Deus
1391 5209 1543 5279 juxta
1570 5209 1790 5263 verbum

200 5300 356 5370 quod
377 5308 492 5354 erat
518 5301 570 5353 in
596 5302 858 5371 principio
885 5301 1023 5371 apud
1054 5303 1241 5355 Deum.
1269 5300 1371 5366 Qui
1399 5299 1587 5363 David,
1626 5298 1793 5368 proli-

201 5391 479 5445 cientibus
500 5391 792 5460 pecudibus
819 5391 872 5444 in
898 5390 1158 5446 rationale
1198 5392 1417 5457 animal,
1451 5403 1788 5457 nequaquam

201 5494 397 5556 pastor
449 5483 747 5549 vocabitur,
776 5484 868 5538 sed
912 5484 1159 5554 princeps
1198 5485 1250 5538 in
1294 5485 1788 5549 medioeorum;dc

204 5586 323 5642 quo
351 5573 609 5641 scriptum
636 5581 754 5627 est:
786 5590 802 5622 ‹
838 5573 1042 5628 Medius
1067 5584 1304 5627 vestrum
1333 5583 1460 5642 stat,
1499 5589 1658 5643 quem
1695 5588 1789 5628 vos

207 5665 477 5736 ignoratis
521 5665 699 5733 (Joan.
740 5666 801 5733 ι),
835 5685 852 5716 ι
889 5665 1037 5719 Tunc
1067 5673 1230 5736 ponet
1279 5681 1399 5719 cum
1447 5671 1524 5719 eis
1570 5674 1785 5735 pactum

205 5755 385 5824 pacis,
423 5771 758 5825 nequaquam
811 5756 1072 5810 bellorum
1123 5766 1282 5825 atque
1334 5757 1635 5818 discordize,
1663 5756 1783 5824 quia

1884 3859 2021 3929 quit,
2039 3858 2116 3911 eis
2137 3870 2354 3927 germen
2373 3855 2706 3909 nominatum
2729 3874 2748 3906 ›
2772 3855 2884 3908 sive
2898 3853 3277 3923 plantationem
3293 3855 3461 3924 pacis,

1883 3965 2001 4020 qua:
2027 3947 2261 4017 loquitur
2302 3946 2356 4000 in
2382 3945 2672 4016 Evangelia
2721 3962 2734 3999 :
2781 3964 2799 3995 ι
2846 3945 2954 4015 Ego
3005 3961 3121 3999 smn
3167 3946 3290 4001 vitis
3334 3962 3461 4001 vem

1885 4039 2084 4110 (Joan.
2128 4038 2254 4112 xv).
2286 4058 2303 4090 ›
2339 4056 2357 4088 ς
2393 4038 2459 4091 Et
2491 4052 2595 4092 non
2625 4043 2781 4090 erunt
2809 4035 2952 4089 ultra
3002 4035 3268 4089 imminuti
3322 4035 3463 4091 fame

1884 4131 1939 4186 in
1970 4139 2133 4184 terra.
2165 4149 2181 4181 ι
2214 4129 2355 4199 Ergo
2379 4127 2548 4182 fames
2575 4127 2626 4180 in
2658 4129 2884 4181 terrenis
2911 4134 3036 4180 est:
3071 4125 3240 4199 (ames
3281 4136 3459 4181 autem

1885 4220 2134 4275 audiendi
2190 4233 2491 4275 sermonem
2523 4217 2638 4281 Dei,
2683 4233 2802 4287 qucc
2840 4218 2940 4272 sub
2971 4226 3189 4285 pastore
3233 4217 3374 4271 lono
3407 4227 3462 4271 ct

1885 4311 2129 4379 germine
2152 4309 2428 4364 nominato
2459 4316 2620 4376 atque
2651 4308 2889 4377 omnium
2915 4323 3165 4362 sermone
3188 4308 3460 4362 celebrato

1883 4413 1938 4457 et
1967 4401 2296 4471 plantatione
2326 4400 2495 4469 pacis,
2526 4413 2864 4466 nequaquam
2887 4398 2989 4452 erit
3014 4397 3066 4451 in
3097 4405 3259 4461 terra,
3286 4413 3458 4467 neque

1885 4492 2112 4560 amplius
2135 4490 2437 4561 opprobriis
2465 4489 2704 4558 gentium
2733 4486 3118 4559 subjaccbunt,
3142 4497 3201 4541 ut
3232 4488 3412 4542 dicant
3447 4507 3460 4542 :

1893 4601 1911 4634 ι
1952 4583 2054 4638 Ubi
2083 4590 2166 4636 est
2224 4580 2481 4634 Dominus
2511 4581 2652 4635 Deus
2699 4579 2921 4634 eorum?
2953 4599 2968 4628 ›
3009 4579 3073 4632 Et
3118 4579 3291 4633 scient
3343 4591 3466 4647 post

1888 4675 2004 4730 haec
2035 4674 2237 4739 omnia,
2267 4673 2408 4742 quod
2428 4688 2535 4728 non
2567 4671 2738 4730 solum
2773 4671 2881 4742 ipse
2910 4671 2981 4726 sit
3007 4670 3289 4735 Dominus,
3318 4673 3459 4740 quod

1887 4773 1941 4818 et
1988 4779 2150 4834 supra
2206 4777 2419 4832 quoque
2482 4762 2708 4825 dixerat,
2756 4747 2847 4815 sed
2895 4777 3017 4814 cum
3071 4760 3457 4821 additamenta,

1889 4853 2030 4923 quod
2059 4852 2318 4906 Dominus
2347 4851 2584 4905 omnium
2614 4850 2998 4920 prOprie-Deus
3027 4863 3214 4902 eorum
3239 4849 3309 4901 sit
3336 4865 3458 4902 cum

1888 4945 1988 5007 eis,
2017 4943 2108 5012 qui
2141 4941 2269 4996 dicit
2300 4941 2350 4994 in
2377 4940 2666 5010 Evangelio
2690 4940 2754 4993 ad
2781 4939 3052 5009 apostolos
3083 4953 3097 4990 :
3137 4956 3155 4988 ι
3194 4938 3332 4992 Ecce
3360 4953 3459 5007 ego

1889 5039 2166 5093 vobiscum
2198 5051 2315 5090 sum
2346 5037 2556 5090 cunctis
2590 5035 2777 5090 diebus
2811 5050 2982 5102 usque
3022 5034 3088 5087 ad
3119 5049 3458 5088 consumma-

1895 5131 2094 5184 tionem
2123 5127 2302 5183 saeculi
2346 5125 2557 5194 (Matth.
2591 5129 2802 5195 xxviii).
2842 5146 2859 5177 ι
2905 5125 3036 5179 Cum
3076 5134 3253 5178 autem
3297 5124 3459 5178 fuerit

1892 5222 2006 5292 ipse
2030 5219 2284 5274 Dominus
2312 5218 2452 5271 Deus
2484 5232 2694 5279 eorum,
2729 5225 2854 5270 tunc
2884 5225 2938 5268 et
2974 5215 3071 5284 ipsi
3096 5222 3257 5270 erunt
3285 5230 3446 5283 popu-

1891 5313 1975 5366 lus
2003 5311 2138 5380 ejus,
2183 5323 2286 5367 non
2325 5308 2572 5376 quilibet,
2601 5308 2693 5361 sed
2725 5307 2815 5375 qui
2859 5313 3169 5359 meruerunt
3201 5305 3454 5375 appellari

1893 5399 2084 5454 domus
2109 5397 2288 5455 lsracl.
2326 5395 2402 5450 Ac
2428 5412 2493 5450 ne
2522 5404 2832 5465 putaremus
2863 5397 3135 5459 universa,
3168 5410 3286 5464 quae
3316 5395 3454 5448 dicta

1894 5500 2018 5546 sunt
2047 5492 2112 5562 ad
2149 5497 2392 5558 pastores
2439 5496 2491 5540 et
2520 5503 2646 5540 oves
2695 5489 2984 5555 hircosquc
3022 5497 3075 5541 et
3104 5489 3302 5540 arietes
3330 5503 3455 5554 per—

1894 5580 2083 5640 tinere,
2109 5578 2265 5632 solvit
2290 5579 2536 5646 muigma,
2566 5578 2728 5630 immo
2753 5580 3051 5650 μετάφσραν,
3088 5586 3140 5629 et
3164 5577 3310 5645 ponit
3339 5593 3454 5629 ma-

1894 5667 2162 5731 nifestius,
2193 5665 2300 5722 Vos
2335 5677 2511 5721 autem
2535 5682 2662 5722 oves
2693 5682 2842 5729 meai,
2869 5673 2923 5719 et
2942 5681 3068 5719 oves
3097 5681 3304 5735 pascua:
3328 5679 3459 5718 mea:

1896 5760 2135 5814 homines
2171 5760 2320 5813 estis.
2350 5757 2536 5813 Omnis
2564 5758 2721 5826 igitur
2749 5770 2925 5810 sermo
2953 5755 3164 5811 divinus
3195 5756 3256 5807 de
3287 5754 3455 5808 homin
