3936 6320
501 373 602 427 8i"!

1167 376 1226 430 Β.
1271 376 1520 436 ΒΛΒᾹΝΙ
1563 380 1779 438 ΜΛΠΒΙ
1814 381 2067 438 ARCIIIE

2176 384 2482 443 MOGUNT.
2511 387 2810 446 ‘OPEIIUM
2847 389 3026 447 PARS
3061 393 3122 446 Il.
3681 399 3786 451 8:8

499 485 659 542 nibus
679 496 778 543 est.
809 490 890 544 Ad
913 504 1047 558 quos
1070 491 1195 545 dicit
1220 509 1231 545 :
1256 511 1272 540 ‹
1303 493 1416 564 Ego
1440 494 1696 550 Dominus
1721 495 1861 551 Deus
1883 507 2085 564 vester,
2118 506 2161 562 Α
2194 501 2333 578 sicut
2364 501 2428 555 de
2466 501 2788 571 quibusdam
2826 501 2880 556 in
2910 514 3132 572 peccato
3163 521 3259 559 suo
3289 509 3653 564 morientibus
3684 525 3786 578 per

499 579 633 636 dicit
668 581 924 635 Dominus
963 581 1122 636 Deus.
1167 604 1186 635 ι
1227 583 1454 657 (Ci-eg.)
1500 585 1914 656 Nonnumquam
1960 603 2089 660 ergo

502 671 751 727 homines
773 673 905 728 dieit
932 690 1046 742 eos,
1078 691 1214 745 quos
1243 692 1270 729 a
1309 668 1500 732 bestiis
1531 678 1742 733 ratione
1781 679 2083 752 distinguit,

499 762 550 816 id
589 771 691 826 est,
721 779 996 843 quos'non
1026 767 1184 821 atteri
1209 768 1421 822 bestiali
1451 770 1765 838 passionum
1797 778 1947 824 motu
1986 768 2082 825 de-

499 861 790 918 monstrat,
841 855 1036 925 quibus
1080 870 1179 925 per
1220 858 1542 927 prophetam
1589 858 1852 914 Dominus
1898 859 2074 915 dicit:

500 959 517 990 ι
563 941 672 996 Vos
725 954 906 998 autem
961 962 1150 1017 greges
1197 964 1412 1018 pascua:
1464 964 1597 1003 mea“:
1647 949 1780 1004 estis
1834 949 2079 1006 homines

495 1033 713 1104 (Ezcclt.
743 1037 952 1108 xxxnv.)
988 1059 1004 1088 ι
1041 1038 1176 1105 Quia
1217 1041 1337 1093 illos
1378 1040 1634 1094 nimirum
1666 1039 1929 1094 Dominus
1953 1055 2077 1110 pas--

496 1128 589 1189 cit,
649 1143 784 1197 quos
840 1129 1088 1200 voluptas
1131 1132 1311 1186 carnis
1348 1132 1717 1202 jnmentorum
1763 1148 1914 1189 more
1969 1148 2077 1187 non

493 1215 678 1272 aflicit.
717 1218 784 1273 At
807 1230 994 1276 contra
1031 1223 1110 1287 hi,
1141 1224 1233 1294 qui
1262 1224 1468 1278 carnali
1511 1223 1797 1280 affectione
1826 1241 2077 1280 succum-

493 1310 645 1374 bunt,
685 1327 790 1366 non
815 1310 928 1380 jam
975 1314 1243 1382 homines,
1273 1316 1368 1370 sed
1406 1315 1655 1384 jumenta
1681 1318 2032 1372 nominantur
2061 1333 2076 1383 ;

2187 576 2506 659 pI-ophetam
2563 593 2764 647 dicitur
2811 611 2824 646 :
2880 611 2898 645 ι
2938 576 3699 666 Computrueruntjumeuta
3730 602 3782 655 in

2184 690 2428 735 stercore
2465 695 2561 735 suo
2595 680 2753 752 (Joel.
2782 684 2845 754 ι).
2886 703 2905 735 ι
2939 683 3190 740 Jumenta
3221 690 3419 758 quippe
3450 692 3502 743 in
3534 702 3784 748 stercore

2182 786 2280 823 suo
2319 782 2779 841 computrescerc,
2824 785 2908 829 est
2945 779 3192 833 carnales
3231 780 3479 836 homines
3510 783 3562 835 in
3587 783 3785 840 Γωιυιῖ

2185 860 2407 915 luxurire
2453 864 2619 919 vitam
2663 864 2839 922 finire.
2876 866 2992 922 Non
3021 871 3164 922 enim
3209 886 3327 926 esse
3356 873 3628 939 homines,
3675 877 3777 930 sed

2178 949 2425 1019 jumenta
2451 953 2837 1008 deelzrantur:
2871 956 2937 1010 de
2971 958 3168 1026 quibus
3205 976 3301 1030 per
3328 964 3650 1032 prophetam
3693 965 3782 1018 di-

2185 1041 2326 1094 citur
2359 1059 2369 1093 :
2407 1061 2424 1092 (
2449 1041 2844 1113 Unusquisque
2887 1045 2953 1100 ad
2995 1061 3221 1102 uxorem
3260 1052 3493 1118 proximi
3525 1054 3606 1106 sui
3660 1053 3780 1105 bin-

2181 1133 2361 1186 niebat
2402 1133 2534 1204 (Jcr.
2564 1135 2654 1205 v);
2697 1157 2715 1188 ι
2746 1145 2800 1191 et
2828 1137 2892 1192 de
2931 1139 3124 1207 quibus
3154 1143 3415 1211 propheta
3445 1145 3585 1198 alius
3608 1145 3777 1198 dixit:

2186 1240 2202 1272 ς
2235 1222 2438 1278 Carnes
2459 1227 2733 1280 asinorum
2759 1244 2952 1283 carnes
2974 1246 3187 1299 eorum,
3230 1243 3282 1288 et
3309 1233 3514 1291 (luxuse
3545 1253 3780 1305 quorum

2179 1315 2354 1371 fluxus
2379 1333 2566 1373 eorum
2598 1318 2814 1390 (Bacch.
2847 1323 2987 1395 xm).
3035 1343 3053 1376 ι

494 1469 3784 1504 ._______________________________________._____________________

1437 1569 1742 1646 LIBER
1816 1568 2270 1648 DECIMUS
2345 1570 2821 1648 TERTIUS.

554 1751 716 1809 Juxta
740 1753 901 1808 linem
951 1753 1238 1809 anterioris
1259 1753 1382 1808 libri
1430 1753 1693 1809 Dominus
1716 1769 1812 1826 per
1838 1754 2075 1824 Prophe-
2105 1759 2150 1818 Β
2186 1773 2203 1804 ‹
2242 1755 2336 1809 ibi.
2375 1755 2667 1826 Propterea
2699 1757 2820 1811 vivo
2861 1773 2981 1828 ego,
3011 1757 3142 1812 dicit
3176 1760 3433 1815 Dominus
3459 1761 3624 1824 Deus,
3653 1765 3783 1835 quia

487 1858 596 1904 tam
631 1856 878 1917 pastores
917 1846 1286 1902 Israelitarum
1336 1849 1699 1918 reprehendit,
1725 1848 1867 1917 quod
1896 1849 2076 1903 minus

484 1947 665 1994 essent
692 1937 906 1992 solliciti
933 1939 1000 1993 de
1029 1939 1273 1994 custodia
1302 1941 1484 2012 gregis
1508 1940 1622 2006 Dei;
1648 1949 1812 2010 etper
1832 1942 2077 1996 eamdem

487 2031 910 2085 admonitionem
966 2039 1212 2099 pastores
1239 2041 1295 2086 et
1350 2041 1592 2087 rectores
1634 2031 1888 2087 Ecclesire
1941 2033 2078 2087 vitu-

485 2131 659 2193 perat,
690 2123 832 2193 quod
859 2122 1226 2192 voluptatibus
1273 2124 1477 2190 saeculi,
1501 2133 1558 2180 et
1585 2125 1732 2180 curis
1764 2123 1924 2193 hujus
1951 2124 2078 2179 vita:

483 2217 672 2281 dediti,
696 2217 874 2271 minus
895 2217 1248 2271 solertes‘sint
1267 2231 1396 2288 erga
1419 2232 1609 2272 curam
1644 2217 1827 2272 ovium
1849 2215 2073 2282 Christi,

481 2318 536 2361 et
563 2307 802 2378 regimen
849 2307 1088 2362 fidelium
1135 2308 1441 2362 animarum
1499 2309 1601 2362 sibi
1639 2308 2072 2363 commissarum.

484 2397 635 2452 Nune
665 2403 846 2452 autem
877 2397 929 2451 in
953 2398 1127 2467 capite
1154 2397 1438 2466 praesentis
1485 2395 1630 2462 libri,
1659 2410 1964 2452 sermonem
1995 2396 2076 2450 in-

481 2504 638 2560 crepa
646 2489 804 2544 tionis
820 2489 1104 2544 adversum
1119 2504 1240 2544 mon
1249 2497 1352 2544 tem
1365 2486 1512 2555 Seir,
1526 2487 1631 2544 hoc
1643 2496 1745 2554 est,
1763 2487 2072 2554 Idnmazam,

485 2596 579 2650 per
602 2581 922 2652 prophetam
946 2580 1188 2644 mandat,
1221 2595 1285 2635 eo
1307 2580 1448 2650 quod
1474 2579 1702 2650 superbe
1723 2580 1962 2635 sentiens
1983 2578 2074 2633 de-

487 2672 660 2742 spexit
681 2670 933 2741 populum
957 2669 1348 2736 Israeliticum;
1375 2671 1590 2726 minans
1610 2672 1659 2725 ei
1684 2671 1960 2726 interitum
1987 2669 2071 2725 fu-

484 2774 684 2828 turum,
717 2777 818 2834 pro
851 2761 1077 2828 malitia,
1111 2777 1272 2833 quam
1320 2769 1599 2832 gesserant
1633 2776 1761 2834 erga
1796 2761 2073 2832 proximos

481 2870 638 2919 suos;
681 2854 1059 2925 promittitque
1108 2863 1232 2925 post
1270 2854 1386 2909 haec
1431 2853 1692 2908 Dominus
1741 2852 1937 2923 p0pulo
1974 2866 2072 2908 suo

485 2947 938 3001 restaurationem
978 2952 1033 3000 et
1068 2944 1442 3000 liberationem
1481 2945 1546 2999 de
1575 2945 1787 2999 cunctis
1825 2943 2072 3000 hostibus

485 3037 612 3091 suis.
639 3035 769 3104 Qua:
797 3036 999 3100 omnia,
1029 3051 1134 3091 non
1165 3035 1541 3104 tantumjuxta
1567 3035 1850 3092 historiam
1871 3037 1938 3090 ad
1952 3036 2066 3107 ple-

2187 1865 2204 1896 ι
2253 1843 2612 1914 faeiamjuxta
2640 1847 2774 1902 iram
2797 1857 2962 1912 tuam,
2991 1857 3046 1902 et
3069 1852 3366 1905 secundum
3398 1852 3574 1907 zelum
3603 1865 3782 1922 tuum,

2186 1956 2205 1988 ‹
2249 1952 2407 2012 quem
2439 1938 2614 1993 fecisti
2645 1939 2770 1993 odio
2795 1939 3001 1994 habens
3021 1955 3134 2004 cos,
3169 1951 3223 1995 et
3248 1931 3428 1996 notus.
3450 1942 3658 1999 elﬁciar
3680 1948 3780 2003 tibi

2185 2047 2202 2079 ε
2251 2043 2371 2082 eum
2405 2027 2723 2096 judicavero
2781 2039 2856 2094 te,
2889 2039 2944 2084 et
2994 2030 3134 2085 scies
3188 2033 3314 2101 quia
3347 2048 3447 2103 ego
3492 2033 3777 2091 Dominus.

2187 2135 2206 2169 ι
2251 2117 2447 2172 Audivi
2478 2119 2730 2173 universa
2756 2120 3048 2188 opprobria
3098 2127 3213 2185 tua,
3239 2136 3360 2190 quae
3388 2122 3603 2179 locutus
3632 2141 3690 2179 es
3717 2128 3782 2181 de

2184 2231 2202 2263 ‹
2246 2212 2521 2266 montibus
2541 2211 2706 2266 Israel
2729 2211 2914 2266 dicens
2941 2230 2953 2266 :
2982 2211 3192 2267 Deserti
3220 2215 3375 2269 nobis
3407 2215 3523 2270 dati
3553 2229 3682 2271 sunt
3711 2220 3780 2272 ad

2185 2322 2203 2356 ι
2251 2304 2640 2359 devorandum.
2670 2304 2736 2358 Et
2763 2305 3139 2360 insurrcxistis
3163 2322 3323 2376 super
3350 2324 3438 2363 me
3464 2324 3559 2363 ore
3597 2321 3779 2365 vestro

2185 2415 2203 2447 ι
2242 2407 2296 2452 et
2311 2399 2618 2468 derogastis
2632 2398 2916 2453 adversum
2933 2414 3020 2452 me
3042 2417 3054 2452 :
3086 2399 3250 2453 verba
3263 2408 3445 2454 vestra
3459 2417 3558 2472 ego
3572 2403 3776 2457 audivi.

2184 2502 2202 2536 ‹
2242 2485 2369 2541 Ilaec
2403 2487 2534 2542 dicit
2560 2488 2818 2542 Dominus
2860 2486 3002 2542 Deus
3031 2505 3042 2540 :
3077 2487 3320 2543 Lmtante
3346 2490 3603 2545 universa
3634 2501 3776 2546 terra

2184 2597 2202 2630 ‹
2247 2580 2300 2634 in
2326 2579 2670 2635 solitudinem
2691 2589 2750 2633 te
2779 2581 3043 2650 redigam,
3069 2581 3226 2635 sicuti
3258 2583 3480 2652 gavisus
3527 2598 3587 2637 es
3615 2598 3779 2651 super

2183 2688 2202 2721 ι
2249 2670 2622 2725 ὴωτρᾱίωιριη
2671 2670 2861 2724 domus
2903 2670 3064 2725 lsrael
3106 2686 3171 2726 eo
3212 2673 3356 2740 quod
3401 2671 3566 2727 fuerit
3619 2673 3777 2727 dissi-

2182 2777 2203 2813 c
2247 2769 2395 2830 pata,
2443 2761 2524 2815 sic
2568 2759 2763 2814 faciam
2797 2760 2913 2815 tibi.
2944 2761 3246 2830 Dissipatus
3273 2761 3399 2824 eris,
3435 2779 3593 2817 mons
3633 2761 3774 2826 Seir,

2183 2869 2199 2902 ι
2243 2858 2296 2904 et
2325 2850 2501 2905 onuiis
2524 2849 2778 2905 ldumaea.
2831 2851 2900 2905 Et
2929 2852 3104 2906 scient
3158 2852 3282 2920 quia
3312 2866 3412 2922 ego
3440 2867 3560 2906 sum
3592 2852 3772 2906 Domi-

2182 2960 2201 2994 ‹
2226 2959 2367 2998 .nus.
2393 2962 2411 2994 ι
2443 2941 2714 3013 (Ιιίενοη.)
2741 2942 2868 2996 Illud
2895 2951 3096 3007 autem,
3123 2945 3264 3012 quod
3287 2945 3339 2997 in
3364 2943 3506 2998 LXX
3529 2944 3773 2999 additum

2176 3045 2293 3089 est:
2334 3052 2352 3084 ι
2403 3035 2469 3088 Ει
2495 3042 2901 3098 consumentur,
2928 3051 2946 3081 ι
2981 3035 3034 3086 in
3077 3032 3342 3087 llcbraico
3369 3049 3474 3087 non
3522 3035 3770 3089 habetur.

481 3131 600 3183 bem
626 3125 859 3196 priorem
882 3135 929 3179 et
957 3126 1089 3196 legis
1112 3135 1376 3196 tempora,
1407 3127 1500 3182 sed
1524 3127 1686 3181 etiam
1711 3126 1877 3183 multo
1897 3127 2071 3198 magis
2099 3144 2142 3206 ρ
2177 3127 2234 3183 Si
2266 3142 2478 3198 semper
2509 3128 2563 3182 in
2597 3128 2880 3198 prephetis
2921 3138 3065 3183 esset
3100 3143 3280 3182 sermo
3312 3128 3428 3194 Dei,
3466 3140 3519 3183 et
3546 3128 3676 3200 jnge
3719 3132 3771 3184 in

481 3217 772 3273 secundum
805 3216 1114 3286 allegoriam
1149 3217 1216 3272 ad
1254 3226 1464 3288 tempus
1492 3219 1617 3274 novi
1648 3219 1982 3285 testamenti,
2021 3228 2076 3274 et

483 3313 546 3365 ad
572 3309 825 3381 populum
847 3309 1216 3365 Christianum
1241 3302 1522 3366 transferri
1551 3319 1794 3382 possunt,
1835 3311 1924 3365 ubi
1955 3325 2074 3364 ma-

480 3401 673 3455 nifesta
705 3401 948 3469 potentia
978 3400 1152 3455 Deiin
1178 3401 1552 3457 liberationem
1581 3402 1872 3456 electorum
1898 3401 2073 3456 clare-

479 3493 600 3556 seit,
645 3500 698 3545 et
737 3489 882 3558 juste
928 3490 1173 3563 [justum]
1213 3490 1475 3561 judicium
1517 3492 1635 3563 ejus
1664 3492 1717 3547 in
1756 3490 2074 3547 confusione

479 3565 712 3638 hostium
753 3584 999 3652 patescit.

1050 3672 1277 3731 CAPUT
1304 3674 1520 3730 XXXV.

481 3765 663 3822 Sermo
696 3783 850 3837 super
873 3776 1097 3819 mentem
1130 3764 1265 3830 Seir,
1291 3765 1364 3837 de,
1397 3766 1692 3837 conditione
1735 3766 1870 3837 ejus,
1895 3783 1988 3837 pro
2012 3783 2070 3821 eo

831 3837 968 3907 quod
997 3837 1177 3907 afﬂixit
1208 3835 1455 3905 populum
1489 3836 1722 3889 Domini.

553 3969 569 3999 ι
593 3949 659 4003 Et
701 3946 874 4003 factus
905 3957 988 4002 est
1042 3963 1220 4002 sermo
1266 3947 1475 4002 Domini
1504 3950 1570 4003 ad
1602 3965 1686 4004 me
1735 3949 1922 4006 dicens
1949 3969 1962 4004 :
1995 3951 2069 4006 fili

487 4076 496 4094 .
550 4042 951 4110 hominis,pone
968 4039 1159 4094 faciem
1179 4041 1627 4096 tuamadversum
1655 4051 1891 4097 montem
1923 4042 2065 4110 Seir,

489 4171 500 4192 .
539 4142 592 4187 et
624 4133 970 4204 prophetabis
994 4132 1057 4186 de
1079 4147 1166 4196 eo,
1192 4142 1244 4186 et
1276 4133 1423 4186 dices
1445 4131 1543 4197 illi,
1577 4131 1704 4188 llaec
1730 4134 1860 4187 dicit
1887 4133 2069 4190 Domi-

489 4263 502 4286 .
549 4242 650 4279 nus
678 4226 818 4279 Deus
845 4243 856 4278 :
884 4226 1021 4280 Ecce
1048 4239 1147 4291 ego
1178 4225 1243 4277 ad
1270 4234 1337 4291 te,
1361 4240 1515 4279 mons
1541 4223 1682 4291 Seir,
1707 4234 1761 4280 et
1780 4227 2069 4280 extendam

488 4350 500 4372 .
547 4334 764 4372 inamnn
796 4333 969 4371 meam
1005 4333 1166 4386 super
1203 4325 1272 4380 te,
1303 4325 1356 4369 et
1397 4316 1535 4370 dabo
1570 4325 1619 4370 te
1659 4314 1959 4370 desolatum
1982 4326 2066 4370 at-

491 4446 504 4467 .
543 4425 649 4478 que
681 4409 974 4462 desertum.
1004 4407 1178 4462 Urbes
1204 4414 1323 4460 tuas
1349 4406 1629 4470 demoliar,
1653 4412 1710 4460 et
1737 4415 1794 4459 tu
1821 4408 2066 4460 desertus

2175 3231 2395 3290 pectore
2448 3236 2635 3274 eorum
2697 3219 2920 3274 haberet
2973 3221 3287 3290 hospitium,
3331 3237 3606 3290 nunquam
3656 3238 3772 3277 ere-

2175 3313 2274 3366 bro
2314 3311 2566 3366 Ezechiel
2602 3318 2828 3381 poneret
2863 3329 2873 3363 :
2917 3329 2936 3360 (
2979 3312 3045 3364 Et
3072 3311 3245 3366 factus
3269 3321 3352 3366 est
3376 3327 3556 3366 sermo
3587 3313 3770 3366 Douii-

2175 3403 2228 3457 ni
2246 3403 2313 3457 ad
2332 3417 2418 3454 me
2441 3401 2656 3466 dicens;
2698 3421 2715 3453 ›
2748 3402 2838 3455 sed
2859 3403 2982 3471 quia
3009 3403 3078 3456 ob
3105 3403 3398 3456 humanam
3426 3402 3773 3472 fragilitatem

2174 3502 2230 3549 et
2251 3494 2376 3549 vitae
2407 3491 2568 3560 hujus
2597 3493 2952 3547 necessitates
2973 3492 3241 3546 interdum
3269 3493 3554 3547 recedebat
3578 3495 3649 3547 ab
3669 3494 3770 3558 eis,

2172 3593 2458 3656 propterea
2488 3584 2723 3638 Joannes
2754 3584 2994 3652 Baptista
3026 3584 3258 3652 loquitur
3284 3599 3298 3636 :
3331 3604 3348 3634 c
3386 3585 3490 3650 Qui
3517 3586 3661 3638 misit
3688 3601 3772 3639 me

2173 3677 2471 3747 baptizare,
2491 3678 2602 3746 ipse
2636 3677 2774 3729 dixit
2801 3676 2955 3737 mihi,
2987 3675 3162 3744 Super
3184 3691 3343 3742 quem
3372 3676 3576 3730 videris
3604 3673 3774 3744 Spiri-

2176 3777 2286 3823 tum
2309 3773 2555 3822 sane'tum
2582 3767 2632 3820 in
2660 3766 2837 3835 specie
2853 3765 3117 3821 columine
3134 3765 3553 3821 descendentem
3581 3777 3635 3821 et
3657 3783 3769 3821 ma-

2174 3871 2385 3916 nentem
2405 3861 2559 3921 ineo,
2578 3858 2690 3927 ipse
2718 3866 2799 3910 est
2825 3858 3007 3926 (Joan.
3037 3857 3097 3928 ι).
3126 3879 3142 3909 ι
3169 3857 3458 3927 Nunquam
3484 3859 3629 3912 enim
3652 3875 3771 3928 νω-

2168 3953 2345 4020 prium
2374 3958 2519 4005 esset
2541 3950 2592 4002 in
2617 3949 2855 4013 Christo,
2879 3948 3023 4016 quod
3047 3949 3264 4002 additur
3291 3967 3302 4000 :
3333 3968 3348 3998 ε
3379 3958 3436 4002 et
3464 3960 3768 4003 manentem

2173 4046 2225 4096 in
2243 4053 2365 4105 eo,»
2387 4043 2487 4097 nisi
2502 4043 2568 4096 ab
2586 4041 2706 4094 aliis
2724 4055 3108 4109 nonnunquam
3127 4041 3405 4095 recederet
3425 4055 3439 4092 :
3458 4041 3694 4110 alioquin
3719 4050 3770 4093 et

2171 4135 2238 4189 ad
2269 4135 2485 4205 Moysen
2513 4134 2933 4203 loquiturDcus:
2956 4153 2974 4185 ι
2999 4131 3250 4186 Auferam
3271 4134 3336 4187 de
3359 4135 3573 4203 spiritu,
3605 4135 3688 4201 qui
3719 4135 3768 4184 in

2173 4236 2223 4280 te
2243 4235 2326 4280 est
2351 4244 2363 4278 :
2390 4225 2578 4294 (Num.
2607 4226 2716 4294 xi);
2749 4245 2765 4274 ι
2792 4239 2954 4293 quem
2974 4224 3158 4292 utique
3177 4239 3281 4278 non
3309 4225 3559 4288 haberet,
3585 4225 3682 4278 nisi
3707 4228 3767 4276 ad

2171 4331 2292 4371 eum
2314 4332 2340 4368 a
2367 4315 2591 4368 Domino
2616 4315 3005 4368 descendisset.
3031 4314 3220 4368 Omnis
3243 4323 3422 4367 autem
3452 4314 3766 4382 istiuscapi-

2172 4408 2267 4462 tuli
2297 4408 2578 4477 prophetia
2600 4415 2683 4461 est
2703 4415 2891 4461 contra
2923 4405 3329 4468 montemSeir,
3361 4405 3596 4462 filiorum
3628 4407 3762 4460 vitle-

491 4537 502 4554 .
545 4502 675 4565 eris,
735 4510 788 4554 ct
810 4500 948 4554 scies
1001 4500 1124 4568 quia
1157 4515 1255 4567 ego
1308 4499 1582 4556 Dominus.
1611 4512 1676 4550 eo
1703 4497 1844 4564 quod
1899 4495 2068 4551 fueris
2094 4513 2146 4571 D
2173 4502 2298 4555 licet
2324 4501 2461 4555 Esau
2485 4510 2537 4554 et
2561 4500 2752 4564 Edom,
2771 4499 2863 4568 qui
2886 4498 3069 4552 Grzcca
3096 4508 3149 4551 et
3169 4506 3354 4552 nostra
3383 4498 3568 4568 lingua
3593 4498 3764 4567 appel-

495 4629 506 4651 υ
548 4592 795 4646 inimicus
839 4591 1219 4659 sempiternus,
1267 4597 1322 4643 et
1363 4588 1694 4643 concluseris
1735 4587 1872 4641 filios
1905 4586 2066 4641 Israel

491 4721 501 4743 .
550 4684 600 4736 in
630 4698 822 4736 manus
852 4683 1010 4753 gladii
1043 4683 1094 4735 in
1145 4691 1385 4750 tempore
1437 4679 1742 4735 atllietionis
1784 4695 1970 4734 eorum
2013 4680 2064 4732 in

492 4810 503 4829 .
551 4782 791 4841 tempore
820 4773 1119 4841 iniquitatis
1146 4782 1425 4825 extremm.
1463 4770 1758 4839 Propterea
1786 4770 1908 4823 vivo
1942 4784 2064 4840 ego,

410 4856 415 4864 ’
490 4902 502 4925 ι
553 4864 682 4919 dicit
713 4864 972 4917 Dominus
1001 4863 1158 4925 Deus.
1185 4863 1441 4930 quoniam
1472 4862 1722 4932 sanguini
1753 4862 1960 4915 tradam
1991 4873 2063 4924 te,

495 4991 507 5012 κ
545 4965 600 5010 et
621 4957 839 5024 sanguis
866 4965 914 5008 te
943 4965 1316 5024 persequetur.
1348 4953 1411 5006 Et
1439 4967 1562 5006 eum
1593 4952 1908 5022 sanguinem
1938 4951 2066 5005 ode-

492 5079 504 5103 .
548 5046 622 5098 ris
651 5046 870 5114 sanguis
901 5053 1258 5115 persequetur
1293 5052 1363 5097 te.
1398 5043 1462 5096 Et
1488 5041 1628 5097 dabo
1678 5053 1914 5096 montem
1945 5041 2066 5097 Scir

492 5172 503 5192 .
549 5136 848 5191 desolatum
869 5146 924 5192 et
946 5138 1242 5200 desertum,
1261 5145 1314 5190 et
1335 5135 1575 5190 auferam
1599 5136 1664 5190 de
1687 5151 1750 5190 eo
1773 5149 1990 5190 euntem
2011 5143 2067 5188 et

491 5271 506 5296 ς
549 5237 884 5294 redeuntem,
910 5241 964 5284 et
986 5229 1217 5298 implebo
1242 5238 1452 5284 montes
1472 5228 1587 5298 ejus
1608 5228 1912 5282 occisorum
1941 5242 2065 5280 suo-

491 5360 505 5383 .
550 5345 686 5382 ι·ιιιιι.
711 5327 768 5380 In
800 5325 1029 5380 collibus
1061 5324 1166 5378 tuis
1197 5333 1250 5377 et
1289 5324 1339 5376 in
1384 5322 1610 5377 vallibus
1657 5322 1765 5376 tuis
1816 5330 1979 5389 atque
2005 5320 2056 5372 in

494 5456 507 5477 .
545 5418 871 5472 torrentibus
902 5413 1171 5469 interfecti
1200 5413 1375 5483 gladio
1403 5414 1616 5469 cadent.
1641 5413 1697 5467 In
1746 5411 2060 5467 solitudines

491 5541 504 5565 ι
551 5510 906 5578 sempiternas
935 5506 1141 5559 tradam
1173 5514 1244 5567 te,
1273 5513 1326 5558 et
1350 5505 1596 5560 civitates
1620 5513 1723 5558 tua:
1774 5519 1878 5556 non
1906 5502 2058 5556 habi-

494 5639 505 5657 .
546 5601 820 5656 tabuntnr.
880 5598 944 5651 Et
981 5597 1163 5651 scietis
1203 5597 1326 5665 quia
1356 5612 1454 5665 ego
1488 5597 1749 5651 Dominus
1797 5598 1955 5658 Dous,
1993 5610 2059 5648 eo

493 5726 506 5751 ι
540 5690 678 5757 quod
703 5689 926 5752 dixeris,
954 5689 1077 5742 [tum
1106 5697 1292 5755 gentes
1319 5697 1371 5741 et
1400 5687 1518 5742 dua:
1545 5697 1701 5742 terra:
1727 5695 2058 5751 memorant,

494 5813 507 5836 .
547 5791 602 5837 et
645 5780 955 5835 haereditate
994 5777 1278 5850 possidcbo
1325 5792 1436 5843 eas,
1467 5793 1587 5832 cum
1638 5777 1897 5832 Dominus
1920 5787 2061 5830 esset
2105 5797 2107 5799 ·

2173 4593 2353 4647 lantur
2375 4592 2613 4653 ldumzei,
2633 4607 2695 4644 eo
2719 4590 2862 4659 quod
2889 4590 2942 4642 in
2968 4598 3208 4657 tempore
3230 4589 3581 4652 necessitatis
3602 4597 3651 4642 ct
3672 4603 3763 4638 au-

2169 4686 2379 4756 gustim,
2417 4699 2538 4738 cum
2567 4681 2736 4736 Judas
2774 4681 3088 4748 capiebatur
3117 4678 3512 4748 :t'BnbonniiS.
3552 4677 3764 4732 insulta-

2168 4780 2348 4835 verint
2375 4779 2475 4842 eis,
2500 4785 2554 4830 et
2585 4774 2758 4844 ejecto
2778 4773 2975 4844 popqu
2999 4771 3308 4826 Juda‘erum
3334 4771 3436 4825 sibi
3463 4769 3762 4839 putaverint

2171 4883 2373 4925 terram
2407 4866 2662 4922 traditam
2692 4866 2758 4919 ad
2789 4861 3198 4934 possidendum,
3230 4870 3286 4914 et
3321 4876 3428 4914 non
3463 4860 3633 4914 solum
3656 4875 3760 4913 non

2168 4961 2507 5031 susceperim
2535 4958 2731 5012 fratres
2756 4971 2901 5017 suos,
2941 4953 3078 5006 filios
3110 4953 3358 5006 videlicet
3379 4951 3550 5007 Jacob
3583 4950 3764 5005 fratris

2169 5051 2272 5115 sui,
2291 5049 2383 5102 sed
2402 5046 2670 5118 persecuti
2696 5046 2804 5099 sint
2826 5052 2882 5096 et
2903 5041 3269 5097 eoneluserint
3296 5042 3349 5094 in
3378 5057 3569 5096 manus
3580 5039 3756 5111 gladii.

2171 5141 2324 5195 Unde
2384 5137 2721 5192 manifestius
2777 5135 3163 5204 interpretatus
3215 5141 3301 5186 est
3347 5130 3756 5202 Symmachus:

2175 5252 2190 5282 ι
2222 5231 2554 5301 Sanguinem
2581 5240 2730 5282 tuum
2755 5226 2936 5291 odisti,
2961 5233 3013 5278 et
3035 5224 3251 5292 sanguis
3269 5234 3619 5293 persequetur
3641 5231 3711 5276 te.
3736 5241 3753 5272 ι

2170 5324 2529 5394 I’rophctatur
2549 5331 2751 5385 autem,
2774 5320 2916 5389 quod
2939 5329 2991 5371 et
3019 5318 3131 5388 ipse
3162 5317 3457 5386 capiendus
3479 5318 3564 5382 sit,
3590 5326 3643 5370 et
3671 5330 3753 5369 rc-

2169 5416 2428 5487 digcndus
2456 5416 2521 5469 ad
2553 5413 2869 5468 solitudines
2904 5410 3283 5479 sempiternas,
3329 5417 3384 5463 et
3425 5424 3601 5465 rerum
3630 5407 3750 5468 fine,

2170 5519 2458 5577 cognoscat
2480 5522 2599 5561 esse
2619 5504 2857 5573 judieem
2881 5501 3075 5565 Deum,
3099 5514 3165 5554 eo
3183 5500 3326 5568 quod
3354 5500 3568 5561 dixerit,
3591 5518 3607 5548 ι
3634 5499 3754 5551 Diue

2170 5605 2356 5666 gentes
2383 5607 2437 5651 et
2466 5597 2579 5649 dine
2611 5593 2859 5664 regiones
2888 5605 3018 5644 mete
3051 5599 3196 5652 sunt,
3237 5609 3254 5641 ›
3287 5589 3369 5644 vel
3404 5589 3752 5644 ldumazorum

2171 5696 2223 5741 et
2252 5686 2582 5749 Ju-tarorum,
2614 5686 2696 5738 vel
2726 5693 2874 5737 certe
2897 5680 3047 5736 Iudae
3079 5691 3130 5735 et
3153 5682 3338 5746 lsrael,
3373 5683 3597 5736 duarum
3619 5680 3753 5734 vide-

2170 5777 2294 5833 licet
2319 5788 2370 5831 et
2394 5779 2577 5831 decem
2610 5777 2866 5830 tribuum.
2900 5772 2962 5826 Et.
2991 5771 3201 5827 locutus
3223 5789 3280 5826 es
3306 5775 3369 5826 ίιι·
3397 5770 3664 5826 montibus
3685 5769 3746 5821 ls-
