3936 6354
201 424 304 481 849

1114 423 1462 484 COMMENT.
1506 424 1572 482 IN
1612 418 2064 479 EZECHIELEM.
2106 453 2173 462 —
2213 421 2339 477 LIB.
2380 421 2514 477 XIII.

3351 426 3455 482 850

200 537 333 604 rael,
376 538 560 594 dicens
597 558 607 592 :
652 559 668 590 ι
707 537 914 594 Deserti
944 541 1096 595 nobis
1131 541 1240 594 dati
1256 547 1380 595 sunt
1412 537 1478 594 ad
1513 540 1775 595 devoran-
1802 539 1853 598 Α
1879 543 1959 590 tra
1986 534 2120 589 ﬁlios
2143 534 2258 601 Dei,
2287 543 2341 589 et
2363 535 2543 590 dolose
2565 535 2764 604 aliquid
2789 538 2958 607 egerit
2981 537 3320 593 etobsederit
3340 552 3454 605 eos,

202 628 329 684 dum
353 643 368 683 :
400 648 419 682 ι
444 645 551 683 non
571 631 918 686 considerans
941 631 1082 700 quod
1105 633 1218 686 hcec
1246 640 1431 685 contra
1456 631 1622 684 Deum
1645 629 1783 684 blas-

198 718 418 790 phemia
438 721 780 782 redundaret.
806 720 958 776 Unde
983 722 1256 791 sequitur:
1277 721 1518 777 laetante
1532 724 1778 777 universa

197 816 350 865 terra
389 811 443 865 in
469 811 810 866 solitudinem
845 822 894 866 te
935 814 1215 884 redigam:
1253 833 1270 865 ι
1298 823 1381 868 est
1413 829 1623 879 sensus,
1658 827 1782 869 cum

202 903 383 957 omnis
422 915 567 956 terra
599 901 781 958 Judaea
826 905 1086 974 receperit
1121 904 1410 974 pristinum
1463 913 1680 968 statum,
1726 913 1780 957 tu

199 992 547 1062 permanehis
586 994 637 1046 in
681 992 964 1047 solitudine
1003 993 1354 1062 sempiterna.
1404 992 1663 1062 Quodque
1705 995 1783 1047 in-

197 1080 425 1137 fertur:
468 1099 486 1134 ι
545 1081 715 1136 Sicuti
760 1082 977 1152 gavisus
1023 1098 1081 1136 es
1127 1097 1288 1150 super
1340 1071 1650 1137 inmeditate
1689 1082 1783 1135 do-

199 1189 323 1228 mus
369 1172 672 1242 lsraelteo
726 1175 866 1242 quod
920 1173 1082 1228 fuerit
1127 1174 1408 1242 dissipata,
1460 1173 1538 1227 sic
1586 1172 1781 1227 faciam

195 1263 317 1326 tibi,
344 1284 358 1317 I
387 1264 438 1318 in
470 1262 822 1334 Septuaginta
854 1279 959 1317 non
987 1264 1235 1328 habetur,
1261 1263 1356 1318 sed
1384 1263 1482 1317 sub
1507 1263 1784 1317 asteriscis

193 1363 266 1410 de
290 1354 671 1410 Theodotionis
697 1355 946 1408 versione
971 1354 1212 1407 additum
1237 1362 1339 1408 est.
1386 1353 1575 1408 Omnis
1601 1362 1781 1408 autem

195 1445 280 1500 ira
307 1447 400 1501 Dei
434 1445 558 1499 illuc
596 1445 808 1514 proiicit
850 1453 1040 1498 contra
1094 1452 1327 1509 montem
1372 1443 1512 1507 Seir,
1548 1453 1606 1497 ut
1660 1458 1782 1498 cum

194 1533 365 1590 fuerit
393 1534 710 1604 dissipatus,
736 1543 791 1588 et
824 1535 936 1602 ipse
962 1543 1016 1587 et
1043 1533 1292 1586 universa
1327 1534 1554 1588 Idun'iacu
1587 1547 1782 1603 cogno-

194 1634 357 1680 scant
387 1626 512 1694 quia
545 1626 656 1694 ipse
685 1624 756 1678 sit
779 1625 1056 1678 Dominus.
1093 1625 1215 1678 Haec
1236 1622 1392 1692 juxta
1421 1624 1698 1677 historiam
1727 1631 1783 1677 et

193 1730 414 1770 sensum
454 1717 625 1785 magis
659 1731 817 1785 quam
845 1715 1004 1769 verba
1024 1715 1224 1769 cursim
1252 1715 1509 1770 dixerim:
1538 1713 1788 1768 transibo

193 1807 262 1859 ad
287 1809 571 1878 ἀναγωγήν,
597 1816 651 1859 et
676 1807 854 1860 studio
877 1805 1155 1860 brevitatis
1178 1820 1343 1874 pauca
1372 1804 1731 1875 perstringam
1763 1821 1774 1856 :

1886 626 2125 680 tradetur
2148 626 2201 680 in
2223 641 2413 680 manus
2439 626 2598 697 gladii
2629 627 2768 682 sicut
2787 644 2943 684 mons
2970 628 3111 694 Seir,
3142 628 3194 684 in
3222 639 3460 700 tempore

1884 716 2182 785 iniquitatis
2203 725 2478 782 extremae,
2497 731 2618 772 eum
2641 717 2755 772 dies
2775 721 2989 788 pessimi
3006 728 3132 774 Sunt
3155 729 3207 774 et
3233 722 3460 778 mundus

1885 808 1936 862 in
1987 809 2220 879 maligno
2276 809 2484 878 positus
2534 818 2638 872 est,
2670 818 2725 864 et
2783 811 3132 880 multiplicata
3177 813 3460 882 iniquitate

1888 898 2184 968 refrigescit
2213 900 2454 954 charitas
2476 900 2767 955 multorum
2800 900 2849 972 (1
2877 901 3035 956 Joan.
3059 903 3132 975 v).
3165 903 3258 957 Est
3279 913 3458 958 autent

1885 994 1939 1039 et
1967 986 2108 1041 aliud
2142 997 2418 1056 peccatum
2461 989 2658 1044 montis
2700 990 2838 1054 Seir,
2869 999 2926 1045 ut
2979 993 3230 1061 quoniam
3272 988 3457 1049 oderat

1886 1077 2200 1146 sanguinem
2223 1078 2490 1146 justorum
2510 1120 2525 1143 ,
2556 1094 2714 1148 quem
2745 1081 2967 1151 singulis
2995 1085 3460 1152 persecutiouihus

1885 1165 2135 1236 cupiebat
2175 1167 2404 1233 effundi,
2438 1169 2504 1223 ab
2539 1170 2654 1240 ipso
2699 1153 2955 1241 sanguine
2986 1173 3247 1227 sustineat
3273 1190 3457 1243 perse-

1885 1257 2176 1312 cutionem.
2237 1256 2390 1312 Unde
2446 1268 2500 1312 et
2551 1261 2650 1315 sub
2704 1261 2856 1316 altari
2906 1272 3214 1317 sanctorum
3271 1266 3463 1318 animos

1884 1347 2170 1402 clamitant
2211 1357 2266 1402 et
2298 1349 2555 1404 ultionem
2602 1366 2630 1404 a
2677 1351 2902 1407 Domino
2933 1350 3014 1408 sui
3061 1355 3336 1425 sanguinis
3374 1357 3464 1408 dc-

1882 1446 2194 1508 precantur
2218 1437 2401 1510 (Apoc.
2437 1440 2532 1508 vi).
2568 1441 2634 1495 Et
2678 1441 2995 1497 auferuntur
3019 1446 3084 1499 de
3132 1455 3313 1500 monte
3345 1447 3465 1500 Seir

1884 1540 2076 1584 euntes
2126 1538 2182 1585 et
2219 1530 2536 1597 redeuntes,
2582 1533 2637 1587 id
2681 1541 2764 1587 est
2809 1536 2984 1589 omnis
3033 1537 3304 1591 habitator
3350 1538 3464 1591 sive

1884 1621 2130 1676 homines
2161 1631 2216 1677 et
2255 1623 2522 1692 jumenta,
2554 1625 2694 1695 quod
2721 1627 2997 1682 salvantur
3024 1629 3076 1683 in
3119 1630 3368 1694 ecclesia,
3400 1631 3465 1685 de

1883 1715 2078 1782 quibus
2104 1716 2362 1786 scriptum
2405 1725 2490 1790 est
2521 1736 2533 1771 :
2570 1737 2586 1770 ι
2626 1718 2880 1774 Homines
2909 1730 2964 1774 et
3003 1721 3246 1791 jumenta
3289 1723 3467 1778 salvos

1885 1803 2050 1859 facies
2070 1844 2084 1869 ,
2114 1805 2339 1860 Domine
2368 1804 2539 1877 (Psal.
2572 1809 2759 1880 xxxv).
2797 1829 2815 1861 ι
2862 1809 3011 1877 Quod
3043 1811 3096 1865 in
3138 1823 3318 1868 monte
3345 1814 3467 1870 Scir

196 1912 238 1944 ιε
267 1895 433 1958 Pone,
483 1914 515 1946 ι·
548 1895 740 1964 inquit,
770 1895 884 1948 sive
912 1903 1166 1949 converte
1203 1914 1219 1943 ι
1271 1893 1461 1949 faciem
1496 1902 1642 1947 tuam
1689 1897 1784 1948 ad-
1813 1886 1859 1944 Β
1888 1904 2173 1966 utrumque
2219 1896 2446 1962 deletur,
2489 1889 2564 1953 aut
2611 1909 2666 1956 et
2712 1902 2796 1966 hi,
2847 1903 2953 1971 qui
2979 1904 3230 1959 videntur
3263 1907 3466 1981 aliquid

192 1998 675 2042 versum-montem
711 1986 849 2041 Seir.
888 2007 904 2038 ι
956 1988 1019 2040 Et
1055 1985 1443 2058 signiﬁcanter,
1469 1987 1566 2052 ait,
1603 2006 1620 2037 ι
1655 2003 1783 2041 con-

192 2089 347 2133 verte
376 2100 393 2132 ι
427 2081 493 2134 ab
512 2079 908 2149 aliapmphetia
929 2080 994 2134 ad
1023 2079 1181 2133 aliam
1204 2078 1780 2150 prophetiam:faeicm

189 2178 375 2223 autem
435 2185 538 2223 non
597 2171 869 2239 corporis,
923 2173 1015 2224 sed
1069 2171 1258 2235 animi,
1289 2171 1354 2223 de
1409 2185 1514 2240 qua
1558 2171 1687 2225 dicit
1729 2181 1784 2225 et

184 2259 483 2331 Apostolus
508 2277 522 2315 :
553 2281 570 2310 ι
603 2261 709 2315 Nos
733 2273 906 2315 autem
929 2277 1118 2316 omnes
1145 2262 1377 2316 revelata
1399 2259 1535 2317 facie
1557 2262 1780 2332 gloriam

193 2349 416 2405 Domini
445 2351 893 2420 contemplantes.
940 2372 956 2404 ι
992 2353 1143 2406 Mons
1169 2362 1349 2407 autem
1399 2353 1536 2412 Seir,
1562 2353 1652 2424 qui
1675 2398 1681 2405 .
1701 2354 1782 2408 in-

188 2453 530 2515 terpretatur
559 2445 790 2515 hispidus
848 2454 903 2500 et
951 2446 1171 2514 pilosus,
1204 2445 1475 2499 contraria
1522 2443 1782 2498 fortitudo

185 2537 508 2607 accipienda
540 2546 640 2600 est,
679 2554 798 2607 quae
834 2539 1157 2606 prtesidebat
1182 2538 1323 2609 genti
1362 2537 1589 2590 filiorum
1615 2537 1780 2602 Esau,

184 2638 242 2682 et
275 2644 332 2683 se
363 2637 548 2682 contra
581 2629 831 2698 pupulum
880 2629 1037 2693 Juda,
1083 2629 1137 2682 id
1182 2637 1287 2692 est,
1326 2627 1679 2684 confessionis
1729 2638 1784 2684 et

182 2736 335 2775 vera:
365 2721 486 2776 ﬁdei
517 2731 786 2776 erexerat.
823 2721 977 2788 Qdod
1026 2721 1070 2776 si
1129 2722 1362 2790 prudens
1407 2721 1576 2775 lector
1615 2735 1780 2791 oppo-

184 2813 382 2875 suerit,
429 2814 696 2881 quomodo
722 2813 774 2866 in
808 2812 910 2867 isto
942 2812 1057 2866 loco
1107 2811 1248 2876 Scir,
1281 2813 1385 2866 hoc
1423 2821 1507 2866 est
1537 2811 1781 2880 hispidus

183 2911 243 2957 et
278 2901 503 2971 pilosus,
532 2902 864 2973 intelligatur
895 2902 944 2955 in
978 2901 1173 2955 malam
1209 2911 1440 2972 partem,
1490 2916 1612 2956 cum
1636 2900 1780 2954 Elias

183 3009 405 3064 quoque
435 2995 518 3047 vir
546 2994 748 3062 pilosus
772 2994 948 3048 dictus
991 2993 1080 3055 sit,
1111 2994 1348 3047 breviter
1398 2991 1731 3060 respondebo
1763 3008 1776 3044 :

185 3084 268 3140 De
295 3084 435 3140 Esau
463 3086 723 3153 scriptum
755 3093 838 3138 est
867 3083 1019 3154 (Gen.
1061 3084 1209 3153 xxv),
1241 3085 1383 3153 quod
1415 3082 1564 3138 rufUS
1617 3081 1782 3138 fuerit

183 3185 244 3230 et
292 3175 444 3244 quasi
497 3175 650 3245 pellis
706 3174 932 3244 hispidae
973 3191 985 3228 :
1038 3173 1104 3228 de
1145 3174 1259 3228 Elia
1309 3189 1479 3238 vero,.
1520 3172 1661 3242 quod
1697 3172 1782 3226 vir

188 3274 402 3320 tantum
430 3265 654 3334 pilosus.
687 3265 743 3319 In
789 3264 950 3329 Esau,
979 3265 1070 3334 qui
1103 3264 1481 3334 sanguinarius
1505 3274 1560 3317 et
1586 3278 1782 3318 cruen-
1807 3236 1852 3299 θ’

187 3366 276 3412 tus
303 3359 429 3427 pelli
475 3357 702 3426 hispidat
728 3364 1076 3426 comparatur
1118 3356 1423 3410 mortalium
1457 3370 1682 3425 operum
1724 3363 1779 3409 et

185 3449 358 3520 ipsius
407 3452 596 3504 mortis
629 3449 884 3504 indicium
933 3457 1061 3503 est:
1101 3449 1153 3502 in
1203 3449 1317 3502 Elia
1366 3449 1639 3504 virilitatis
1681 3464 1780 3503 au-

184 3548 466 3612 gmentum
499 3539 604 3610 (IV
635 3539 762 3610 Reg.
792 3538 854 3611 ι).
887 3538 1248 3606 Quamobrem
1274 3547 1328 3593 et
1357 3538 1620 3593 habitatio
1665 3537 1791 3607 ejus

184 3631 243 3688 in
268 3631 557 3687 solitudine
584 3641 638 3687 et
662 3631 1098 3687 conversazionis
1134 3634 1426 3685 austeritas
1454 3614 1566 3686 non
1609 3631 1781 3686 solum

183 3723 388 3787 virum,
441 3724 534 3777 sed
583 3733 640 3778 et
688 3725 863 3778 virum
923 3724 1278 3777 fortissimum
1353 3722 1777 3778 demonstrabat.

187 3810 358 3868 Porro
391 3811 578 3878 Jacob,
609 3814 701 3882 qui
753 3813 1195 3882 snpplantaverat
1237 3812 1400 3876 Esau,
1426 3822 1480 3867 et
1507 3814 1780 3884 primoge-

188 3905 303 3959 nita
334 3903 452 3972 ejus
492 3913 791 3974 acceperat,
823 3905 946 3974 quia
979 3904 1296 3974 simpliciter
1322 3903 1600 3958 habitabat
1638 3903 1781 3960 domi

185 4007 241 4053 et
265 4013 375 4053 non
405 4007 526 4052 erat
551 4007 774 4053 venator
803 3998 943 4053 sicut
971 3999 1118 4070 gigas
1145 3998 1398 4076 Nemrod,
1429 3997 1628 4071 idcirco
1649 3999 1783 4054 levis

186 4089 491 4158 appellatur
515 4097 569 4142 et
598 4089 818 4144 nitidus.
851 4087 1142 4144 Videamus
1169 4104 1323 4160 ergo.
1355 4089 1480 4158 quid
1503 4089 1606 4144 dici
1651 4104 1785 4158 prac-

185 4177 356 4246 cipiat
389 4177 529 4232 Deus
566 4177 631 4231 ad
663 4187 898 4232 montem
951 4178 1066 4232 sive
1111 4190 1301 4232 contra
1348 4187 1584 4232 montem
1611 4206 1614 4208 η
1639 4179 1780 4244 Seir,

194 4285 213 4317 ι
261 4267 402 4321 Ecce
435 4281 546 4335 ego
571 4268 745 4332 advte,
787 4283 942 4324 mons
979 4269 1117 4323 Seir.
1158 4287 1176 4321 ι
1214 4268 1327 4323 Non
1358 4271 1569 4324 mittam
1621 4286 1784 4340 ange-

189 4356 292 4421 los,
331 4373 433 4418 nee
454 4357 573 4412 aliis
600 4366 720 4412 utar
749 4359 1036 4422 ministris,
1075 4359 1168 4413 sed
1199 4359 1314 4428 ipse
1339 4361 1406 4415 ad
1443 4369 1493 4414 te
1533 4362 1780 4418 veniant.

194 4463 212 4497 ι
260 4445 327 4500 Ει
347 4445 632 4501 extendam
661 4461 878 4500 manum
905 4462 1080 4501 meam
1108 4463 1272 4517 super
1290 4457 1361 4514 te;
1411 4468 1428 4500 ι
1456 4459 1516 4502 ut
1540 4449 1790 4503 habitum

186 4538 542 4607 percutientis
581 4538 882 4590 adsumam.
920 4557 953 4588 ι·
983 4538 1214 4594 Et-dabo
1258 4549 1320 4594 te
1349 4539 1643 4594 desolatum
1693 4549 1778 4593 at-

187 4644 295 4699 que
325 4629 620 4691 desertum,
649 4641 713 4683 ut
735 4629 824 4699 qui
858 4630 997 4684 male
1045 4629 1398 4696 habitabaris,
1427 4640 1481 4686 et
1520 4631 1780 4700 plurimos

189 4719 428 4774 habebas
449 4718 737 4788 impietatis
767 4728 870 4773 tua:
905 4719 1099 4785 socios,
1131 4720 1183 4773 in
1208 4727 1414 4774 tantum
1445 4729 1503 4774 ut
1536 4729 1588 4774 et
1616 4721 1779 4776 urbes

187 4819 535 4875 exstrueres,
563 4809 953 4878 imperiumque
993 4809 1087 4864 tibi
1126 4810 1402 4880 proprium
1449 4809 1773 4876 vindicares,

185 4916 332 4958 nunc
364 4902 637 4957 desolatus
682 4917 804 4956 cum
832 4903 1057 4958 urbibus
1106 4903 1234 4966 tuis,
1275 4918 1408 4971 quas
1437 4911 1489 4956 et
1513 4900 1778 4957 Jeremias

186 4993 714 5063 destrucrejubetur
740 5005 899 5063 atque
927 4994 1211 5059 suﬁ‘oderc,
1255 5004 1314 5047 ut
1337 4996 1504 5049 bonas
1550 5010 1650 5063 pro
1696 4995 1776 5049 eis

188 5093 433 5140 exstruth
446 5085 708 5139 civitates.
727 5083 782 5138 In
798 5099 862 5138 eo
881 5083 1154 5152 proﬁcies,
1173 5093 1231 5136 ut
1246 5085 1389 5137 scias
1403 5083 1546 5153 quod
1558 5099 1658 5153 ego
1672 5085 1776 5138 sim»

187 5173 471 5238 Dominus,
495 5189 653 5242 quem
678 5181 802 5227 ante
832 5173 1178 5227 solitudinem
1213 5174 1470 5228 tui-nosse
1495 5190 1596 5228 non
1625 5186 1805 5244 pote-~

188 5277 295 5316 ras.
326 5260 514 5316 Omnis
537 5271 712 5316 autem
737 5276 898 5316 causa
923 5263 1151 5330 peccati,
1178 5263 1318 5332 quod
1335 5262 1502 5318 fueris
1525 5264 1773 5320 inimicus

186 5354 572 5421 sempiternus.
609 5351 761 5407 Unde
807 5351 938 5406 dicit
985 5362 1038 5406 et
1083 5353 1365 5422 psalmus:
1404 5371 1422 5403 ι
1472 5353 1768 5408 Irascimini

185 5453 241 5498 et
266 5442 432 5498 nolite
481 5456 707 5512 peccare
755 5440 927 5507 (Paul.
963 5441 1060 5513 iv),
1099 5462 1116 5495 ι
1151 5452 1211 5496 ιιι
1259 5445 1365 5497 cito
1419 5444 1772 5498 conciliemur

187 5533 424 5590 mimicis
450 5544 507 5586 et
555 5533 736 5595 odium
765 5535 1027 5589 eharitate
1058 5544 1345 5589 mutemus.
1379 5534 1483 5605 Sed
1515 5550 1618 5588 non
1650 5535 1771 5589 talis

188 5639 345 5679 mons
360 5623 503 5688 Seir,
516 5625 605 5694 qui
623 5639 785 5694 super
798 5624 1105 5677 inimicitias
1121 5625 1478 5694 sempiternas
1507 5624 1772 5678 conclusit

188 5715 526 5772 siveolisedit
557 5715 694 5770 ﬁlios
730 5716 894 5770 Israel
922 5717 1041 5769 dolo
1080 5717 1130 5769 in
1177 5732 1333 5770 manu
1358 5717 1538 5787 gladii.
1559 5719 1634 5771 Ex
1663 5733 1769 5786 quo

191 5809 537 5879 intelligimus
567 5809 706 5879 quod
731 5809 1052 5878 quicumque
1075 5809 1308 5879 glaiium
1334 5811 1618 5879 arripuerit
1643 5828 1768 5867 con-

1885 1990 2083 2046 habere
2109 1992 2354 2057 rationis,
2378 2002 2432 2049 et
2454 1993 2524 2048 illi
2548 1994 2639 2064 qui
2666 1994 2897 2065 simplici
2924 1995 3029 2050 ﬁde
3047 1998 3288 2051 contenti
3313 2007 3461 2062 sunt,

1885 2084 1995 2140 Deo
2024 2084 2246 2154 iubente
2277 2086 2605 2156 dispereant.
2640 2105 2659 2139 ι
2701 2087 2768 2142 Ει
2797 2088 3088 2158 implentur
3113 2097 3322 2145 montes
3351 2088 3468 2160 ejus

1882 2175 2288 2229 vulneratorum
2325 2184 2379 2231 et
2399 2173 2734 2231 occisorum."
2755 2196 2773 2227 ι
2802 2177 2869 2230 Ει
2897 2193 3002 2230 non
3033 2176 3204 2231 solum
3235 2187 3463 2244 montes,

1882 2266 1974 2335 qui
2003 2267 2069 2321 ad
2114 2267 2405 2338 impietatis
2432 2267 2689 2322 verticem
2729 2275 3120 2336 pervenerunt,
3166 2267 3258 2322 sed
3303 2267 3465 2322 colles

1883 2370 2118 2426 quoque,
2147 2357 2249 2411 hoc
2277 2364 2360 2411 est
2405 2356 2692 2412 inferiores
2723 2356 2967 2427 discipuli
3009 2357 3206 2412 montis
3224 2356 3365 2423 Seir,
3411 2366 3468 2412 et

1882 2446 2050 2502 valles
2074 2462 2193 2518 quae
2220 2447 2273 2501 in
2305 2447 2414 2501 ima
2442 2447 2708 2518 depressa}
2737 2455 2882 2514 sunt,
2913 2447 3030 2503 sive
3055 2457 3339 2512 torrentes,
3373 2448 3466 2518 qui

1883 2538 2128 2593 turbidas
2171 2537 2372 2594 habent
2415 2553 2520 2608 aqu
2557 2552 2615 2602 s,
2657 2547 2710 2593 et
2738 2539 2862 2593 hinc
2904 2538 3026 2593 inde
3054 2537 3329 2604 collectas,
3374 2551 3464 2594 vo-

1883 2629 2202 2697 nientesque
2227 2628 2294 2683 de
2319 2628 2590 2698 superbia,
2618 2627 2726 2694 vel,
2749 2627 2901 2697 juxta
2926 2627 3091 2694 LXX,
3120 2645 3347 2699 campos,
3373 2627 3466 2698 qui

1884 2721 2046 2776 medii
2079 2721 2218 2777 inter
2248 2720 2415 2776 colles
2437 2727 2491 2775 et
2523 2719 2690 2776 valles
2719 2728 2862 2774 sunt.
2886 2717 2951 2773 Hi
2979 2733 3170 2775 omnes
3197 2718 3468 2774 interfecti

1882 2814 2076 2869 cadent
2106 2813 2280 2885 gladio
2309 2812 2543 2877 Domini,
2579 2820 2633 2866 et
2662 2819 2894 2866 extentae
2922 2824 3113 2865 manus
3142 2818 3304 2878 atque
3344 2825 3468 2879 per-

1881 2905 2170 2970 cutientis,
2216 2913 2277 2958 ut
2305 2902 2618 2973 redigantur
2642 2901 2697 2956 in
2742 2900 3057 2957 solitudines
3085 2900 3462 2968 sempiternas.

1881 2993 1950 3048 Et
1985 2993 2027 3048 si
2054 3008 2174 3062 quae
2193 3000 2352 3048 erant
2375 2992 2642 3057 civitates,
2671 2992 2774 3045 hoc
2798 3001 2904 3056 est,
2929 2988 3284 3046 conciliabula
3311 2989 3464 3043 make

1881 3083 2256 3148 habitationis,
2287 3091 2341 3139 et
2375 3083 2504 3152 ipsae
2531 3081 2862 3153 dispeream,
2903 3089 2958 3135 et
2988 3078 3237 3135 desinant
3263 3080 3316 3134 in
3345 3095 3466 3134 ma-

1884 3174 2230 3244 iamrpartem
2260 3172 2461 3228 habere
2483 3186 2827 3228 consensum.
2851 3171 2917 3225 Et
2943 3169 3253 3225 dividantur
3271 3170 3465 3240 lingua:

1883 3281 2096 3328 eorum,
2140 3279 2208 3319 ne
2233 3261 2814 3332 turremxblasphemite
2839 3270 3027 3316 contra
3055 3261 3224 3316 Deum
3254 3261 3466 3332 possint

1881 3365 2163 3413 exstruere
2180 3395 2194 3421 ,
2220 3362 2276 3411 et
2298 3355 2531 3410 redactae
2553 3355 2606 3412 in
2633 3353 2975 3410 solitudinem
3003 3362 3166 3425 atque
3192 3353 3463 3409 desertum

1882 3455 2228 3518 cognoscant,
2247 3446 2389 3516 quod
2411 3445 2526 3516 ipse
2548 3445 2618 3501 sit
2638 3445 2918 3500 Dominus.
2944 3444 3053 3501 Nec
3074 3444 3269 3502 sufﬁcit
3295 3445 3466 3502 monti

1885 3540 2008 3596 Seir
2040 3548 2190 3595 tanta
2239 3539 2464 3604 dixisse,
2498 3554 2616 3609 quae
2640 3539 2946 3608 praeteritus
2984 3553 3165 3594 sermo
3203 3540 3467 3605 narravit,

1884 3632 1980 3686 sed
2006 3633 2108 3686 hoc
2135 3645 2382 3702 quoque,
2413 3645 2512 3702 per
2541 3629 2849 3698 superbiam
2881 3628 3090 3683 locutus
3113 3635 3198 3683 est
3225 3642 3240 3682 :
3279 3646 3297 3678 ι
3335 3626 3466 3683 θυῖε

1882 3735 2071 3799 gentes
2084 3735 2139 3782 et
2159 3728 2275 3782 dua:
2298 3735 2454 3781 terra:
2474 3726 2588 3780 sive
2601 3725 2850 3795 regiones
2862 3730 3158 3779 meae-sunt.
3187 3741 3206 3775 ι
3233 3720 3464 3776 Idumaza

1881 3819 2131 3874 videlicet
2154 3826 2209 3874 et
2234 3817 2436 3885 Iudaea,
2469 3825 2524 3873 et
2553 3815 2836 3872 haereticos
2862 3823 2915 3870 et
2941 3813 3335 3870 ecclesiasticos
3363 3828 3463 3882 pa-

1882 3912 2015 3966 riter
2036 3910 2342 3981 possidebo.
2367 3909 2435 3965 Et
2461 3908 2584 3982 hoc,
2617 3907 2812 3977 inquit,
2845 3905 3047 3969 dixisti,
3080 3923 3098 3957 ι
3131 3920 3254 3960 cum
3285 3904 3466 3958 Domi-

1881 4016 1984 4057 nus
2013 3998 2277 4064 essetibi,
2313 4019 2331 4051 ι
2366 3997 2457 4068 qui
2487 4012 2586 4052 suo
2619 3995 2814 4067 populo
2835 3994 3171 4064 pmsidebat.
3207 3991 3461 4062 Propter—

1882 4105 1946 4145 ea
1982 4089 2132 4160 jurat
2152 4087 2642 4146 Dominuset-dieit
2669 4104 2681 4140 :
2706 4105 2723 4138 ι
2753 4085 2886 4140 Vivo
2905 4099 3024 4155 ego,
3046 4084 3178 4138 dicit
3200 4082 3463 4138 Dominus

1884 4183 2056 4248 Deus,
2095 4201 2113 4234 ι
2143 4183 2284 4253 quod
2304 4182 2456 4253 juxta
2487 4180 2624 4234 iram
2657 4187 2802 4232 tuam
2831 4192 2936 4247 qua
2967 4174 3225 4230 saeviebas
3265 4174 3317 4228 in
3362 4189 3463 4242 po-

1881 4272 2065 4341 pulum
2091 4273 2205 4338 Dei,
2232 4280 2285 4326 et
2306 4272 2480 4325 zelum
2504 4278 2674 4333 tuum,
2697 4282 2804 4337 quo
2826 4265 3235 4338 persequebaris
3260 4264 3460 4320 Christi

1883 4363 2166 4428 familiam,
2196 4364 2320 4418 odio
2344 4363 2551 4416 habens
2580 4376 2694 4425 eos,
2725 4373 2860 4430 quos
2887 4357 3159 4428 possidere
3182 4355 3457 4424 cupiebas.

1883 4453 2015 4509 Cum
2070 4461 2121 4509 te
2150 4466 2469 4524 percussero
2498 4459 2551 4505 et
2588 4450 2903 4521 judicavero
2927 4488 2940 4511 ,
2992 4455 3122 4501 tunc
3161 4444 3254 4499 111ιί
3304 4450 3462 4496 notus

1885 4545 2086 4600 efﬁciar
2107 4553 2162 4600 et
2192 4544 2331 4600 scies
2371 4543 2513 4612 quod
2555 4540 2843 4611 opprobria
2880 4548 2970 4594 tua
3008 4547 3161 4608 ttque
3204 4534 3457 4604 blasphe-

1884 4637 2020 4690 mias
2045 4650 2152 4688 non
2182 4633 2287 4688 alio
2313 4632 2578 4687 referente
2619 4629 2960 4702 cognoverim
3009 4628 3101 4683 sed
3138 4628 3252 4695 ipse
3279 4624 3460 4679 audie-

1881 4728 2004 4790 rim,
2038 4739 2158 4794 quae
2201 4724 2412 4779 locutus
2461 4739 2520 4778 es
2566 4731 2751 4777 contra
2785 4729 2992 4775 montes
3027 4719 3188 4774 Israel
3229 4719 3414 4772 dicens
3445 4737 3456 4770 :

1887 4835 1905 4866 ι
1940 4816 2146 4871 Deserti
2173 4815 2330 4870 nobis
2358 4815 2467 4869 dati
2497 4823 2622 4868 sunt
2651 4813 2718 4867 ad
2761 4810 3147 4866 devorandum.
3185 4831 3202 4860 ι
3252 4808 3460 4863 Montes

1878 4905 2063 4970 Israel,
2106 4905 2344 4976 Moysen,
2375 4905 2703 4993 prophetas,
2729 4903 2998 4972 apostolos
3036 4901 3292 4956 debemus
3321 4901 3460 4955 acci-

1878 5013 2025 5067 pere,
2054 5013 2190 5067 quos
2213 4997 2447 5051 breretici
2469 5005 2523 5049 et
2546 4992 2922 5050 lmreticorum
2943 4994 3193 5062 princeps
3216 4992 3459 5047 diabolus

1877 5088 2180 5158 putantsibi
2207 5087 2431 5142 traditos
2452 5085 2520 5140 ad
2543 5086 2926 5148 devorandum,
2947 5085 3158 5154 quando
3173 5093 3265 5139 aut
3286 5084 3460 5138 nullus

1878 5179 1933 5232 in
1956 5178 2183 5233 ecclesia
2210 5177 2476 5246 reperitur
2503 5176 2595 5246 qui
2643 5176 2814 5245 possit
2855 5189 3096 5246 pugnare
3128 5189 3225 5242 pro
3268 5175 3462 5228 monti-

1876 5269 1977 5323 bus
2005 5268 2236 5332 Domini,
2258 5277 2308 5322 et
2323 5282 2510 5322 eorum
2531 5266 2909 5320 lacerationem
2934 5279 3031 5320 sua
3059 5279 3193 5318 voce
3209 5263 3464 5317 defende-

1878 5378 1955 5416 re.
1992 5381 2008 5409 ι
2047 5361 2113 5415 Et
2139 5359 2536 5420 insurrexistis,
2572 5359 2762 5427 inquit,
2790 5372 2950 5428 super
2969 5371 3054 5410 me
3086 5370 3180 5410 ore
3204 5363 3404 5420 vestro,
3435 5373 3453 5401 ι

1876 5451 1989 5504 sive
2034 5449 2317 5520 magniﬁce
2364 5448 2528 5504 locuti
2567 5448 2718 5512 estis,
2763 5463 2870 5502 non
2926 5455 2985 5499 ut
3025 5445 3225 5514 putatis
3267 5452 3453 5498 contra

1876 5551 2106 5602 montes,
2132 5539 2226 5594 sed
2273 5555 2371 5610 per
2401 5537 2518 5592 illos
2543 5537 2827 5591 adversum
2868 5551 2968 5590 me.
3008 5554 3025 5586 ι
3065 5535 3130 5588 Ει
3156 5533 3490 5608 derogastis;

1873 5636 1987 5689 sive
2016 5635 2290 5690 elamastis
2339 5633 2622 5695 adversum
2651 5645 2755 5684 me.
2795 5649 2812 5680 ι
2855 5632 3052 5685 Omnes
3097 5628 3238 5683 enim
3269 5642 3456 5697 preces

1875 5734 2088 5789 vestrae,
2127 5739 2160 5780 ο
2182 5739 2337 5778 mons
2360 5721 2499 5784 Scir,
2525 5728 2577 5774 et
2606 5719 2736 5773 socii
2767 5720 2964 5772 montis
2993 5718 3135 5783 Seir,
3175 5719 3240 5772 de
3261 5717 3456 5786 quibus

1873 5831 2034 5886 supra
2056 5816 2253 5871 dictum
2274 5822 2355 5870 est
2381 5832 2390 5866 :
2425 5831 2441 5864 ι
2469 5810 2702 5880 Implebo
2733 5817 2940 5864 montes
2968 5808 3082 5876 ejus
3110 5817 3163 5863 et
3189 5807 3371 5871 colles,
3394 5823 3449 5864 et
