3936 6362
501 412 599 492 ﬁﬁl

1141 433 1201 494 B7.
1241 440 1496 495 RABANI
1531 441 1750 498 MAURI
1783 439 2107 500 ARCIIIEP.
2150 445 2460 504 MOGUN'I‘.
2502 448 3008 516 OPERUMPARS
3044 453 3108 507 II.

3667 443 3757 507 852

503 534 692 620 vaIle's,
713 561 768 618 et
788 565 1027 622 campos,
1062 551 1222 607 isive
1248 560 1534 619 torrentes,
1561 554 1778 612 fuerunt
1805 557 2092 615 adversum
2119 560 2176 619 Α·
2203 572 2236 612 ι’
2261 560 2329 617 de
2361 562 2533 628 vobis,
2579 562 2894 624 Devoratrix
2927 551 3206 619 hominum
3247 578 3346 632 es,
3399 571 3472 621 et‘
3507 561 3753 621 suffocans

502 657 591 698 me
620 639 633 697 ἑ
666 657 1004 713 nequaquam
1033 647 1223 713 preces
1250 652 1308 699 et
1354 646 1652 713 orationes,
1689 656 1748 703 ut
1784 648 1988 720 putatis
2018 649 2084 704 ad

502 731 712 807 Deum,
748 731 847 795 sed
866 730 1149 799 clamores,
1177 732 1593 792 vociferationes
1628 740 1792 807 atque
1829 736 2084 807 blaspbeo

499 821 642 877 miac.
664 798 814 876 Unde
834 828 885 875 et
907 809 1167 878 Domitius
1189 825 1573 891 comminatur,
1591 834 1645 881 et
1661 798 1828 882 dicit:
1860 846 1879 880 ι
1911 798 2083 884 Sicuti

500 911 718 984 gavisus
742 927 802 968 es
840 923 1003 983 super
1040 913 1357 971 hmreditate
1382 915 1574 971 domus
1597 917 1777 981 Israel,
1818 937 1837 970 ι
1869 918 2082 989 quando

498 1002 604 1057 tuis
625 1002 1092 1072 persecutionibus
1112 1003 1372 1076 dissipata
1393 1015 1476 1061 eSt
1496 1013 1660 1076 atque
1673 1006 1928 1073 lacerata,
1944 1015 2000 1063 et
2027 1008 2082 1062 in

498 1100 611 1149 toto
634 1090 766 1150 orbe
795 1094 1073 1166 dispersa,
1093 1112 1123 1148 (ν
1142 1098 1436 1156 sic'faciam
1463 1099 1580 1154 tibi.
1620 1119 1638 1153 ι
1673 1099 1913 1156 Lactante
1937 1101 2079 1155 enim

494 1183 748 1242 universa
793 1194 963 1254 terra,
993 1188 1285 1244 viventium
1334 1175 1590 1260 terraque
1637 1201 1983 1255 sanctorum,
2026 1199 2082 1247 et

491 1278 744 1336 omnibus
767 1281 1043 1336 conversis
1069 1282 1135 1336 ad
1161 1280 1479 1347 servitutem
1501 1282 1702 1359 Dei,~tu
1738 1298 1756 1334 ι
1791 1284 2081 1355 dissipatus

490 1370 618 1438 eris,
649 1387 804 1428 mons
831 1373 1066 1443 hispide,
1095 1372 1457 1444 mo‘uSpilose.
1474 1373 1541 1428 Et
1567 1375 1745 1428 omnis
1765 1373 2022 1439 Idumma‘,
2054 1395 2072 1428 ι

490 1473 655 1535 opera
685 1465 934 1520 videlicet
961 1472 1178 1521 terrena
1208 1473 1266 1520 et
1304 1465 1488 1520 cruori
1516 1473 1572 1540 et-
1599 1466 1848 1534 sanguini
1877 1466 2075 1522 dedita.

492 1555 563 1612 Ut
589 1565 716 1611 tunc
751 1565 1048 1629 cognoscas
1080 1559 1222 1628 quod
1264 1557 1378 1628 ipse
1415 1558 1518 1612 sim
1547 1555 1810 1616 Dominus
1833 1561 1925 1630 qui
1948 1559 2076 1616 alibi

488 1650 609 1702 ‘sum
639 1645 850 1707 locutus
881 1666 894 1705 :
922 1648 1035 1709 Esto
1062 1654 1181 1705 sum
1213 1648 1471 1704 Dominus
1502 1649 1645 1704 Deus
1667 1651 1865 1706 vestér.

1028 1781 1257 1840 CAPUT
1295 1781 1534 1840 XXXVI.

486 1893 925 1989 Utiqdlyoztm-t‘ts
951 1896 1539 1989 t'iudiquitisraeide
1562 1901 1788 1989 inimicis
1816 1901 1926 1989 suis
1967 1917 1993 1958 :-
2024 1912 2072 1989 et
2102 1918 2146 1977 Β
2175 1893 2620 1989 ἐξιτῖίᾘῇωξέὶε

555 1967 812 2042 restituet,
840 1975 888 2021 et
916 1967 1284 2042 multiplicauit
1309 1971 1365 2042 in
1391 1979 1787 2042 tritam‘suam‘.
1822 1971 1888 2026 Et
1928 1974 2079 2042 quod

645 2038 742 2090 irrit
768 2035 940 2113 Israel
978 2035 1079 2113 pro
1105 2049 1316 2109 peccato
1342 2035 1678 2113 idololatrias.
1717 2041 1794 2097 De
1821 2035 1992 2113 gratia
2021 2053 2070 2099 et

554 2106 744 2191 uirtute
1081 2106 1548 2191 v'ocaturipopttlus_
1577 2112 1655 2165 .ad
1679 2106 2034 2191 ρᾳεῃιξῐεηςὶαηι
2052 2154 2067 2180 ,

555 2187 606 2230 et
624 2181 949 2248 promittitur
976 2181 1175 2241 integra
1205 2181 1464 2238 restitutio
1502 2189 1550 2236 et
1577 2181 1969 2251 multiplicatio.

559 2301 585 2342 ‹
617 2288 695 2344 Tu
721 2300 901 2345 autem
923 2289 1038 2355 ,-fili
1075 2291 1311 2347 hominis
1329 2334 1343 2357 ,
1384 2293 1645 2364 propheta
1672 2310 1835 2366 super
1862 2306 2071 2352 montes

486 2389 505 2434 δ
543 2380 714 2435 Ιεισαθι·
763 2389 819 2436 et
873 2381 1022 2438 dices
1071 2399 1084 2436 :
1139 2382 1347 2441 Montes
1380 2383 1566 2450 Israel,
1606 2385 1790 2441 audite
1845 2387 2069 2443 verbum

486 2483 504 2525 ι
542 2471 757 2529 Domini
785 2473 956 2532 :‘IIaec
983 2474 1117 2530 dicit
1144 2475 1405 2531 Dominus
1432 2475 1684 2542 Deus,-eu
1708 2479 1850 2547 quod
1872 2473 2081 2533 dixerit

485 2586 502 2617 ε
541 2566 797 2621 inimicus
825 2566 891 2622 de
915 2565 1087 2632 vobis,
1112 2567 1280 2637 Euge,
1304 2568 1616 2625 altitudines
1645 2570 1988 2640 sempiternae
2015 2572 2074 2626 in

484 2664 505 2706 δ
540 2653 913 2710 haereditatem
938 2655 1073 2712 data:
1096 2666 1222 2712 sunt
1253 2658 1429 2724 nobis,
1457 2667 1746 2730 propterea
1772 2663 2071 2719 vaticinare

483 2759 505 2799 ι
539 2746 597 2802 et
621 2744 709 2802 dic
755 2765 769 2802 :
809 2745 934 2804 Haec
960 2748 1095 2803 dicit
1135 2745 1397 2811 Dominus
1424 2749 1567 2808 Deus
1606 2770 1620 2805 :
1667 2752 1774 2810 Pro
1817 2756 2068 2826 ecquod

484 2839 508 2887 ἀ»
541 2836 770 2911 desolati
797 2838 944 2894 estis
975 2848 1032 2893 et
1058 2838 1361 2895 conculcati
1404 2857 1501 2912 per
1532 2844 1818 2899 circuitum
1857 2853 1914 2900 et
1940 2844 2067 2900 faeti

484 2937 506 2984 t’
541 2930 596 2984 i'n
656 2929 1029 2986 haereditatem
1078 2920 1303 3001 reliquis
1332 2932 1584 3002 gentibus
1609 2962 1632 3000 ,-
1667 2942 1721 2989 et
1750 2935 2070 2990 ascendistis

481 3042 499 3071 ε
537 3031 702 3092 super
745 3020 946 3076 labium
987 3021 1183 3092 lingua:
1224 3029 1282 3078 et
1310 3023 1658 3094 opprobrium
1701 3025 1904 3095 populi,
1943 3041 2072 3098 pro-

480 3119 502 3164 ι’
536 3122 744 3184 pterea,
771 3120 984 3168 montes
1005 3109 1191 3178 Israel,
1215 3112 1394 3167 audite
1415 3113 1640 3168 verbum
1661 3098 1874 3168 Domini
1898 3131 1913 3169 :
1943 3106 2070 3171 Haec

482 3220 501 3256 ι
537 3196 671 3262 dicit
699 3205 960 3261 Dominus
983 3204 1129 3262 Deus
1149 3204 1421 3261 montibus
1451 3210 1505 3261 et
1532 3206 1777 3271 collibus,
1814 3210 2066 3264 torrenti-

2198 667 2217 702 ‹
2254 660 2468 722 gentem
2515 661 2704 719 tuam,
2751 663 3035 724 propterea
3079 654 3326 710 homines
3373 671 3481 710 non
3524 655 3754 712 conteda

2192 760 2211 795 ε
2249 740 2511 811 amplius,
2539 734 2836 815 et‘gentem
2869 754 3012 800 tuam
3051 761 3156 800 non
3208 747 3427 802 necabis
3465 745 3637 813 ultra,
3686 746 3753 803 ait

2190 851 2208 884 ι
2249 833 2509 890 Dominus
2536 835 2694 891 Deus.
2727 834 2838 891 Nec
2883 837 3122 892 auditam
3152 835 3347 893 faciam
3375 837 3428 892 in
3457 846 3513 892 te
3541 837 3753 910 amplius

2189 939 2211 977 α
2244 926 2614 983 confusionem
2668 930 2948 1001 gentium,
3005 939 3060 985 et
3111 932 3415 1001 opprobria
3452 932 3753 1003 populorum

2187 1028 2220 1066 ς’
2245 1021 2586 1088 nequaquam
2620 1010 2882 1088 portabis.
2908 1019 2974 1074 Et
3003 1030 3216 1092 gentem
3247 1029 3391 1076 tuam
3423 1037 3532 1078 non
3556 1023 3755 1078 amittes

2186 1125 2205 1158 ς
2242 1106 2492 1177 amplius,
2524 1108 2602 1162 ait
2631 1109 2890 1166 Dominus
2921 1109 3083 1166 Deus.
3116 1108 3386 1181 (Ηὶενοη.)
3417 1109 3589 1181 Supra
3617 1110 3754 1180 ponié

2180 1203 2270 1250 tur
2290 1195 2567 1267 propheta:
2591 1190 2778 1266 facies,
2806 1200 2921 1255 sive
2943 1201 3280 1256 convertitur
3301 1201 3588 1256 adversum
3613 1217 3756 1256 mon-

2179 1278 2290 1340 tem
2319 1285 2442 1343 Seir
2469 1305 2483 1342 :
2512 1288 2600 1344 hic
2629 1285 2770 1347 filius
2790 1290 3026 1368 hominis
3048 1291 3291 1362 loquitur
3318 1291 3388 1346 ad
3413 1301 3623 1348 montes
3652 1291 3754 1348 sive

2178 1392 2341 1450 super
2365 1389 2591 1436 montes
2615 1381 2781 1437 Israel
2824 1384 2915 1453 qui
2939 1380 3319 1454 jubentur’Dei
3347 1384 3536 1439 audire
3563 1373 3756 1439 sermo”-

2178 1478 2323 1528 item.
2350 1467 2416 1526 Et
2449 1477 2507 1528 nt
2531 1483 2826 1545 parumper
2846 1473 3089 1530 differam
3121 1475 3475 1546 tropologiam
3501 1463 3663 1530 totius
3694 1472 3755 1528 a'd

2177 1573 2390 1622 montes
2435 1565 2599 1622 Israel
2642 1564 2938 1636 prophetia:
2983 1562 3224 1622 breviter
3269 1566 3358 1621 hic
3409 1581 3601 1622 sensus
3631 1573 3752 1621 est:

2179 1654 2314 1722 Quia
2345 1655 2622 1710 insultavit
2663 1658 2818 1714 vobis
2850 1657 3121 1722 inimicus,
3150 1655 3253 1712 hoc
3295 1663 3405 1719 est,
3439 1671 3595 1712 mons
3623 1654 3754 1720 Seir,

2177 1747 2233 1802 et
2258 1748 2468 1818 putavit
2495 1749 2638 1819 quod
2682 1751 2732 1805 in
2764 1758 3081 1821 perpetuum
3109 1750 3223 1822 ipse
3247 1765 3343 1805 vos
3368 1749 3666 1820 possideret
3710 1757 3759 1804 et

2178 1841 2488 1896 altitudines
2529 1841 2801 1910 quondam
2830 1839 3064 1906 Domini,
3093 1855 3238 1896 nunc
3265 1840 3510 1894 desertas
3542 1839 3756 1894 cessisse

2611 1930 2858 1997 litatem,
2909 1939 2965 1987 et
3009 1948 3114 1987 non
3160 1931 3334 1986 solum
3378 1929 3548 1993 dixit,
3591 1929 3681 1984 sed
3709 1937 3757 1984 ct

2169 2011 2446 2094 aliquanto
2471 2027 2712 2092 tempore
2736 2024 2831 2076 v'os
2847 2020 3108 2091 possedit,
3138 2021 3191 2074 in
3218 2028 3429 2074 tantum
3456 2028 3513 2073 ut
3540 2018 3756 2090 superbo

2170 2111 2480 2183 IOquel‘elut‘
2494 2120 2681 2166 contra
2695 2121 2812 2171 vos.
2830 2107 2972 2180 quod
2989 2108 3335 2179 opprobri'tim
3351 2107 3546 2163 essetis
3560 2106 3759 2162 cunctis

2168 2202 2439 2271 gentibus,
2456 2203 2750 2272 propterea
2766 2201 2882 2255 hrec
2908 2194 3047 2254 dicit
3070 2197 3330 2254 Dominus
3360 2187 3530 2262 Deus,
3546 2213 3652 2252 non
3677 2211 3757 2251 so—

2169 2291 2280 2346 lum
2302 2290 2474 2346 monti
2502 2289 2646 2355 Seir,
2666 2287 2758 2345 sed
2785 2295 2840 2344 et
2863 2287 3138 2343 montibus
3159 2285 3298 2356 ejus,
3316 2295 3372 2342 et
3391 2282 3645 2352 collibus,
3662 2293 3760 2340 tura

2170 2381 2434 2446 rentibus,
2456 2379 2795 2450 vallibusque
2821 2374 2877 2435 et
2897 2378 3126 2434 desertis
3155 2387 3318 2448 atque
3339 2377 3590 2442 vastatis,
3608 2385 3767 2431 et-ura

2169 2471 2328 2528 bibiis
2351 2471 2649 2538 derelictis,
2669 2472 2926 2542 quoniam
2954 2471 3008 2525 in
3028 2471 3148 2542 igne
3171 2469 3273 2525 zeli
3300 2468 3383 2524 sui
3402 2477 3458 2524 et
3479 2469 3765 2524 adversum-

2167 2565 2589 2637 Omnesquidem
2613 2570 2820 2637 gentes,
2843 2564 2936 2620 sed
2962 2563 3235 2634 prmeipue
3256 2569 3448 2618 contra
3477 2561 3768 2617 Idumam

2168 2642 2381 2714 locutus
2411 2658 2498 2718 sit.
2525 2657 2655 2725 Quae
2677 2672 2801 2714 cum
2829 2655 3060 2721 caeteris,
3091 2654 3291 2726 inquit,
3318 2655 3572 2724 gentibus
3598 2654 3768 2710 tenuit

2169 2751 2372 2806 terram
2403 2765 2577 2813 meam
2611 2750 2664 2804 in
2688 2749 3111 2820 possessionem,
3139 2754 3194 2802 et
3219 2748 3461 2819 possedit
3487 2746 3684 2818 gladio,
3710 2752 3757 2801 et

2170 2840 2283 2899 toto
2309 2843 2474 2900 corde
2498 2827 2742 2913 possedit
2771 2851 2828 2897 ut
2850 2841 3071 2913 ejiceret
3096 2843 3435 2898 habitatores
3457 2842 3524 2897 de
3546 2857 3633 2909 ea,
3663 2848 3757 2898 ter-

2169 2949 2394 3004 ramque
2411 2937 2669 2995 vastaret.
2689 2931 2984 3004 Propterea
3009 2921 3253 3002 loquere,
3267 2932 3362 2997 alt,
3377 2932 3664 3002 propheta,
3680 2946 3756 2986 su-

2170 3038 2265 3095 per
2293 3033 2495 3079 terram
2513 3023 2783 3088 Israel,-et'
2803 3023 2951 3078 dices
2981 3023 3256 3078 montibus
3279 3033 3333 3079 et
3361 3024 3592 3079 collibus
3615 3025 3760 3095 etju«

2169 3114 2271 3185 gis,
2299 3124 2398 3184 pro
2423 3114 2622 3184 quibus
2643 3113 2784 3168 LXX
2808 3123 2920 3176 ταῖς
2940 3115 3122 3175 νάπαις
3142 3114 3449 3184 ἰηιειιορεωιί
3474 3125 3622 3180 sunt,
3647 3128 3755 3186 qua!

2169 3219 2268 3260 nos
2299 3218 2580 3260 nemorosa
2604 3204 2952 3275 intelligimus
2971 3203 3085 3259 loca
3112 3222 3124 3258 :
3149 3212 3204 3259 et
3233 3204 3463 3260 vallibus
3489 3206 3609 3260 haec
3637 3205 3754 3260 dicit

481 3312 505 3349 ο
537 3298 658 3363 bus,
690 3296 1026 3366 vallibusque
1053 3304 1110 3352 et
1137 3297 1368 3353 desertis
1398 3298 1716 3368 parietinis,
1748 3270 1805 3354 et
1840 3298 2062 3355 urbibus
2091 3270 2134 3333 Ε
2167 3294 2432 3350 Dominus
2449 3295 2590 3350 Deus
2622 3295 2674 3350 in
2698 3270 2836 3360 zelo,
2867 3306 2922 3348 et
2949 3296 3000 3348 in
3019 3292 3205 3350 furore
3236 3309 3356 3350 meo
3375 3296 3657 3366 approbrii
3677 3308 3756 3350 Vt.g

476 3396 505 3442 τ
533 3389 807 3446 derelictis
838 3404 959 3460 qua:
995 3383 1330 3460 depopulato
1365 3395 1512 3457 sunt,
1545 3400 1602 3447 et
1643 3393 1986 3448 subsannatm
2033 3409 2064 3448 a

480 3479 758 3551 trcliquis
804 3480 1057 3551 gentibus
1093 3495 1191 3551 per
1239 3481 1549 3537 circuitum.
1606 3479 1898 3552 Propterea
1948 3483 2064 3546 hare

481 3582 504 3627 ε
537 3574 670 3630 dicit
713 3575 973 3631 Dominus
1018 3574 1161 3629 Deus
1201 3589 1216 3627 :
1257 3573 1524 3651 Quoniam
1570 3574 1624 3628 in
1654 3575 1776 3646 igne
1816 3574 1916 3629 zeli
1956 3561 2109 3630 mei.

480 3670 500 3720 ε
535 3665 748 3722 locutus
795 3681 914 3720 sum
943 3665 1010 3721 de
1052 3664 1275 3734 reliquis
1324 3665 1603 3732 gentibus,
1653 3674 1709 3720 et
1739 3665 1805 3720 de
1832 3665 2060 3721 Idumcea

477 3770 498 3812 ι
534 3757 812 3822 universa,
837 3771 959 3827 qua:
987 3756 1254 3811 dederunt
1278 3757 1477 3810 terram
1508 3771 1685 3810 nteant
1705 3755 1828 3811 sibi
1864 3756 1918 3809 in
1946 3755 2060 3810 lue-

478 3867 496 3902 c
534 3847 822 3905 reditatem
846 3861 971 3902 cum
998 3845 1174 3918 gladio
1213 3853 1267 3901 et
1300 3853 1412 3901 toto
1448 3841 1631 3913 corde,
1664 3857 1719 3901 et
1750 3861 1816 3900 ex
1847 3845 2058 3912 animo,

477 3944 497 3996 ε
532 3950 591 3999 et
616 3939 893 4011 eiecerunt
919 3954 1060 4006 eam,
1107 3947 1168 3992 ut
1189 3947 1485 4006 vastarent,
1533 3939 1736 3994 idcirco
1765 3939 2062 3993 vaticinare

474 4040 498 4086 ‘r
535 4042 699 4103 super
723 4033 946 4088 humum
971 4030 1155 4095 Israel,
1184 4040 1237 4086 et
1265 4031 1414 4086 dices
1434 4031 1714 4086 montibus
1735 4041 1790 4086 et
1811 4031 2056 4096 collibus,

479 4123 676 4202 t/jugis
706 4130 761 4176 et
782 4121 1014 4177 valiibus
1042 4141 1056 4175 :
1083 4121 1210 4176 Hazc
1240 4121 1372 4176 dicit
1398 4121 1660 4177 Dominus
1686 4120 1832 4176 Deus
1862 4139 1875 4175 :
1920 4122 2059 4176 Ecce

477 4230 492 4266 ί
533 4231 634 4286 ego
662 4216 716 4270 in
755 4215 869 4270 zelo
903 4223 959 4270 et
984 4215 1036 4268 in
1061 4213 1250 4269 furore
1275 4229 1395 4268 meo
1420 4213 1631 4268 locutus
1653 4228 1772 4267 sum
1799 4227 1887 4279 eo,
1915 4213 2058 4282 quod

475 4317 496 4355 ι
533 4303 907 4359 confusionem
959 4304 1198 4375 gentium
1242 4303 1630 4358 suStinueritis.
1681 4301 1886 4358 Idcirco
1944 4303 2060 4358 bare

477 4413 495 4448 t
535 4397 668 4452 dicit
697 4397 955 4454 Dominus
981 4398 1122 4452 Deus
1153 4414 1165 4450 :
1199 4397 1308 4467 Ego
1334 4393 1506 4450 levavi
1538 4411 1756 4450 manum
1786 4403 2062 4460 meam,ut

472 4502 490 4536 ι
534 4497 745 4560 gentes,
770 4503 888 4557 quae
908 4487 961 4542 in
990 4487 1220 4541 circuitu
1245 4494 1424 4541 vestro
1454 4494 1610 4551 sunt,
1633 4485 1763 4555 ipsa:
1789 4485 2058 4540 confusio-

2166 3384 2266 3439 stri
2284 3385 2427 3439 ultor
2452 3386 2704 3450 existam,
2722 3392 2777 3440 et
2814 3385 3002 3439 levabo
3032 3401 3249 3440 manum
3270 3401 3466 3450 meam,
3491 3396 3554 3442 ut
3576 3397 3766 3458 gentes

2166 3492 2286 3547 quae
2312 3478 2363 3531 in
2379 3477 2610 3532 circuitu
2627 3486 2807 3538 vestro
2820 3487 2945 3533 sunt
2958 3478 3304 3549 ignominiam
3321 3487 3374 3534 et
3388 3478 3755 3534 confusionem

2164 3583 2317 3626 suam
2347 3573 2579 3640 portent.
2614 3571 2721 3626 Vos
2765 3580 2966 3635 autem,
3014 3585 3048 3626 ο
3096 3582 3308 3626 montes
3338 3571 3528 3638 Israel,
3575 3586 3757 3628 secun-

2163 3661 2288 3717 dum
2320 3661 2608 3730 pristinum
2632 3670 2829 3716 statum
2859 3662 3175 3732 germinetis
3203 3662 3438 3731 virgulta
3474 3678 3757 3734 ramosque

2163 3753 2414 3818 mittatis,
2444 3753 2557 3807 sive
2583 3750 2738 3821 juxta
2776 3751 3127 3823 Septuaginta
3153 3749 3424 3808 adferatis?
3445 3763 3603 3818 uvas,
3642 3754 3755 3824 quic

2160 3841 2261 3899 bus
2294 3843 2524 3913 populus
2551 3857 2703 3898 meus
2740 3851 3015 3898 saturetur
3039 3842 3214 3898 Israel.
3241 3843 3396 3910 Quod
3422 3861 3530 3899 non
3567 3846 3758 3914 putetis

2159 3935 2530 4005 post‘longum
2562 3943 2776 4005 tempus
2818 3925 3058 3990 futurum
3081 3977 3095 4001 ,
3131 3950 3300 4006 prope
3325 3945 3429 4002 est,
3482 3937 3674 4003 instat,
3711 3948 3759 3993 et

2162 4027 2340 4082 veniet
2360 4033 2595 4094 tempus,
2625 4040 2690 4080 ac
2711 4026 2954 4095 nevobis
2974 4026 3078 4081 hoc
3098 4038 3243 4082 esset
3265 4026 3502 4093 diliicile,
3531 4029 3648 4098 ipse
3667 4043 3757 4098 ego

2160 4119 2374 4174 veniam
2409 4120 2475 4173 ad
2508 4134 2632 4184 vos,
2662 4127 2715 4173 et
2759 4119 2906 4189 quia
2931 4118 3083 4174 vobis
3115 4133 3444 4174 recesserant
3473 4129 3759 4181 convertar

2161 4211 2229 4265 ad
2282 4224 2400 4274 vos,
2445 4217 2505 4263 ut
2548 4209 2834 4281 pristinam
2881 4209 3150 4265 culturam
3189 4210 3469 4279 recipiatis
3501 4252 3517 4276 ,
3574 4221 3630 4266 et
3682 4226 3761 4268 se—

2160 4309 2340 4354 mente
2365 4300 2546 4360 omnia
2572 4299 2964 4369 compleantur.
3014 4299 3093 4354 Ita
3117 4308 3176 4354 ut
3205 4301 3357 4355 multi
3389 4302 3442 4356 in
3468 4302 3629 4358 vobis
3657 4303 3757 4357 sint

2160 4392 2429 4457 homines,
2452 4401 2508 4447 et
2530 4391 2842 4446 habitentur
2863 4391 3126 4458 civitates,
3151 4401 3271 4462 quae
3291 4394 3442 4462 prius
3469 4395 3758 4450 destructa:

2160 4484 2392 4540 fuerant.
2419 4484 2488 4539 Et
2533 4499 2642 4539 non
2672 4482 2843 4539 solum
2875 4484 3122 4539 homines
3154 4484 3558 4554 multiplicabo,
3592 4485 3686 4541 sed
3709 4496 3760 4542 et

471 4591 491 4629 'z
531 4590 654 4633 nem
671 4593 820 4632 suam
837 4586 1084 4646 portent:
1108 4577 1214 4631 Vos
1232 4585 1663 4639 autem,montes
1677 4575 2058 4640 Israel,ramos
2086 4637 2127 4646 _
2154 4577 2398 4646 jumenta
2429 4592 2582 4646 aeque
2602 4575 3106 4644 multiplicabuntur
3134 4584 3190 4631 et
3214 4580 3487 4643 crescent,
3520 4587 3578 4632 et
3611 4578 3759 4632 babi-

473 4686 490 4717 ι
531 4676 744 4721 vestros
789 4665 1106 4736 germinetis
1145 4675 1200 4718 et
1252 4666 1487 4720 fructum
1531 4673 1772 4720 vestrum
1817 4664 2058 4720 alieratis
2086 4637 2135 4696 Β
2165 4667 2267 4722 tari
2306 4683 2402 4722 vos
2459 4667 2650 4722 faciam
2697 4669 2837 4722 sicut
2872 4682 2904 4721 a
2956 4667 3257 4736 priuetpio,
3316 4669 3536 4738 quando
3583 4669 3758 4740 Moyse

476 4777 490 4808 ι
532 4757 730 4829 populo
773 4771 895 4811 meo
946 4755 1112 4811 Israel
1165 4775 1176 4809 :
1226 4773 1394 4826 prope
1439 4758 1585 4812 enim
1609 4765 1716 4822 est,
1746 4764 1807 4811 ut
1851 4759 2056 4826 veniat.

474 4861 490 4900 ‹
534 4851 802 4918 Quoniam
834 4863 961 4905 ecce
987 4851 1056 4905 ad
1086 4866 1182 4907 vos
1209 4858 1264 4906 et
1287 4858 1578 4907 convertar
1605 4853 1672 4908 ad
1701 4864 1827 4919 vos,
1851 4862 1906 4909 et
1931 4869 2057 4909 ara-

473 4966 489 4992 I
532 4941 723 4998 bimini
749 4951 806 4997 et
847 4941 1126 5011 accipietis
1164 4950 1457 4998 sementem
1478 4983 1492 5007 ,
1521 4950 1576 4998 et
1600 4943 1969 5014 multiplicabo
2002 4945 2057 5000 in

475 5056 490 5085 ι
533 5034 688 5089 vobis
713 5034 959 5090 homines
988 5050 1316 5105 omnemque
1345 5037 1564 5091 domum
1595 5035 1778 5091 Israel.
1809 5036 1876 5091 Et
1906 5037 2060 5092 habi-

475 5148 490 5178 ι
537 5126 798 5182 tabuntur
831 5126 1081 5180 civitates
1121 5135 1178 5180 et
1205 5126 1422 5180 ruinoso
1477 5126 1949 5191 instaurabuntur,
2004 5135 2061 5182 et

476 5237 492 5269 (
535 5218 753 5288 replebo
779 5232 876 5272 vos
904 5217 1215 5272 hominibhs
1238 5227 1290 5272 et
1315 5217 1609 5288 jumentis,
1638 5227 1694 5273 et
1734 5217 2060 5286 multiplica-

478 5328 494 5357 ι
537 5310 738 5376 buntur
763 5317 818 5363 et
843 5318 1107 5364 crescent.
1137 5309 1203 5363 Et
1226 5309 1472 5364 habitare
1499 5322 1595 5364 vos
1620 5309 1818 5364 faciam
1845 5310 1986 5364 sicut
2027 5325 2059 5364 a

477 5418 496 5450 ι
534 5399 824 5470 principio,
865 5402 1126 5470 bonisque
1173 5401 1384 5456 donabo
1411 5399 1707 5469 majoribus
1730 5441 1746 5467 ,
1774 5416 1934 5470 quam
1964 5401 2060 5455 ha-

477 5507 496 5540 s
532 5489 727 5545 buistis
753 5489 822 5544 ab
845 5489 1025 5555 initio,
1051 5500 1105 5544 et
1131 5491 1314 5546 scietis
1343 5491 1468 5561 quia
1492 5505 1592 5561 ego
1626 5506 1744 5545 sum
1776 5492 2054 5546 Dominus.

475 5599 497 5634 ι
535 5580 598 5636 Et
631 5581 894 5637 adducam
921 5597 1105 5651 super
1141 5597 1240 5638 vos
1281 5582 1528 5638 homines
1571 5583 1825 5652 papulum
1878 5599 2058 5638 meum

477 5689 498 5724 ι
533 5670 702 5728 Israel
727 5681 782 5726 et
812 5674 1126 5730 haereditate
1155 5673 1507 5743 possidebunt
1555 5683 1625 5728 te.
1661 5675 1727 5729 Et
1753 5675 1862 5729 eris
1888 5676 1967 5730 eis
2003 5677 2055 5732 in

479 5781 496 5815 ι
532 5764 922 5832 possessiones,
945 5773 1002 5820 et
1030 5780 1136 5820 non
1160 5764 1326 5820 addes
1347 5764 1511 5830 ultra,
1537 5774 1596 5820 ut
1622 5767 1826 5838 absque
1853 5769 1930 5823 eis
1957 5769 2051 5823 sis.

478 5873 494 5903 π
530 5851 660 5912 ἐίωο
687 5855 816 5912 dicit
863 5857 1123 5913 Dominus
1148 5855 1290 5912 Deus
1315 5873 1328 5910 :
1361 5855 1467 5912 Pro
1495 5872 1591 5925 eo,
1634 5859 1775 5928 quod
1803 5859 2056 5915 dixerunt

2161 4760 2297 4814 duce
2332 4767 2480 4813 trans
2499 4757 2790 4813 Iordanem
2822 4759 2940 4813 dote
2959 4766 3014 4814 et
3041 4760 3207 4814 semis
3235 4760 3410 4816 tribus
3431 4769 3755 4833 acceperunt

2160 4853 2559 4922 possessionem
2588 4891 2603 4918 ,
2630 4861 2683 4906 et
2707 4853 2807 4918 sub
2849 4851 2976 4908 .Iesu
3005 4853 3116 4908 filio
3152 4853 3299 4908 Nave
3333 4854 3453 4911 aliae
3483 4871 3681 4911 novem
3708 4863 3758 4910 et

2161 4945 2327 4999 semis
2356 4945 2526 4999 tribus
2549 4953 2750 4998 terram
2793 4931 3444 5015 Jutbeampossederunt.
3489 4947 3759 5016 Bonisque

2160 5052 2256 5092 vos
2286 5037 2498 5094 donabo
2529 5037 2698 5092 multo
2730 5037 3043 5109 majoribus,
3072 5054 3236 5108 quam
3276 5037 3458 5094 fuistis
3485 5041 3554 5095 ab
3583 5039 3756 5102 initio,

2161 5129 2476 5198 priusquam
2502 5129 2844 5206 captivitates
2866 5129 3046 5184 varias
3071 5119 3372 5185 sentiretis.
3397 5131 3614 5186 Etcum
3660 5131 3759 5184 hoc

2162 5221 2314 5276 vobis
2339 5212 2540 5286 iecero;
2573 5231 2699 5276 tunc
2728 5223 3068 5292 cognoscetis
3107 5223 3249 5292 quod
3279 5238 3378 5293 ego
3417 5223 3522 5277 sim
3572 5221 3754 5277 Domi-

2164 5331 2285 5369 nus.
2311 5315 2378 5369 Et
2402 5309 2731 5385 impleberis,
2759 5316 2951 5385 inquit,
2971 5332 3003 5371 0
3031 5324 3170 5372 terra
3191 5317 3376 5382 Israel,
3396 5318 3596 5388 populo
3615 5331 3754 5377 meo,

2162 5405 2252 5474 qui
2292 5416 2344 5460 te
2366 5406 2680 5461 hatreditate
2715 5414 2963 5461 tenturus
2987 5415 3090 5460 est.
3125 5406 3191 5460 Et
3213 5407 3324 5461 eris
3348 5398 3430 5461 eis
3458 5403 3752 5476 possessio,

2163 5505 2348 5550 etnon
2383 5497 2547 5552 addes
2579 5497 2744 5562 ultra,
2791 5505 2848 5552 ut
2878 5498 3082 5567 absque
3111 5497 3358 5552 filiis-sis.
3391 5495 3524 5551 Cum
3570 5503 3752 5548 autem

2163 5587 2548 5656 multiplicatus
2570 5587 2732 5642 fuerit
2756 5595 2934 5643 vester
2955 5588 3250 5654 habitator,
3275 5603 3308 5641 0
3333 5596 3544 5641 munies
3563 5583 3750 5646 Israel,

2163 5686 2293 5735 tunc
2340 5696 2679 5752 nequaquam
2722 5683 2901 5737 dicent
2931 5680 3137 5736 inimici
3185 5680 3353 5735 vestri
3398 5686 3586 5733 contra
3620 5692 3745 5733 vos,

2162 5771 2303 5840 Quod
2337 5772 2584 5828 homines
2613 5773 2903 5835 devoretis,
2944 5781 3000 5827 et
3025 5771 3228 5840 absque
3260 5770 3450 5824 liberis
3480 5770 3546 5823 sit
3568 5778 3751 5820 vestra

2163 5863 2450 5934 possessio,
2481 5865 2573 5920 sed
2596 5881 2625 5920 e
2655 5864 2928 5920 contrario
2969 5863 3341 5934 multiplicctis
3393 5863 3667 5924 homines,
3700 5869 3748 5911 ct
