3936 6346
177 383 281 440 853

1105 384 1456 443 ΟΟΜΜΕΝΤ.
1499 386 1562 441 IN
1607 381 2052 441 EZECHIELEM.
2094 415 2163 424 —
2199 382 2328 439 LIB.
2372 382 2506 438 Xlll.

3326 379 3426 433 δδι

177 496 533 569 largissimam
564 500 767 570 prolem
789 507 966 556 vestra
1000 501 1287 571 posteritas
1314 500 1596 569 germinet.
1641 498 1750 554 Nec
1778 508 1826 566 Α
1852 497 2152 568 persecutio
2172 495 2293 563 fuit,
2321 509 2592 566 perquam
2614 494 2924 563 proscriptze
2947 501 3070 548 sunt
3091 489 3330 547 θεριοειιυ
3351 502 3432 543 at-

175 592 383 656 audies,
414 593 602 667 inquit,
634 593 895 663 amplius,
926 608 1026 649 nec
1052 592 1357 667 sustinebis
1379 583 1750 647 confusionem
1854 604 1959 659 que
1978 597 2236 650 vastatas,
2256 588 2469 656 quando
2497 585 2962 640 subsannaverunt
2982 582 3267 638 ecclesiam
3299 596 3429 652 gen-

173 682 439 754 gentium,
471 682 565 737 sed
598 698 696 737 nec
716 683 932 738 amittes
954 692 1168 754 gentem
1194 692 1363 748 tuam,
1386 691 1446 736 ut
1468 680 1754 752 aliquando
1793 691 1805 707 ‘

176 774 448 829 sustineas
472 774 861 842 captivitatem,
886 774 1138 843 quoniam
1165 773 1423 827 Dominus
1441 773 1653 827 loculus
1674 780 1757 826 est

177 863 313 919 hate.
344 869 770 941 Παραφραστικὼς
820 880 971 919 more
998 862 1220 922 Iudaico
1255 863 1581 928 dixerimus,
1636 877 1757 933 qua:

169 953 243 1007 illi
271 963 589 1023 exspectant
607 955 657 1008 in
681 954 825 1009 mille
846 970 1110 1010 annorum
1132 968 1318 1025 regno,
1334 952 1550 1023 quando
1569 953 1759 1007 civita-

174 1047 285 1097 tein
318 1042 653 1099 Hierusalem
692 1054 941 1099 asserunt
972 1046 1374 1109 exstruendam,
1399 1053 1455 1097 et
1503 1043 1757 1113 templum

175 1133 324 1201 quod
364 1134 417 1187 in
460 1134 565 1189 line
593 1135 751 1205 hujus
774 1135 1060 1189 voluminis
1085 1135 1433 1199 describitur,
1472 1144 1527 1189 et
1577 1148 1757 1187 rerum

173 1221 416 1282 omnium
439 1226 767 1283 felicitatem.
784 1227 1019 1294 Quorum
1040 1228 1275 1282 nonnulli
1296 1228 1633 1281 arbitrantur
1658 1226 1758 1281 sub

174 1308 475 1375 Zorobabel
490 1321 603 1376 hanc
622 1320 787 1376 fuisse
800 1322 1087 1391 completa.
1106 1321 1209 1395 Sed
1226 1322 1494 1391 quomodo
1509 1331 1587 1375 sta
1597 1336 1652 1374 re
1673 1335 1761 1390 po-

173 1410 341 1465 tuerit
356 1412 460 1467 hoc
476 1412 619 1482 quod
638 1412 834 1467 dicitur
862 1428 877 1466 :
907 1430 925 1463 ι
958 1412 1022 1466 Et
1042 1412 1273 1468 habitari
1294 1427 1392 1465 vos
1412 1411 1604 1466 faciam
1628 1412 1761 1465 sicut

171 1511 207 1551 ι
226 1500 512 1576 pripcipio,
533 1501 793 1571 bonisque
808 1502 1017 1557 donabo
1040 1501 1353 1574 majoribus,
1375 1517 1533 1571 quam
1549 1501 1764 1556 habuis-

172 1590 249 1646 tis
263 1593 332 1647 ab
375 1592 562 1649 initio?
596 1613 615 1647 ι
653 1594 765 1649 Sub
790 1595 1087 1651 Zorobabel
1116 1597 1261 1651 enim
1289 1595 1426 1650 Ezra
1455 1603 1511 1651 et
1546 1594 1762 1650 Neemia

170 1682 333 1751 pauci
358 1682 424 1736 de
446 1683 641 1752 populo
667 1694 792 1739 sunt
818 1685 1045 1750 reducti,
1070 1693 1123 1739 et
1150 1686 1248 1755 ipsi
1269 1686 1582 1740 obedientes
1599 1684 1765 1739 Medis

168 1784 243 1824 ae
265 1769 466 1835 Persis,
488 1781 542 1825 et
568 1772 813 1843 .leinceps
836 1772 1215 1828 Macedonibus
1235 1782 1288 1828 et
1318 1772 1584 1844 Egyptiis
1604 1782 1767 1842 atque

1856 682 2025 736 tilium
2045 691 2101 736 et
2124 680 2498 735 haereticorum
2528 684 2716 747 gentes
2734 692 2830 747 per
2851 676 3136 731 circuitum
3159 716 3175 739 ,
3205 672 3345 743 quod
3377 671 3430 725 in

1857 771 1979 841 igne
2005 770 2103 825 zeli
2126 778 2181 824 et
2208 768 2406 823 furoris
2430 767 2511 822 sui
2544 767 2755 831 locutus
2779 766 2868 829 sit,
2904 774 2959 821 et
2992 765 3208 835 proprie
3238 764 3433 819 advero

1857 877 1976 916 sum
1997 861 2289 925 ldumeam,
2312 874 2431 929 quae
2454 858 2683 913 terrenis
2709 850 2961 925 operibus
2984 856 3197 910 volebat
3219 869 3433 919 omnes,

1859 955 2098 1024 deposita
2125 955 2353 1025 imagine
2376 953 2629 1015 caelestis,
2652 960 2871 1021 portare
2900 952 3186 1022 imaginem
3212 942 3431 1003 terreni.

1857 1048 1935 1104 illi
1964 1048 2105 1101 enim
2135 1046 2395 1100 dederunt
2435 1052 2634 1099 terram
2669 1043 2760 1097 Dei
2807 1042 2910 1096 sibi
2952 1042 3004 1095 in
3034 1042 3431 1102 bmreditatcm,

1858 1147 1913 1193 et
1942 1153 2004 1192 ex
2051 1146 2164 1191 toto
2193 1135 2355 1191 corde
2405 1146 2565 1204 atque
2592 1147 2657 1189 ex
2688 1134 2868 1188 animo
2897 1132 3177 1188 ecclesiam
3220 1127 3432 1185 Domini

1860 1228 2128 1300 persecuti
2176 1235 2322 1290 sunt,
2352 1234 2406 1280 et
2432 1222 2709 1293 eiecerunt
2747 1239 2865 1278 eam
2896 1222 2963 1277 de
2989 1221 3204 1277 sedibus
3240 1221 3353 1277 suis
3387 1228 3443 1275 et

1859 1324 2229 1372 vastaverunt.
2261 1314 2366 1370 Sed
2399 1314 2525 1384 quid
2556 1313 2754 1385 profuit
2774 1312 3115 1377 nationibus,
3146 1312 3273 1381 quid
3297 1312 3437 1383 jnvit

1863 1411 2239 1465 haereticorum
2275 1416 2462 1478 gentes
2497 1406 2784 1461 insultasse
2814 1413 2972 1459 terra:
3012 1403 3223 1458 Domini
3246 1443 3259 1466 ,
3311 1419 3432 1457 cum

1864 1502 2115 1570 loquatur
2147 1501 2214 1554 ad
2242 1515 2363 1554 eam
2411 1509 2465 1553 et
2507 1497 2780 1551 montibus
2807 1496 2948 1551 illius
2992 1495 3327 1562 collibusque
3374 1508 3437 1546 ac

1861 1594 2024 1665 jugis,
2051 1593 2163 1647 sive
2186 1589 2489 1645 nemorosis
2519 1588 2672 1651 locis,
2704 1601 2823 1655 qua:
2849 1584 3163 1639 ammnitnte
3192 1583 3440 1637 virebant

1864 1685 2121 1756 paradisi,
2146 1690 2202 1738 et
2226 1681 2471 1745 collibus,
2500 1681 2564 1733 de
2592 1679 2785 1747 quibus
2809 1691 2972 1746 supra
2993 1676 3225 1730 diximus
3244 1676 3294 1727 in
3324 1674 3439 1725 zelo

1869 1777 2007 1831 etin
2042 1775 2226 1829 furore
2252 1786 2348 1827 suo
2398 1771 2611 1825 locutus
2656 1770 2762 1831 sit,
2802 1776 2859 1820 et
2888 1766 3175 1837 opprobrio
3204 1764 3435 1833 gentium

174 1857 441 1915 Romanis
456 1876 624 1930 usque
645 1862 712 1917 ad
734 1863 912 1918 Titum
940 1870 995 1918 et
1020 1843 1407 1934 Vespasianum
1429 1843 1767 1924 diversarum
1798 1843 1843 1901 Β
1873 1867 2009 1921 levet
2028 1878 2245 1920 manum
2272 1876 2423 1918 suam
2443 1864 2631 1915 contra
2656 1855 3017 1919 adversarios,
3039 1854 3131 1923 qui
3158 1851 3443 1907 ecclesiam

170 1950 417 2020 gentium
438 1952 655 2021 regibus
674 1952 981 2009 servierunt
1009 1972 1019 2006 :
1047 1962 1101 2008 et
1136 1968 1303 2023 usque
1324 1953 1485 2007 hodie
1506 1954 1765 2017 serviunt,

171 2046 240 2093 ut
264 2047 412 2093 stare
448 2041 667 2111 omnino
715 2059 821 2097 non
852 2029 1191 2113 possit’hoe,
1243 2045 1389 2114 quod
1434 2044 1488 2098 in
1526 2054 1766 2099 extrema

171 2127 379 2209 dicitur
418 2130 723 2200 prophetia.
767 2150 787 2183 ι
826 2132 891 2187 Et
918 2135 1265 2203 opprobrium
1311 2134 1629 2205 populorum
1674 2150 1769 2189 ne-

169 2236 449 2292 quaquam
476 2222 739 2292 portabis,
776 2233 832 2279 et
860 2233 1075 2296 gentem
1110 2234 1255 2279 tuam
1278 2241 1386 2279 non
1414 2226 1629 2279 amittes
1656 2239 1769 2278 am-

168 2309 337 2381 plius.
384 2330 403 2362 ι
460 2311 525 2365 Et
552 2312 679 2381 quia
712 2311 930 2385 longum
956 2323 1040 2369 est
1084 2304 1226 2369 nunc
1257 2316 1545 2369 adversum
1573 2314 1769 2385 dogma

170 2396 460 2472 Iudaicum
498 2409 551 2457 et
592 2402 980 2458 beatitudinem
1010 2404 1185 2459 ventri
1217 2412 1271 2459 et
1303 2404 1508 2475 gutturi
1547 2402 1791 2459 Iudaico

170 2484 527 2558 servientem,
551 2493 676 2563 quia
696 2494 879 2551 omnia
905 2502 1117 2549 terrena
1137 2495 1469 2560 desiderant,
1487 2503 1541 2549 et
1560 2496 1768 2561 dicunt,

171 2580 563 2639 Ianducemus
589 2594 645 2639 et
668 2586 939 2653 bibamus,
978 2587 1045 2642 de
1077 2588 1281 2656 quibus
1297 2596 1349 2642 et
1374 2587 1665 2657 Apostolus
1694 2587 1773 2644 lo—

167 2672 401 2742 quitur:
444 2692 461 2725 ι
497 2674 631 2729 Esca
660 2676 865 2743 ventri,
910 2685 971 2731 et
995 2686 1187 2732 venter
1214 2678 1385 2743 escis;
1422 2662 1561 2733 Deus
1591 2686 1770 2733 autem

170 2767 236 2817 et
280 2760 428 2818 hunc
457 2772 512 2818 et
542 2763 687 2818 illam
720 2765 963 2820 destruet
995 2764 1045 2836 (Ι
1085 2764 1207 2820 Cor.
1245 2764 1357 2837 v)»,
1391 2767 1445 2819 in
1474 2766 1628 2821 brevi
1673 2782 1769 2822 ex-

171 2848 488 2923 planatione
517 2850 725 2919 dicere,
754 2869 897 2908 nunc
936 2855 1003 2909 ad
1041 2854 1335 2923 spiritalem
1363 2854 1770 2927 intelligentiam

172 2948 544 3010 transeamus,
587 2944 741 3014 juxta
778 2962 941 3016 quam
968 2956 1022 3003 et
1051 2957 1325 3003 extremas
1368 2958 1552 3018 partes
1598 2950 1770 3005 inter-

171 3034 379 3105 pretati
422 3050 627 3090 sumus.
668 3035 851 3106 Neque
882 3039 1026 3092 enim
1052 3038 1207 3107 juxta
1247 3037 1499 3094 Judaieas
1527 3038 1771 3106 fabulas,

172 3134 315 3195 quas
338 3122 416 3180 illi
445 3123 777 3203 διυτιρὼσεις
807 3128 1091 3198 appellant;
1118 3136 1445 3199 gemmatam
1473 3138 1529 3184 et
1548 3146 1766 3185 auream

171 3215 248 3276 de
266 3219 409 3274 οωιο
423 3232 799 3290 exspectamus
815 3222 1171 3289 llierusalem,
1193 3238 1294 3278 nec
1316 3240 1530 3278 rursum
1553 3224 1764 3293 passuri

174 3308 612 3365 circumcisionis
660 3311 936 3380 injuriam,
980 3328 1081 3367 nec
1121 3314 1355 3368 oblaturi
1388 3301 1666 3367 taurorum
1713 3322 1769 3367 et

174 3400 414 3457 arietum
433 3392 700 3468 victimas,
731 3418 830 3458 nec
849 3404 1059 3458 sabbati
1090 3404 1201 3458 otio
1229 3404 1558 3457 dormiemus
1589 3422 1602 3456 :
1628 3404 1772 3471 quod

174 3499 236 3551 et
263 3492 423 3547 multi
465 3503 773 3549 nostrorum
809 3504 863 3549 et
922 3497 1193 3566 praecipue
1240 3496 1559 3550 Tertulliani
1609 3495 1768 3561 liber,

176 3583 273 3655 qui
309 3582 627 3638 inscribitur
654 3584 717 3639 de
746 3582 848 3656 Spe
875 3585 1143 3654 ﬁdelium,
1162 3595 1217 3641 et
1249 3585 1515 3641 Lactantii
1551 3586 1769 3639 institu-

177 3674 389 3728 tionum
435 3674 686 3730 volumen
735 3676 1021 3744 septimum
1052 3676 1371 3745 pollicetur,
1414 3674 1768 3729 et‘Victorini

178 3764 599 3822 Petabionensis
620 3768 866 3837 Episcopi
892 3770 1095 3835 crebra:
1119 3770 1504 3839 expositiones,
1527 3780 1580 3824 et
1602 3784 1774 3838 nuper

180 3858 421 3914 Severus
457 3870 645 3914 noster
674 3860 739 3935 in
772 3859 1000 3931 dialogo.
1040 3861 1125 3916 cui
1153 3860 1306 3915 Gallo
1348 3876 1543 3915 nomen
1594 3861 1771 3929 impo-

180 3951 293 4005 suit
326 3970 338 4002 :
380 3958 434 4005 ct
458 3958 514 4003 ut
537 3949 754 4013 Graecos
776 3952 1073 4017 nominem,
1099 3960 1162 4010 et,
1182 3953 1415 4022 primum
1445 3961 1773 4007 extremum-

180 4056 289 4111 que
327 4042 669 4111 conjnngam,
712 4041 943 4097 lremens
987 4051 1042 4097 et
1096 4042 1440 4112 Apollinaris.
1484 4043 1593 4098 Nos
1644 4059 1775 4113 ergo

182 4141 400 4186 montes
429 4131 590 4209 Israel
614 4131 914 4201 Prophetas
944 4141 999 4188 et
1023 4134 1307 4203 Apostolos
1345 4150 1466 4190 esse
1493 4137 1734 4192 dicemus
1758 4179 1773 4203 ,

186 4224 279 4292 qui
312 4223 540 4277 audiunt
569 4225 790 4277 verbum
821 4224 937 4290 Dei,
969 4232 1024 4279 et
1048 4225 1242 4294 quibus
1276 4225 1520 4280 diabolus
1548 4226 1774 4281 insulta-

183 4316 264 4367 vit
288 4314 539 4368 inimicus
562 4314 746 4368 dicens
773 4333 785 4367 :
814 4314 993 4385 Euge;
1017 4314 1215 4369 excelsi
1242 4316 1511 4385 quondam
1539 4328 1773 4383 montes,

185 4406 253 4460 de
281 4405 479 4475 quibus
500 4405 763 4475 scriptum
802 4414 886 4460 est
937 4424 949 4459 :
987 4426 1003 4457 ι
1038 4406 1244 4461 Montes
1273 4410 1324 4462 in
1353 4406 1583 4464 circuitu
1621 4410 1736 4479 ejus
1758 4452 1773 4476 ,

1872 1958 2141 2031 persecuti
2182 1956 2321 2019 sint,
2358 1963 2417 2009 ut
2461 1958 2678 2021 portent
2706 1948 3073 2004 confusionem
3116 1952 3171 1999 et
3218 1943 3447 2013 ignomi-

1873 2050 2017 2107 niam
2037 2047 2223 2103 suam?
2249 2045 2399 2100 Tunc
2419 2041 2853 2115 persecutoribus
2880 2034 3205 2098 interfectis,‘
3237 2044 3291 2088 et
3314 2048 3446 2103 pace

1870 2138 2125 2196 Ecclesia:
2151 2135 2380 2198 reddita,
2404 2140 2612 2187 montes
2630 2129 2796 2197 lsrael
2816 2169 2830 2193 ,
2856 2125 3095 2197 Apostoli
3122 2122 3368 2179 videlicet
3394 2130 3448 2174 et

1872 2229 2151 2302 apostolici
2168 2228 2267 2281 viri
2292 2216 2667 2295 germinabunt
2680 2220 2901 2275 arbores
2919 2231 3069 2282 suas,
3086 2223 3143 2269 et
3159 2211 3451 2269 extendunt

1874 2337 2053 2378 ramos
2078 2335 2315 2388 uvasque
2337 2318 2581 2373 adferent
2615 2314 2902 2371 calcandas
2929 2310 2983 2364 in
3012 2307 3177 2379 prazlo
3203 2302 3413 2359 Domini
3432 2342 3447 2365 ,

1870 2416 1938 2473 de
1964 2412 2160 2484 quibus
2196 2418 2369 2465 musta
2396 2407 2714 2470 funduntur,
2746 2416 2866 2474 qua:
2900 2399 3172 2455 inebricnt
3219 2394 3445 2484 creden-

1873 2483 2005 2561 tium
2054 2502 2309 2576 populos,
2361 2507 2418 2555 et
2443 2497 2764 2569 exprimitur
2792 2495 2976 2548 vinum
3020 2489 3165 2561 quod
3213 2483 3452 2542 laetificat

1872 2612 1968 2653 cor
1990 2594 2228 2652 hominis
2258 2606 2273 2647 :
2302 2600 2363 2647 ut
2395 2589 2570 2645 omnis
2606 2586 2817 2641 fruetus
2853 2582 3136 2645 montium,
3163 2579 3228 2635 de
3255 2576 3452 2647 quibus

1872 2688 2156 2745 conficitur
2183 2683 2361 2755 panis-
2384 2683 2451 2737 de
2476 2678 2615 2735 caelo
2640 2676 2971 2733 descendens
2995 2710 3011 2739 ,
3060 2670 3375 2727 comedatur
3420 2678 3449 2717 a

1872 2778 2068 2849 pepnlo
2102 2777 2197 2832 Dei
2220 2774 2405 2832 lsrael.
2430 2772 2499 2826 Et
2525 2788 2593 2827 ne
2616 2769 2842 2829 forsitan
2872 2767 3220 2836 desperemus
3244 2762 3298 2816 in
3327 2774 3453 2831 per-

1873 2872 2257 2931 secutionibus,
2311 2868 2529 2923 additur
2562 2883 2575 2919 :
2613 2883 2631 2916 (
2664 2864 2838 2933 Prope
2882 2868 2968 2917 est
2998 2869 3209 2930 tempus
3256 2864 3317 2911 ut
3359 2869 3452 2911 ve-

1872 2965 2006 3019 niat.
2052 2960 2287 3015 Veniens
2314 2958 2459 3014 enim
2488 2957 2689 3020 veniet,
2709 2963 2776 3017 ,et
2805 2969 2909 3007 non
2942 2951 3177 3006 tardabit
3218 2946 3448 3019 (ffabac.

1874 3055 1956 3125 ιι).
1989 3052 2141 3109 Unde
2175 3066 2331 3107 suum
2357 3050 2425 3103 ad
2455 3055 2667 3102 montes
2695 3054 2750 3101 et
2789 3045 2859 3098 ad
2890 3058 3005 3107 eos,
3036 3041 3127 3111 qni
3151 3038 3452 3094 tribulatio¢

1874 3143 2034 3197 nibus
2072 3142 2452 3210 perdurarunt,
2478 3135 2766 3206 pollicetur
2792 3133 3082 3187 adventum
3113 3137 3275 3199 atque
3320 3142 3451 3199 pro-

1874 3231 2060 3296 mittit,
2085 3228 2225 3301 (ιιιοά
2258 3226 2651 3299 persecutionis
2680 3224 2931 3278 ardorem
2959 3229 3278 3278 exerceatur
3304 3226 3453 3275 terra

1870 3322 2021 3390 prius
2052 3321 2305 3389 decerpta
2346 3316 2547 3373 Christi
2590 3330 2809 3371 vomere
2839 3322 2893 3369 et
2936 3328 3149 3369 omnem
3193 3312 3452 3366 virtutum

1873 3417 2170 3464 sementem
2200 3407 2450 3476 recipiat,
2475 3407 2541 3461 de
2569 3420 2673 3474 qua
2697 3411 2993 3459 nascantur
3010 3410 3066 3456 et
3090 3400 3451 3471 multiplicen-

1874 3509 1962 3555 tur
1995 3499 2256 3563 homines,
2284 3496 2538 3571 ctonmis
2565 3496 2755 3549 domus
2782 3492 2962 3548 lsrael.
3002 3491 3244 3560 Cumque
3270 3489 3454 3544 civita-

1876 3601 1975 3655 tes,
2011 3592 2111 3645 hoe
2146 3599 2249 3652 est,
2276 3589 2516 3644 ecclesiae
2542 3586 2873 3641 credentium
2906 3584 3109 3639 fuerint
3138 3582 3453 3638 inhabitatzc

1876 3682 2227 3735 redeuntibus
2258 3679 2448 3742 turbis,
2474 3686 2602 3731 tune
2625 3690 2964 3744 nequaquam
2981 3673 3154 3728 solum
3182 3671 3451 3734 homines,

1874 3774 1963 3842 qui
1998 3771 2273 3841 pollebunt
2300 3770 2524 3824 scientia
2549 3767 2950 3837 Scripturarum
2979 3783 2990 3816 :
3016 3764 3110 3818 sed
3140 3772 3193 3818 et
3210 3762 3453 3831 jumenta

1875 3866 2144 3937 simplices
2183 3864 2382 3933 quique
2404 3860 2736 3935 credentium
2767 3857 3265 3927 multiplicabuntur
3296 3862 3459 3923 atque

1877 3964 2246 4013 suecrescent.
2275 3954 2341 4007 Et
2361 3952 2749 4007 habitabuntur
2768 3948 3009 4005 ecclesia:
3039 3949 3176 4001 sicut
3204 3961 3234 3998 a
3258 3944 3457 4014 princi-

1876 4047 1988 4118 pio,
2037 4046 2141 4100 hoc
2164 4052 2279 4108 est,
2316 4042 2627 4112 priusquam
2657 4046 2801 4093 esset
2827 4037 3153 4107 persecutio.
3186 4033 3457 4103 Bnnisque

1877 4137 2145 4191 florebunt
2172 4133 2483 4201 majoribus,
2509 4146 2670 4200 quam
2694 4129 3003 4183 habuerunt
3024 4128 3091 4181 ab
3112 4125 3286 4188 initio,
3315 4139 3457 4177 mar-

1880 4240 2058 4299 tyrum
2089 4226 2330 4281 victoriis
2360 4232 2648 4279 coronatae.
2681 4222 2748 4276 Et
2790 4230 2917 4275 tunc
2944 4220 3133 4282 scient,
3170 4218 3313 4287 quod
3342 4218 3456 4287 ipse

1881 4319 1952 4374 sit
1979 4317 2258 4379 Dominus,
2290 4316 2380 4385 qui
2406 4314 2641 4369 restituit
2671 4311 2881 4382 plebem
2914 4326 3065 4365 suam
3094 4310 3319 4378 pristino
3349 4317 3455 4361 sta-

1883 4412 1983 4477 tui,
2017 4426 2136 4480 quae
2162 4409 2436 4479 possideat
2462 4406 2742 4470 ecclesias,
2768 4412 2822 4458 et
2849 4405 2961 4472 ipsa
2998 4403 3068 4457 sit
3104 4400 3454 4455 ecclesiarum

185 4506 244 4552 et
264 4498 521 4552 Dominus
545 4498 596 4551 in
618 4498 845 4553 circuitu
872 4500 1148 4567 populisui
1174 4496 1345 4571 (Psal.
1371 4502 1574 4571 cxxiv),
1601 4521 1618 4551 ι
1645 4503 1774 4556 mihi
1804 4519 1855 4577 1)
1881 4504 2191 4559 haereditas.
2252 4502 2318 4556 Et
2362 4514 2702 4569 nequaquam
2747 4498 2888 4551 ultra
2934 4496 3137 4563 absque
3177 4490 3361 4545 liberis
3389 4491 3461 4544 sit

186 4589 300 4644 dati
328 4599 455 4643 sunt
476 4590 529 4643 in
571 4592 989 4660 possessionem,
1017 4594 1232 4661 quando
1261 4595 1651 4663 persecutionis
1676 4612 1775 4650 an-

186 4682 382 4752 gustiis
411 4681 633 4736 desolati
666 4691 825 4747 sunt,
856 4691 910 4738 et
936 4684 1235 4739 conculcati
1259 4668 1355 4754 per
1378 4686 1660 4740 circuitum
1680 4728 1695 4751 ,
1725 4696 1777 4742 et

188 4772 322 4827 facti
351 4772 405 4825 in
429 4772 799 4829 hareditatem
824 4773 1048 4844 reliquis
1069 4776 1340 4845 gentibus,
1367 4786 1421 4830 et
1442 4778 1509 4831 ab
1529 4778 1777 4832 erunibus

188 4863 576 4932 blasphemati.
616 4863 907 4933 Propterea
936 4864 1175 4934 loquitur
1205 4865 1465 4921 Dominus
1492 4868 1775 4921 conculca-

189 4956 265 5010 tis
291 4957 567 5010 montibus
585 4964 641 5010 et
662 4956 939 5021 desolatis,
960 4965 1014 5011 et
1040 4974 1145 5012 non
1169 4958 1342 5012 solum
1368 4960 1656 5023 montibus,
1684 4961 1778 5015 sed

188 5056 248 5100 et
278 5042 623 5099 inferioribus
648 5061 711 5099 ac
740 5061 834 5115 per
852 5047 1087 5116 singulos
1111 5049 1307 5117 gradus
1336 5050 1388 5103 in
1414 5038 1556 5105 terra
1578 5049 1781 5115 Jndtca,

190 5135 298 5191 hoc
318 5144 400 5191 est
414 5136 468 5189 in
489 5146 668 5191 monte
684 5136 940 5193 Ecclesia:
962 5140 1286 5205 constitutis,
1310 5142 1376 5196 de
1399 5158 1505 5212 qua
1521 5144 1781 5215 scriptum

192 5235 280 5281 est
308 5238 323 5278 :
352 5242 371 5276 ι
397 5224 511 5280 Non
538 5235 711 5295 potest
735 5228 927 5283 civitas
951 5230 1206 5284 abscondi
1236 5245 1395 5300 super
1423 5241 1662 5288 montem
1686 5249 1783 5304 po-

193 5318 300 5375 sita
330 5316 543 5389 (Matth.
572 5318 648 5391 v).
688 5338 707 5372 ι
729 5319 795 5373 Et
824 5319 1051 5376 collibus
1088 5330 1248 5393 atque
1274 5324 1626 5389 torrentibus,
1655 5340 1784 5395 quo—

192 5425 320 5468 rum
353 5409 531 5465 hieme
564 5412 993 5481 persecutionum
1013 5453 1027 5477 ,
1058 5421 1114 5467 et
1155 5422 1471 5483 tempestate
1510 5430 1779 5485 pressurae

195 5508 426 5572 augetur
452 5499 603 5555 fides.
633 5500 866 5556 Vallibus
886 5518 1098 5571 quoque
1124 5504 1230 5569 his,
1246 5505 1337 5574 qui
1363 5506 1661 5559 humilitate
1681 5505 1778 5561 de-

197 5589 371 5665 pressi
401 5598 556 5655 sunt,
584 5598 639 5644 et
668 5591 898 5645 desertis
928 5590 1186 5645 Ecclesiis
1212 5602 1267 5646 et
1310 5593 1591 5661 parietinis
1620 5603 1781 5663 atque

199 5682 252 5735 in
306 5688 416 5734 toto
473 5680 603 5733 orbe
653 5680 1007 5735 ecclesiarum
1047 5682 1421 5737 conciliabulis
1470 5682 1777 5749 derelictis,

200 5769 375 5840 qualis
425 5770 523 5825 sub
558 5769 889 5825 Diocletiano
918 5780 969 5827 et
1006 5771 1331 5827 Maximiano
1382 5774 1434 5827 in
1489 5781 1599 5829 toto
1648 5775 1779 5830 orbe

1880 4611 2015 4665 quos
2050 4595 2102 4649 in
2132 4592 2506 4664 persecutione
2533 4588 2861 4660 perdiderat.
2897 4585 3051 4640 Unde
3074 4583 3297 4651 jubetnr
3335 4596 3459 4651 pro-

1881 4687 2064 4756 pheta,
2091 4692 2150 4737 ut
2184 4684 2433 4751 loquatur
2461 4681 2529 4735 ad
2566 4689 2764 4735 terram
2800 4684 3201 4733 mansuctorum
3235 4682 3450 4728 terram-

1881 4792 1985 4845 que
2016 4775 2331 4838 viventium,
2364 4774 2477 4828 sive
2498 4772 2566 4827 ad
2591 4781 2801 4825 montes
2821 4769 3001 4834 lsrael,
3036 4776 3089 4823 et
3120 4767 3299 4822 dicat:
3327 4764 3457 4818 Pero

1879 4875 2188 4921 secutorum
2220 4865 2355 4918 ultra
2389 4878 2494 4917 non
2529 4863 2751 4933 patiaris
2774 4861 3141 4932 opprobrium,
3168 4874 3267 4913 nec
3294 4856 3460 4911 insul--

1886 4954 2380 5025 tabuntjugulatum
2395 4954 2644 5025 pepulum
2665 4962 2836 5018 tuum,
2854 4952 2993 5006 sicut
3012 4966 3141 5006 oves
3152 4950 3456 5005 occisionis.

1888 5046 2027 5102 Pace
2049 5047 2191 5102 enim
2240 5046 2466 5110 reddita,
2514 5046 2798 5116 opprobria
2840 5046 3092 5100 universa
3145 5046 3455 5099 cessabunt.

1887 5138 1999 5194 Nec
2047 5139 2337 5195 sustinebis
2386 5137 2752 5194 confusionem
2803 5147 2860 5192 et
2918 5138 3263 5207 ignominiam
3320 5138 3460 5190 inter

1888 5234 2129 5289 diversas
2155 5232 2207 5285 in
2242 5232 2470 5286 circuitu
2508 5232 2777 5294 nationes,
2806 5231 2899 5285 sed
2936 5240 3151 5301 gentem
3181 5239 3327 5285 tuam
3369 5230 3434 5287 ba

1886 5322 2039 5379 bebis
2063 5333 2117 5378 et
2139 5322 2391 5392 populum
2420 5341 2431 5377 :
2466 5323 2589 5391 quia
2613 5323 2810 5377 veritas
2838 5322 3210 5391 promissionis
3234 5322 3459 5376 Domino

1885 5412 2137 5481 loquente
2164 5414 2376 5468 firmata
2411 5422 2511 5468 est.

1962 5522 1981 5554 ι
2022 5504 2089 5557 Et
2118 5502 2318 5558 factum
2354 5513 2435 5558 est
2466 5503 2687 5558 verbum
2732 5503 2942 5556 Domini
2984 5502 3050 5555 ad
3097 5515 3181 5555 me
3230 5501 3414 5554 dicens
3449 5515 3461 5550 :

1896 5612 1913 5644 ι
1952 5592 2051 5647 Fili
2090 5594 2342 5660 hominis,
2373 5593 2745 5649 domnslsrael
2786 5594 3164 5646 habitaverunt
3204 5592 3253 5643 in
3302 5592 3463 5643 inuno

1896 5704 1912 5735 ι
1954 5700 2047 5739 sua
2078 5692 2131 5739 et
2176 5684 2479 5754 polluerunt
2507 5700 2626 5738 eam
2678 5685 2729 5738 in
2762 5687 2864 5739 viis
2917 5686 3028 5740 suis
3068 5695 3120 5738 rt
3168 5685 3220 5737 in
3269 5683 3459 5737 studiis

1898 5794 1916 5827 ι
1954 5775 2085 5831 suis.
2113 5773 2272 5830 Juxta
2305 5775 2697 5830 inmunditiam
2729 5784 3075 5831 menstruata:
3103 5777 3241 5829 facta
3266 5783 3347 5831 est
3382 5773 3465 5827 via
