  <div class='ocr_page' id='page_1' title='image "/cluster/home/n/w/nwhite01/storage/ocr_20150623/110/uva.x000827066/435.png"; bbox 0 0 3936 6342; ppageno 0'>
   <div class='ocr_carea' id='block_1_1' title="bbox 1530 281 1557 300">
    <p class='ocr_par' dir='ltr' id='par_1_1' title="bbox 1530 281 1557 300">
     <span class='ocr_line' id='line_1_1' title="bbox 1530 281 1557 300; baseline 0 0"><span class='ocrx_word' id='word_1_1' title='bbox 1530 281 1557 300; x_wconf 45' lang='grc' dir='ltr'><strong>ἢ</strong></span> 
     </span>
    </p>
   </div>
   <div class='ocr_carea' id='block_1_2' title="bbox 471 341 575 408">
    <p class='ocr_par' dir='ltr' id='par_1_2' title="bbox 471 341 575 408">
     <span class='ocr_line' id='line_1_2' title="bbox 471 341 575 408; baseline 0.019 -3"><span class='ocrx_word' id='word_1_2' title='bbox 471 341 575 408; x_wconf 67' lang='lat'><strong>835</strong></span> 
     </span>
    </p>
   </div>
   <div class='ocr_carea' id='block_1_3' title="bbox 1112 341 2969 408">
    <p class='ocr_par' dir='ltr' id='par_1_3' title="bbox 1112 341 2969 408">
     <span class='ocr_line' id='line_1_3' title="bbox 1112 341 2969 408; baseline 0.001 -3"><span class='ocrx_word' id='word_1_3' title='bbox 1112 351 1173 405; x_wconf 85' lang='grc' dir='ltr'><strong>Β.</strong></span> <span class='ocrx_word' id='word_1_4' title='bbox 1217 351 1467 408; x_wconf 72' lang='lat' dir='ltr'><strong>RABANI</strong></span> <span class='ocrx_word' id='word_1_5' title='bbox 1504 350 1723 407; x_wconf 57' lang='lat' dir='ltr'><strong>MAURI</strong></span> <span class='ocrx_word' id='word_1_6' title='bbox 1761 345 2079 406; x_wconf 79' lang='lat' dir='ltr'><strong>ARCIIIEP.</strong></span> <span class='ocrx_word' id='word_1_7' title='bbox 2115 341 2424 405; x_wconf 77' lang='lat' dir='ltr'><strong>MOGUNT.</strong></span> <span class='ocrx_word' id='word_1_8' title='bbox 2466 346 2765 407; x_wconf 76' lang='lat' dir='ltr'><strong>OPERUM</strong></span> <span class='ocrx_word' id='word_1_9' title='bbox 2789 348 2969 406; x_wconf 77' lang='lat' dir='ltr'><strong>PARS</strong></span> 
     </span>
    </p>
   </div>
   <div class='ocr_carea' id='block_1_4' title="bbox 3647 343 3751 410">
    <p class='ocr_par' dir='ltr' id='par_1_4' title="bbox 3647 343 3751 410">
     <span class='ocr_line' id='line_1_4' title="bbox 3647 343 3751 410; baseline -0.019 0"><span class='ocrx_word' id='word_1_10' title='bbox 3647 343 3751 410; x_wconf 76' lang='lat'><strong>856</strong></span> 
     </span>
    </p>
   </div>
   <div class='ocr_carea' id='block_1_5' title="bbox 477 439 3751 534">
    <p class='ocr_par' dir='ltr' id='par_1_5' title="bbox 477 439 3751 534">
     <span class='ocr_line' id='line_1_5' title="bbox 477 439 3751 534; baseline 0.002 -18"><span class='ocrx_word' id='word_1_11' title='bbox 477 487 492 516; x_wconf 66' lang='grc' dir='ltr'><strong>ς</strong></span> <span class='ocrx_word' id='word_1_12' title='bbox 535 479 720 521; x_wconf 85' lang='lat' dir='ltr'><strong>eorum</strong></span> <span class='ocrx_word' id='word_1_13' title='bbox 759 479 941 520; x_wconf 87' lang='lat' dir='ltr'><strong>coram</strong></span> <span class='ocrx_word' id='word_1_14' title='bbox 970 480 1086 528; x_wconf 90' lang='lat' dir='ltr'><strong>me,</strong></span> <span class='ocrx_word' id='word_1_15' title='bbox 1114 474 1169 519; x_wconf 88' lang='lat' dir='ltr'><strong>et</strong></span> <span class='ocrx_word' id='word_1_16' title='bbox 1192 463 1354 520; x_wconf 62' lang='lat' dir='ltr'><strong>effudi</strong></span> <span class='ocrx_word' id='word_1_17' title='bbox 1407 439 1828 533; x_wconf 87' lang='lat' dir='ltr'><strong>indignationem</strong></span> <span class='ocrx_word' id='word_1_18' title='bbox 1872 475 2048 514; x_wconf 93' lang='lat' dir='ltr'><strong>meam</strong></span> <span class='ocrx_word' id='word_1_19' title='bbox 2078 461 2129 520; x_wconf 78' lang='grc' dir='ltr'><strong>Λ</strong></span> <span class='ocrx_word' id='word_1_20' title='bbox 2157 459 2296 514; x_wconf 91' lang='lat' dir='ltr'><strong>Dens</strong></span> <span class='ocrx_word' id='word_1_21' title='bbox 2322 477 2491 530; x_wconf 87' lang='lat' dir='ltr'><strong>quare</strong></span> <span class='ocrx_word' id='word_1_22' title='bbox 2520 464 2772 532; x_wconf 86' lang='lat' dir='ltr'><strong>populum</strong></span> <span class='ocrx_word' id='word_1_23' title='bbox 2805 463 2971 518; x_wconf 89' lang='lat' dir='ltr'><strong>Israel</strong></span> <span class='ocrx_word' id='word_1_24' title='bbox 3016 457 3316 534; x_wconf 76' lang='lat' dir='ltr'><strong>captivitati</strong></span> <span class='ocrx_word' id='word_1_25' title='bbox 3345 467 3667 532; x_wconf 78' lang='lat' dir='ltr'><strong>tradiderit,</strong></span> <span class='ocrx_word' id='word_1_26' title='bbox 3697 478 3751 524; x_wconf 90' lang='lat' dir='ltr'><strong>et</strong></span> 
     </span>
    </p>
   </div>
   <div class='ocr_carea' id='block_1_6' title="bbox 479 551 2056 626">
    <p class='ocr_par' dir='ltr' id='par_1_6' title="bbox 479 551 2056 626">
     <span class='ocr_line' id='line_1_6' title="bbox 479 551 2056 626; baseline -0.004 -17"><span class='ocrx_word' id='word_1_27' title='bbox 479 576 491 604; x_wconf 69' lang='grc' dir='ltr'>ε</span> <span class='ocrx_word' id='word_1_28' title='bbox 538 571 698 626; x_wconf 89' lang='lat' dir='ltr'><strong>super</strong></span> <span class='ocrx_word' id='word_1_29' title='bbox 723 570 815 610; x_wconf 91' lang='lat' dir='ltr'><strong>eos</strong></span> <span class='ocrx_word' id='word_1_30' title='bbox 858 569 956 625; x_wconf 89' lang='lat' dir='ltr'><strong>pro</strong></span> <span class='ocrx_word' id='word_1_31' title='bbox 995 555 1289 626; x_wconf 84' lang='lat' dir='ltr'><strong>sanguine,</strong></span> <span class='ocrx_word' id='word_1_32' title='bbox 1331 570 1492 626; x_wconf 87' lang='lat' dir='ltr'><strong>quem</strong></span> <span class='ocrx_word' id='word_1_33' title='bbox 1535 551 1847 608; x_wconf 74' lang='lat' dir='ltr'><strong>effuderunt</strong></span> <span class='ocrx_word' id='word_1_34' title='bbox 1891 564 2056 619; x_wconf 86' lang='lat' dir='ltr'><strong>super</strong></span> 
     </span>
    </p>
   </div>
   <div class='ocr_carea' id='block_1_7' title="bbox 475 642 2055 718">
    <p class='ocr_par' dir='ltr' id='par_1_7' title="bbox 475 642 2055 718">
     <span class='ocr_line' id='line_1_7' title="bbox 475 642 2055 718; baseline -0.003 -18"><span class='ocrx_word' id='word_1_35' title='bbox 475 667 489 692; x_wconf 65' lang='grc' dir='ltr'><strong>τι</strong></span> <span class='ocrx_word' id='word_1_36' title='bbox 534 658 753 702; x_wconf 88' lang='lat' dir='ltr'><strong>terram.</strong></span> <span class='ocrx_word' id='word_1_37' title='bbox 785 645 852 702; x_wconf 87' lang='lat' dir='ltr'><strong>Et</strong></span> <span class='ocrx_word' id='word_1_38' title='bbox 879 646 934 700; x_wconf 89' lang='lat' dir='ltr'><strong>in</strong></span> <span class='ocrx_word' id='word_1_39' title='bbox 962 646 1118 701; x_wconf 88' lang='lat' dir='ltr'><strong>idolis</strong></span> <span class='ocrx_word' id='word_1_40' title='bbox 1148 647 1259 702; x_wconf 85' lang='lat' dir='ltr'><strong>suis</strong></span> <span class='ocrx_word' id='word_1_41' title='bbox 1286 647 1594 718; x_wconf 91' lang='lat' dir='ltr'><strong>polluerunt</strong></span> <span class='ocrx_word' id='word_1_42' title='bbox 1621 659 1741 699; x_wconf 89' lang='lat' dir='ltr'><strong>eam</strong></span> <span class='ocrx_word' id='word_1_43' title='bbox 1775 683 1789 707; x_wconf 92' lang='lat'><strong>,</strong></span> <span class='ocrx_word' id='word_1_44' title='bbox 1840 651 1895 697; x_wconf 91' lang='lat' dir='ltr'><strong>et</strong></span> <span class='ocrx_word' id='word_1_45' title='bbox 1945 642 2055 697; x_wconf 89' lang='lat' dir='ltr'><strong>dis-</strong></span> 
     </span>
    </p>
   </div>
   <div class='ocr_carea' id='block_1_8' title="bbox 474 735 2050 807">
    <p class='ocr_par' dir='ltr' id='par_1_8' title="bbox 474 735 2050 807">
     <span class='ocr_line' id='line_1_8' title="bbox 474 735 2050 807; baseline 0.002 -20"><span class='ocrx_word' id='word_1_46' title='bbox 474 759 488 783; x_wconf 76' lang='grc' dir='ltr'>ι</span> <span class='ocrx_word' id='word_1_47' title='bbox 531 737 674 805; x_wconf 70' lang='lat' dir='ltr'><strong>uersi</strong></span> <span class='ocrx_word' id='word_1_48' title='bbox 702 751 795 791; x_wconf 85' lang='lat' dir='ltr'><strong>eos</strong></span> <span class='ocrx_word' id='word_1_49' title='bbox 845 737 896 790; x_wconf 91' lang='lat' dir='ltr'><strong>in</strong></span> <span class='ocrx_word' id='word_1_50' title='bbox 928 737 1212 807; x_wconf 76' lang='lat' dir='ltr'><strong>gentibus,</strong></span> <span class='ocrx_word' id='word_1_51' title='bbox 1237 746 1293 791; x_wconf 90' lang='lat' dir='ltr'><strong>et</strong></span> <span class='ocrx_word' id='word_1_52' title='bbox 1321 736 1562 791; x_wconf 87' lang='lat' dir='ltr'><strong>ventilati</strong></span> <span class='ocrx_word' id='word_1_53' title='bbox 1610 746 1741 793; x_wconf 89' lang='lat' dir='ltr'><strong>sunt</strong></span> <span class='ocrx_word' id='word_1_54' title='bbox 1782 737 1837 791; x_wconf 93' lang='lat' dir='ltr'><strong>in</strong></span> <span class='ocrx_word' id='word_1_55' title='bbox 1868 735 2050 800; x_wconf 89' lang='lat' dir='ltr'><strong>terris,</strong></span> 
     </span>
    </p>
   </div>
   <div class='ocr_carea' id='block_1_9' title="bbox 475 828 2050 899">
    <p class='ocr_par' dir='ltr' id='par_1_9' title="bbox 475 828 2050 899">
     <span class='ocr_line' id='line_1_9' title="bbox 475 828 2050 899; baseline 0.004 -23"><span class='ocrx_word' id='word_1_56' title='bbox 475 855 486 876; x_wconf 83' lang='lat'><strong>.</strong></span> <span class='ocrx_word' id='word_1_57' title='bbox 530 829 678 895; x_wconf 74' lang='lat' dir='ltr'><strong>juxta</strong></span> <span class='ocrx_word' id='word_1_58' title='bbox 704 828 826 882; x_wconf 85' lang='lat' dir='ltr'><strong>vias</strong></span> <span class='ocrx_word' id='word_1_59' title='bbox 848 842 1037 883; x_wconf 91' lang='lat' dir='ltr'><strong>eorum</strong></span> <span class='ocrx_word' id='word_1_60' title='bbox 1069 839 1123 881; x_wconf 85' lang='lat' dir='ltr'><strong>et</strong></span> <span class='ocrx_word' id='word_1_61' title='bbox 1154 829 1563 884; x_wconf 88' lang='lat' dir='ltr'><strong>adinventiones</strong></span> <span class='ocrx_word' id='word_1_62' title='bbox 1587 844 1773 884; x_wconf 86' lang='lat' dir='ltr'><strong>eorum</strong></span> <span class='ocrx_word' id='word_1_63' title='bbox 1812 829 2050 899; x_wconf 88' lang='lat' dir='ltr'><strong>judicavi</strong></span> 
     </span>
    </p>
   </div>
   <div class='ocr_carea' id='block_1_10' title="bbox 472 918 2048 989">
    <p class='ocr_par' dir='ltr' id='par_1_10' title="bbox 472 918 2048 989">
     <span class='ocr_line' id='line_1_10' title="bbox 472 918 2048 989; baseline 0.006 -23"><span class='ocrx_word' id='word_1_64' title='bbox 472 940 487 966; x_wconf 77' lang='grc' dir='ltr'>ι</span> <span class='ocrx_word' id='word_1_65' title='bbox 534 933 646 972; x_wconf 84' lang='lat' dir='ltr'><strong>eos.</strong></span> <span class='ocrx_word' id='word_1_66' title='bbox 681 918 748 972; x_wconf 86' lang='lat' dir='ltr'><strong>Et</strong></span> <span class='ocrx_word' id='word_1_67' title='bbox 793 919 1022 989; x_wconf 86' lang='lat' dir='ltr'><strong>ingressi</strong></span> <span class='ocrx_word' id='word_1_68' title='bbox 1053 928 1177 974; x_wconf 86' lang='lat' dir='ltr'><strong>sunt</strong></span> <span class='ocrx_word' id='word_1_69' title='bbox 1225 920 1291 974; x_wconf 93' lang='lat' dir='ltr'><strong>ad</strong></span> <span class='ocrx_word' id='word_1_70' title='bbox 1320 928 1525 988; x_wconf 87' lang='lat' dir='ltr'><strong>gentes,</strong></span> <span class='ocrx_word' id='word_1_71' title='bbox 1555 920 2048 987; x_wconf 45' lang='lat' dir='ltr'><strong>ad‘quasintroie-</strong></span> 
     </span>
    </p>
   </div>
   <div class='ocr_carea' id='block_1_11' title="bbox 469 1009 2049 1080">
    <p class='ocr_par' dir='ltr' id='par_1_11' title="bbox 469 1009 2049 1080">
     <span class='ocr_line' id='line_1_11' title="bbox 469 1009 2049 1080; baseline 0.004 -23"><span class='ocrx_word' id='word_1_72' title='bbox 469 1033 481 1057; x_wconf 78' lang='grc'><strong>4</strong></span> <span class='ocrx_word' id='word_1_73' title='bbox 532 1017 677 1072; x_wconf 84' lang='lat' dir='ltr'><strong>runt,</strong></span> <span class='ocrx_word' id='word_1_74' title='bbox 727 1017 781 1064; x_wconf 92' lang='lat' dir='ltr'><strong>et</strong></span> <span class='ocrx_word' id='word_1_75' title='bbox 827 1009 1133 1080; x_wconf 89' lang='lat' dir='ltr'><strong>polluerunt</strong></span> <span class='ocrx_word' id='word_1_76' title='bbox 1179 1024 1371 1063; x_wconf 88' lang='lat' dir='ltr'><strong>nomen</strong></span> <span class='ocrx_word' id='word_1_77' title='bbox 1407 1019 1658 1065; x_wconf 87' lang='lat' dir='ltr'><strong>sanetum</strong></span> <span class='ocrx_word' id='word_1_78' title='bbox 1701 1027 1882 1065; x_wconf 87' lang='lat' dir='ltr'><strong>meum</strong></span> <span class='ocrx_word' id='word_1_79' title='bbox 1924 1026 2049 1066; x_wconf 88' lang='lat' dir='ltr'><strong>cum</strong></span> 
     </span>
    </p>
   </div>
   <div class='ocr_carea' id='block_1_12' title="bbox 465 1101 2050 1172">
    <p class='ocr_par' dir='ltr' id='par_1_12' title="bbox 465 1101 2050 1172">
     <span class='ocr_line' id='line_1_12' title="bbox 465 1101 2050 1172; baseline 0.001 -16"><span class='ocrx_word' id='word_1_80' title='bbox 465 1121 480 1143; x_wconf 69' lang='grc' dir='ltr'><em>ι</em></span> <span class='ocrx_word' id='word_1_81' title='bbox 529 1101 804 1156; x_wconf 72' lang='lat' dir='ltr'><strong>diceretur</strong></span> <span class='ocrx_word' id='word_1_82' title='bbox 845 1102 910 1157; x_wconf 93' lang='lat' dir='ltr'><strong>de</strong></span> <span class='ocrx_word' id='word_1_83' title='bbox 952 1102 1031 1157; x_wconf 91' lang='lat' dir='ltr'><strong>eis</strong></span> <span class='ocrx_word' id='word_1_84' title='bbox 1073 1102 1301 1172; x_wconf 85' lang='lat' dir='ltr'><strong>populus</strong></span> <span class='ocrx_word' id='word_1_85' title='bbox 1349 1102 1570 1156; x_wconf 75' lang='lat' dir='ltr'><strong>Domini‘</strong></span> <span class='ocrx_word' id='word_1_86' title='bbox 1609 1103 1711 1158; x_wconf 87' lang='lat' dir='ltr'><strong>iste</strong></span> <span class='ocrx_word' id='word_1_87' title='bbox 1738 1113 1853 1169; x_wconf 88' lang='lat' dir='ltr'><strong>est,</strong></span> <span class='ocrx_word' id='word_1_88' title='bbox 1900 1111 1954 1158; x_wconf 86' lang='lat' dir='ltr'><strong>et</strong></span> <span class='ocrx_word' id='word_1_89' title='bbox 1984 1104 2050 1158; x_wconf 91' lang='lat' dir='ltr'><strong>de</strong></span> 
     </span>
    </p>
   </div>
   <div class='ocr_carea' id='block_1_13' title="bbox 466 1193 2050 1266">
    <p class='ocr_par' dir='ltr' id='par_1_13' title="bbox 466 1193 2050 1266">
     <span class='ocr_line' id='line_1_13' title="bbox 466 1193 2050 1266; baseline 0.001 -17"><span class='ocrx_word' id='word_1_90' title='bbox 466 1210 483 1240; x_wconf 74' lang='grc' dir='ltr'><em>α</em></span> <span class='ocrx_word' id='word_1_91' title='bbox 531 1204 673 1249; x_wconf 83' lang='lat' dir='ltr'><strong>terra</strong></span> <span class='ocrx_word' id='word_1_92' title='bbox 714 1193 829 1264; x_wconf 84' lang='lat' dir='ltr'><strong>ejus</strong></span> <span class='ocrx_word' id='word_1_93' title='bbox 856 1196 1058 1266; x_wconf 77' lang='lat' dir='ltr'><strong>egressi</strong></span> <span class='ocrx_word' id='word_1_94' title='bbox 1089 1205 1232 1250; x_wconf 86' lang='lat' dir='ltr'><strong>sunt.</strong></span> <span class='ocrx_word' id='word_1_95' title='bbox 1270 1195 1338 1249; x_wconf 89' lang='lat' dir='ltr'><strong>Et</strong></span> <span class='ocrx_word' id='word_1_96' title='bbox 1369 1197 1586 1265; x_wconf 85' lang='lat' dir='ltr'><strong>peperci</strong></span> <span class='ocrx_word' id='word_1_97' title='bbox 1624 1197 1826 1250; x_wconf 89' lang='lat' dir='ltr'><strong>nomini</strong></span> <span class='ocrx_word' id='word_1_98' title='bbox 1860 1205 2050 1251; x_wconf 88' lang='lat' dir='ltr'><strong>sancto</strong></span> 
     </span>
    </p>
   </div>
   <div class='ocr_carea' id='block_1_14' title="bbox 467 1285 2048 1356">
    <p class='ocr_par' dir='ltr' id='par_1_14' title="bbox 467 1285 2048 1356">
     <span class='ocr_line' id='line_1_14' title="bbox 467 1285 2048 1356; baseline 0.001 -18"><span class='ocrx_word' id='word_1_99' title='bbox 467 1306 479 1327; x_wconf 83' lang='lat'><strong><em>-</em></strong></span> <span class='ocrx_word' id='word_1_100' title='bbox 530 1288 671 1349; x_wconf 81' lang='lat' dir='ltr'><strong>meo,</strong></span> <span class='ocrx_word' id='word_1_101' title='bbox 707 1286 849 1354; x_wconf 88' lang='lat' dir='ltr'><strong>quod</strong></span> <span class='ocrx_word' id='word_1_102' title='bbox 879 1286 1145 1355; x_wconf 87' lang='lat' dir='ltr'><strong>polluerat</strong></span> <span class='ocrx_word' id='word_1_103' title='bbox 1167 1285 1358 1340; x_wconf 90' lang='lat' dir='ltr'><strong>domus</strong></span> <span class='ocrx_word' id='word_1_104' title='bbox 1394 1286 1556 1340; x_wconf 89' lang='lat' dir='ltr'><strong>Israel</strong></span> <span class='ocrx_word' id='word_1_105' title='bbox 1582 1287 1632 1340; x_wconf 91' lang='lat' dir='ltr'><strong>in</strong></span> <span class='ocrx_word' id='word_1_106' title='bbox 1662 1286 1912 1356; x_wconf 74' lang='lat' dir='ltr'><strong>gentibus</strong></span> <span class='ocrx_word' id='word_1_107' title='bbox 1936 1328 1948 1348; x_wconf 90' lang='lat'><strong>,</strong></span> <span class='ocrx_word' id='word_1_108' title='bbox 1981 1287 2048 1341; x_wconf 89' lang='lat' dir='ltr'><strong>ad</strong></span> 
     </span>
    </p>
   </div>
   <div class='ocr_carea' id='block_1_15' title="bbox 465 1377 2048 1448">
    <p class='ocr_par' dir='ltr' id='par_1_15' title="bbox 465 1377 2048 1448">
     <span class='ocr_line' id='line_1_15' title="bbox 465 1377 2048 1448; baseline 0.003 -21"><span class='ocrx_word' id='word_1_109' title='bbox 465 1399 478 1424; x_wconf 71' lang='grc' dir='ltr'>ι</span> <span class='ocrx_word' id='word_1_110' title='bbox 525 1393 658 1446; x_wconf 81' lang='lat' dir='ltr'><strong>quas</strong></span> <span class='ocrx_word' id='word_1_111' title='bbox 680 1377 912 1448; x_wconf 85' lang='lat' dir='ltr'><strong>ingressi</strong></span> <span class='ocrx_word' id='word_1_112' title='bbox 935 1386 1078 1432; x_wconf 87' lang='lat' dir='ltr'><strong>sunt.</strong></span> <span class='ocrx_word' id='word_1_113' title='bbox 1102 1377 1309 1432; x_wconf 82' lang='lat' dir='ltr'><strong>Idcirco</strong></span> <span class='ocrx_word' id='word_1_114' title='bbox 1327 1377 1475 1432; x_wconf 87' lang='lat' dir='ltr'><strong>dices</strong></span> <span class='ocrx_word' id='word_1_115' title='bbox 1496 1377 1676 1432; x_wconf 87' lang='lat' dir='ltr'><strong>domui</strong></span> <span class='ocrx_word' id='word_1_116' title='bbox 1695 1377 1857 1432; x_wconf 88' lang='lat' dir='ltr'><strong>Israel</strong></span> <span class='ocrx_word' id='word_1_117' title='bbox 1885 1396 1896 1430; x_wconf 92' lang='lat'>:</span> <span class='ocrx_word' id='word_1_118' title='bbox 1922 1377 2048 1432; x_wconf 58' lang='lat' dir='ltr'><strong>Haec</strong></span> 
     </span>
    </p>
   </div>
   <div class='ocr_carea' id='block_1_16' title="bbox 465 1467 2046 1538">
    <p class='ocr_par' dir='ltr' id='par_1_16' title="bbox 465 1467 2046 1538">
     <span class='ocr_line' id='line_1_16' title="bbox 465 1467 2046 1538; baseline 0.004 -22"><span class='ocrx_word' id='word_1_119' title='bbox 465 1493 477 1516; x_wconf 75' lang='grc' dir='ltr'>ι</span> <span class='ocrx_word' id='word_1_120' title='bbox 532 1468 663 1522; x_wconf 74' lang='lat' dir='ltr'><strong>dicit</strong></span> <span class='ocrx_word' id='word_1_121' title='bbox 702 1468 960 1523; x_wconf 90' lang='lat' dir='ltr'><strong>Dominus</strong></span> <span class='ocrx_word' id='word_1_122' title='bbox 989 1467 1159 1533; x_wconf 86' lang='lat' dir='ltr'><strong>Deus,</strong></span> <span class='ocrx_word' id='word_1_123' title='bbox 1200 1483 1305 1522; x_wconf 90' lang='lat' dir='ltr'><strong>non</strong></span> <span class='ocrx_word' id='word_1_124' title='bbox 1336 1477 1556 1538; x_wconf 80' lang='lat' dir='ltr'><strong>propter</strong></span> <span class='ocrx_word' id='word_1_125' title='bbox 1581 1483 1675 1522; x_wconf 88' lang='lat' dir='ltr'><strong>vos</strong></span> <span class='ocrx_word' id='word_1_126' title='bbox 1718 1483 1816 1538; x_wconf 95' lang='lat' dir='ltr'><strong>ego</strong></span> <span class='ocrx_word' id='word_1_127' title='bbox 1852 1467 2046 1523; x_wconf 80' lang='lat' dir='ltr'><strong>faciant</strong></span> 
     </span>
    </p>
   </div>
   <div class='ocr_carea' id='block_1_17' title="bbox 467 1557 2045 1628">
    <p class='ocr_par' dir='ltr' id='par_1_17' title="bbox 467 1557 2045 1628">
     <span class='ocr_line' id='line_1_17' title="bbox 467 1557 2045 1628; baseline -0.001 -15"><span class='ocrx_word' id='word_1_128' title='bbox 467 1582 481 1606; x_wconf 74' lang='grc' dir='ltr'><strong>ι</strong></span> <span class='ocrx_word' id='word_1_129' title='bbox 527 1559 717 1613; x_wconf 81' lang='lat' dir='ltr'><strong>domus</strong></span> <span class='ocrx_word' id='word_1_130' title='bbox 745 1557 931 1624; x_wconf 82' lang='lat' dir='ltr'><strong>Israel,</strong></span> <span class='ocrx_word' id='word_1_131' title='bbox 969 1557 1061 1612; x_wconf 90' lang='lat' dir='ltr'><strong>sed</strong></span> <span class='ocrx_word' id='word_1_132' title='bbox 1093 1566 1309 1627; x_wconf 81' lang='lat' dir='ltr'><strong>propter</strong></span> <span class='ocrx_word' id='word_1_133' title='bbox 1333 1572 1530 1612; x_wconf 85' lang='lat' dir='ltr'><strong>nomen</strong></span> <span class='ocrx_word' id='word_1_134' title='bbox 1561 1565 1809 1611; x_wconf 87' lang='lat' dir='ltr'><strong>sanctum</strong></span> <span class='ocrx_word' id='word_1_135' title='bbox 1842 1573 2045 1628; x_wconf 82' lang='lat' dir='ltr'><strong>meum,</strong></span> 
     </span>
    </p>
   </div>
   <div class='ocr_carea' id='block_1_18' title="bbox 468 1648 2050 1720">
    <p class='ocr_par' dir='ltr' id='par_1_18' title="bbox 468 1648 2050 1720">
     <span class='ocr_line' id='line_1_18' title="bbox 468 1648 2050 1720; baseline 0 -17"><span class='ocrx_word' id='word_1_136' title='bbox 468 1670 481 1694; x_wconf 64' lang='grc' dir='ltr'>ί</span> <span class='ocrx_word' id='word_1_137' title='bbox 523 1649 664 1720; x_wconf 92' lang='lat' dir='ltr'><strong>quod</strong></span> <span class='ocrx_word' id='word_1_138' title='bbox 709 1649 976 1719; x_wconf 80' lang='lat' dir='ltr'><strong>polluistis</strong></span> <span class='ocrx_word' id='word_1_139' title='bbox 1019 1648 1072 1703; x_wconf 92' lang='lat' dir='ltr'><strong>in</strong></span> <span class='ocrx_word' id='word_1_140' title='bbox 1099 1648 1387 1719; x_wconf 83' lang='lat' dir='ltr'><strong>gentibus,</strong></span> <span class='ocrx_word' id='word_1_141' title='bbox 1423 1648 1490 1703; x_wconf 89' lang='lat' dir='ltr'><strong>ad</strong></span> <span class='ocrx_word' id='word_1_142' title='bbox 1531 1663 1667 1718; x_wconf 89' lang='lat' dir='ltr'><strong>quas</strong></span> <span class='ocrx_word' id='word_1_143' title='bbox 1697 1648 1960 1711; x_wconf 89' lang='lat' dir='ltr'><strong>intrastis,</strong></span> <span class='ocrx_word' id='word_1_144' title='bbox 1994 1656 2050 1703; x_wconf 89' lang='lat' dir='ltr'><strong>et</strong></span> 
     </span>
    </p>
   </div>
   <div class='ocr_carea' id='block_1_19' title="bbox 465 1740 2045 1812">
    <p class='ocr_par' dir='ltr' id='par_1_19' title="bbox 465 1740 2045 1812">
     <span class='ocr_line' id='line_1_19' title="bbox 465 1740 2045 1812; baseline -0.002 -16"><span class='ocrx_word' id='word_1_145' title='bbox 465 1763 478 1786; x_wconf 79' lang='grc' dir='ltr'>ι</span> <span class='ocrx_word' id='word_1_146' title='bbox 523 1740 869 1797; x_wconf 74' lang='lat' dir='ltr'><strong>sanctificabo</strong></span> <span class='ocrx_word' id='word_1_147' title='bbox 895 1756 1090 1796; x_wconf 85' lang='lat' dir='ltr'><strong>nomen</strong></span> <span class='ocrx_word' id='word_1_148' title='bbox 1118 1757 1296 1795; x_wconf 91' lang='lat' dir='ltr'><strong>meum</strong></span> <span class='ocrx_word' id='word_1_149' title='bbox 1319 1756 1594 1812; x_wconf 87' lang='lat' dir='ltr'><strong>magnum,</strong></span> <span class='ocrx_word' id='word_1_150' title='bbox 1619 1740 1760 1810; x_wconf 90' lang='lat' dir='ltr'><strong>quod</strong></span> <span class='ocrx_word' id='word_1_151' title='bbox 1785 1740 2045 1810; x_wconf 88' lang='lat' dir='ltr'><strong>pollutum</strong></span> 
     </span>
    </p>
   </div>
   <div class='ocr_carea' id='block_1_20' title="bbox 466 1833 2050 1907">
    <p class='ocr_par' dir='ltr' id='par_1_20' title="bbox 466 1833 2050 1907">
     <span class='ocr_line' id='line_1_20' title="bbox 466 1833 2050 1907; baseline -0.001 -19"><span class='ocrx_word' id='word_1_152' title='bbox 466 1842 482 1882; x_wconf 70' lang='grc' dir='ltr'>ι</span> <span class='ocrx_word' id='word_1_153' title='bbox 521 1841 607 1890; x_wconf 82' lang='lat' dir='ltr'><strong>est</strong></span> <span class='ocrx_word' id='word_1_154' title='bbox 629 1835 772 1889; x_wconf 91' lang='lat' dir='ltr'><strong>inter</strong></span> <span class='ocrx_word' id='word_1_155' title='bbox 798 1843 986 1907; x_wconf 79' lang='lat' dir='ltr'><strong>gentes</strong></span> <span class='ocrx_word' id='word_1_156' title='bbox 1015 1835 1157 1906; x_wconf 93' lang='lat' dir='ltr'><strong>quod</strong></span> <span class='ocrx_word' id='word_1_157' title='bbox 1185 1834 1450 1905; x_wconf 91' lang='lat' dir='ltr'><strong>polluistis</strong></span> <span class='ocrx_word' id='word_1_158' title='bbox 1489 1834 1541 1887; x_wconf 91' lang='lat' dir='ltr'><strong>in</strong></span> <span class='ocrx_word' id='word_1_159' title='bbox 1562 1833 1737 1888; x_wconf 91' lang='lat' dir='ltr'><strong>medio</strong></span> <span class='ocrx_word' id='word_1_160' title='bbox 1757 1848 1966 1896; x_wconf 90' lang='lat' dir='ltr'><strong>earum,</strong></span> <span class='ocrx_word' id='word_1_161' title='bbox 1991 1839 2050 1886; x_wconf 90' lang='lat' dir='ltr'><strong>ut</strong></span> 
     </span>
    </p>
   </div>
   <div class='ocr_carea' id='block_1_21' title="bbox 465 1925 2051 1997">
    <p class='ocr_par' dir='ltr' id='par_1_21' title="bbox 465 1925 2051 1997">
     <span class='ocr_line' id='line_1_21' title="bbox 465 1925 2051 1997; baseline -0.003 -17"><span class='ocrx_word' id='word_1_162' title='bbox 465 1945 481 1972; x_wconf 76' lang='grc' dir='ltr'>ί</span> <span class='ocrx_word' id='word_1_163' title='bbox 522 1926 698 1980; x_wconf 87' lang='lat' dir='ltr'><strong>sciant</strong></span> <span class='ocrx_word' id='word_1_164' title='bbox 720 1935 910 1997; x_wconf 80' lang='lat' dir='ltr'><strong>gentes</strong></span> <span class='ocrx_word' id='word_1_165' title='bbox 925 1926 1047 1997; x_wconf 89' lang='lat' dir='ltr'><strong>quia</strong></span> <span class='ocrx_word' id='word_1_166' title='bbox 1062 1941 1161 1996; x_wconf 85' lang='lat' dir='ltr'><strong>ego</strong></span> <span class='ocrx_word' id='word_1_167' title='bbox 1179 1925 1455 1991; x_wconf 89' lang='lat' dir='ltr'><strong>Dominus,</strong></span> <span class='ocrx_word' id='word_1_168' title='bbox 1485 1925 2051 1980; x_wconf 83' lang='lat' dir='ltr'><strong>dieitDomi‘nusexer—</strong></span> 
     </span>
    </p>
   </div>
   <div class='ocr_carea' id='block_1_22' title="bbox 467 2017 2045 2084">
    <p class='ocr_par' dir='ltr' id='par_1_22' title="bbox 467 2017 2045 2084">
     <span class='ocr_line' id='line_1_22' title="bbox 467 2017 2045 2084; baseline -0.004 -12"><span class='ocrx_word' id='word_1_169' title='bbox 467 2039 483 2066; x_wconf 76' lang='grc' dir='ltr'>ι</span> <span class='ocrx_word' id='word_1_170' title='bbox 524 2018 749 2084; x_wconf 88' lang='lat' dir='ltr'><strong>cituum,</strong></span> <span class='ocrx_word' id='word_1_171' title='bbox 776 2033 900 2074; x_wconf 85' lang='lat' dir='ltr'><strong>cum</strong></span> <span class='ocrx_word' id='word_1_172' title='bbox 923 2018 1292 2073; x_wconf 87' lang='lat' dir='ltr'><strong>sanctificatus</strong></span> <span class='ocrx_word' id='word_1_173' title='bbox 1315 2018 1468 2072; x_wconf 90' lang='lat' dir='ltr'><strong>fuero</strong></span> <span class='ocrx_word' id='word_1_174' title='bbox 1493 2018 1546 2072; x_wconf 93' lang='lat' dir='ltr'><strong>in</strong></span> <span class='ocrx_word' id='word_1_175' title='bbox 1562 2017 1716 2073; x_wconf 88' lang='lat' dir='ltr'><strong>vobis</strong></span> <span class='ocrx_word' id='word_1_176' title='bbox 1738 2032 1920 2071; x_wconf 88' lang='lat' dir='ltr'><strong>coram</strong></span> <span class='ocrx_word' id='word_1_177' title='bbox 1945 2017 2045 2070; x_wconf 85' lang='lat' dir='ltr'><strong>eis.</strong></span> 
     </span>
    </p>
   </div>
   <div class='ocr_carea' id='block_1_23' title="bbox 467 2105 2049 2180">
    <p class='ocr_par' dir='ltr' id='par_1_23' title="bbox 467 2105 2049 2180">
     <span class='ocr_line' id='line_1_23' title="bbox 467 2105 2049 2180; baseline 0.002 -21"><span class='ocrx_word' id='word_1_178' title='bbox 467 2129 484 2159; x_wconf 71' lang='grc' dir='ltr'>ι</span> <span class='ocrx_word' id='word_1_179' title='bbox 523 2105 728 2162; x_wconf 85' lang='lat' dir='ltr'><strong>Tollam</strong></span> <span class='ocrx_word' id='word_1_180' title='bbox 765 2108 964 2179; x_wconf 86' lang='lat' dir='ltr'><strong>quippe</strong></span> <span class='ocrx_word' id='word_1_181' title='bbox 987 2123 1082 2164; x_wconf 88' lang='lat' dir='ltr'><strong>vos</strong></span> <span class='ocrx_word' id='word_1_182' title='bbox 1109 2107 1176 2163; x_wconf 89' lang='lat' dir='ltr'><strong>de</strong></span> <span class='ocrx_word' id='word_1_183' title='bbox 1215 2109 1470 2178; x_wconf 81' lang='lat' dir='ltr'><strong>gentibus</strong></span> <span class='ocrx_word' id='word_1_184' title='bbox 1495 2116 1550 2164; x_wconf 91' lang='lat' dir='ltr'><strong>et</strong></span> <span class='ocrx_word' id='word_1_185' title='bbox 1583 2108 1924 2180; x_wconf 83' lang='lat' dir='ltr'><strong>congregabo</strong></span> <span class='ocrx_word' id='word_1_186' title='bbox 1953 2122 2049 2162; x_wconf 88' lang='lat' dir='ltr'><strong>vos</strong></span> 
     </span>
    </p>
   </div>
   <div class='ocr_carea' id='block_1_24' title="bbox 463 2197 2050 2264">
    <p class='ocr_par' dir='ltr' id='par_1_24' title="bbox 463 2197 2050 2264">
     <span class='ocr_line' id='line_1_24' title="bbox 463 2197 2050 2264; baseline 0.001 -12"><span class='ocrx_word' id='word_1_187' title='bbox 463 2213 482 2245; x_wconf 72' lang='grc' dir='ltr'><strong>ο</strong></span> <span class='ocrx_word' id='word_1_188' title='bbox 521 2197 587 2252; x_wconf 85' lang='lat' dir='ltr'><strong>de</strong></span> <span class='ocrx_word' id='word_1_189' title='bbox 611 2199 882 2253; x_wconf 80' lang='lat' dir='ltr'><strong>universis</strong></span> <span class='ocrx_word' id='word_1_190' title='bbox 912 2200 1092 2264; x_wconf 86' lang='lat' dir='ltr'><strong>terris,</strong></span> <span class='ocrx_word' id='word_1_191' title='bbox 1121 2208 1175 2254; x_wconf 92' lang='lat' dir='ltr'><strong>et</strong></span> <span class='ocrx_word' id='word_1_192' title='bbox 1201 2200 1466 2254; x_wconf 82' lang='lat' dir='ltr'><strong>adducam</strong></span> <span class='ocrx_word' id='word_1_193' title='bbox 1494 2214 1590 2254; x_wconf 91' lang='lat' dir='ltr'><strong>vos</strong></span> <span class='ocrx_word' id='word_1_194' title='bbox 1633 2200 1689 2253; x_wconf 89' lang='lat' dir='ltr'><strong>in</strong></span> <span class='ocrx_word' id='word_1_195' title='bbox 1727 2208 1928 2263; x_wconf 83' lang='lat' dir='ltr'><strong>terram</strong></span> <span class='ocrx_word' id='word_1_196' title='bbox 1959 2214 2050 2253; x_wconf 86' lang='lat' dir='ltr'><strong>ve-</strong></span> 
     </span>
    </p>
   </div>
   <div class='ocr_carea' id='block_1_25' title="bbox 464 2289 2050 2361">
    <p class='ocr_par' dir='ltr' id='par_1_25' title="bbox 464 2289 2050 2361">
     <span class='ocr_line' id='line_1_25' title="bbox 464 2289 2050 2361; baseline -0.001 -17"><span class='ocrx_word' id='word_1_197' title='bbox 464 2309 480 2338; x_wconf 74' lang='grc' dir='ltr'>ι</span> <span class='ocrx_word' id='word_1_198' title='bbox 523 2297 683 2344; x_wconf 86' lang='lat' dir='ltr'><strong>tram.</strong></span> <span class='ocrx_word' id='word_1_199' title='bbox 739 2290 805 2344; x_wconf 86' lang='lat' dir='ltr'><strong>Et</strong></span> <span class='ocrx_word' id='word_1_200' title='bbox 829 2289 1103 2346; x_wconf 80' lang='lat' dir='ltr'><strong>effundam</strong></span> <span class='ocrx_word' id='word_1_201' title='bbox 1133 2306 1294 2361; x_wconf 86' lang='lat' dir='ltr'><strong>super</strong></span> <span class='ocrx_word' id='word_1_202' title='bbox 1322 2306 1419 2346; x_wconf 91' lang='lat' dir='ltr'><strong>vos</strong></span> <span class='ocrx_word' id='word_1_203' title='bbox 1444 2306 1638 2361; x_wconf 87' lang='lat' dir='ltr'><strong>aquam</strong></span> <span class='ocrx_word' id='word_1_204' title='bbox 1670 2290 1962 2354; x_wconf 88' lang='lat' dir='ltr'><strong>mundam,</strong></span> <span class='ocrx_word' id='word_1_205' title='bbox 1996 2297 2050 2345; x_wconf 88' lang='lat' dir='ltr'><strong>et</strong></span> 
     </span>
    </p>
   </div>
   <div class='ocr_carea' id='block_1_26' title="bbox 463 2382 2046 2453">
    <p class='ocr_par' dir='ltr' id='par_1_26' title="bbox 463 2382 2046 2453">
     <span class='ocr_line' id='line_1_26' title="bbox 463 2382 2046 2453; baseline 0.003 -22"><span class='ocrx_word' id='word_1_206' title='bbox 463 2398 480 2431; x_wconf 73' lang='grc' dir='ltr'><strong><em>ι</em></strong></span> <span class='ocrx_word' id='word_1_207' title='bbox 521 2383 907 2438; x_wconf 79' lang='lat' dir='ltr'><strong>mtindabimiui</strong></span> <span class='ocrx_word' id='word_1_208' title='bbox 963 2384 1030 2438; x_wconf 88' lang='lat' dir='ltr'><strong>ab</strong></span> <span class='ocrx_word' id='word_1_209' title='bbox 1075 2383 1326 2439; x_wconf 90' lang='lat' dir='ltr'><strong>omnibus</strong></span> <span class='ocrx_word' id='word_1_210' title='bbox 1368 2382 1790 2453; x_wconf 84' lang='lat' dir='ltr'><strong>inquinamentis</strong></span> <span class='ocrx_word' id='word_1_211' title='bbox 1819 2382 2046 2448; x_wconf 79' lang='lat' dir='ltr'><strong>vestris,</strong></span> 
     </span>
    </p>
   </div>
   <div class='ocr_carea' id='block_1_27' title="bbox 462 2473 2050 2530">
    <p class='ocr_par' dir='ltr' id='par_1_27' title="bbox 462 2473 2050 2530">
     <span class='ocr_line' id='line_1_27' title="bbox 462 2473 2050 2530; baseline 0.003 -7"><span class='ocrx_word' id='word_1_212' title='bbox 462 2484 480 2523; x_wconf 68' lang='grc' dir='ltr'><strong><em>ε</em></strong></span> <span class='ocrx_word' id='word_1_213' title='bbox 521 2482 574 2528; x_wconf 93' lang='lat' dir='ltr'><strong>et</strong></span> <span class='ocrx_word' id='word_1_214' title='bbox 617 2473 685 2529; x_wconf 90' lang='lat' dir='ltr'><strong>ab</strong></span> <span class='ocrx_word' id='word_1_215' title='bbox 736 2475 1006 2530; x_wconf 89' lang='lat' dir='ltr'><strong>universis</strong></span> <span class='ocrx_word' id='word_1_216' title='bbox 1051 2473 1210 2529; x_wconf 82' lang='lat' dir='ltr'><strong>idolis</strong></span> <span class='ocrx_word' id='word_1_217' title='bbox 1258 2475 1454 2529; x_wconf 79' lang='lat' dir='ltr'><strong>vestris</strong></span> <span class='ocrx_word' id='word_1_218' title='bbox 1504 2475 1779 2529; x_wconf 88' lang='lat' dir='ltr'><strong>mundaho</strong></span> <span class='ocrx_word' id='word_1_219' title='bbox 1812 2488 1926 2529; x_wconf 90' lang='lat' dir='ltr'><strong>vos.</strong></span> <span class='ocrx_word' id='word_1_220' title='bbox 1983 2475 2050 2528; x_wconf 84' lang='lat' dir='ltr'><strong>Et</strong></span> 
     </span>
    </p>
   </div>
   <div class='ocr_carea' id='block_1_28' title="bbox 462 2568 2047 2638">
    <p class='ocr_par' dir='ltr' id='par_1_28' title="bbox 462 2568 2047 2638">
     <span class='ocr_line' id='line_1_28' title="bbox 462 2568 2047 2638; baseline 0 -18"><span class='ocrx_word' id='word_1_221' title='bbox 462 2578 487 2620; x_wconf 66' lang='grc' dir='ltr'><strong><em>ξ</em></strong></span> <span class='ocrx_word' id='word_1_222' title='bbox 521 2568 660 2624; x_wconf 75' lang='lat' dir='ltr'><strong>dabo</strong></span> <span class='ocrx_word' id='word_1_223' title='bbox 687 2568 842 2624; x_wconf 84' lang='lat' dir='ltr'><strong>vobis</strong></span> <span class='ocrx_word' id='word_1_224' title='bbox 872 2583 967 2624; x_wconf 90' lang='lat' dir='ltr'><strong>cor</strong></span> <span class='ocrx_word' id='word_1_225' title='bbox 992 2584 1212 2632; x_wconf 86' lang='lat' dir='ltr'><strong>novum,</strong></span> <span class='ocrx_word' id='word_1_226' title='bbox 1249 2577 1304 2622; x_wconf 91' lang='lat' dir='ltr'><strong>et</strong></span> <span class='ocrx_word' id='word_1_227' title='bbox 1347 2568 1595 2638; x_wconf 81' lang='lat' dir='ltr'><strong>spiritum</strong></span> <span class='ocrx_word' id='word_1_228' title='bbox 1624 2578 1820 2622; x_wconf 89' lang='lat' dir='ltr'><strong>novum</strong></span> <span class='ocrx_word' id='word_1_229' title='bbox 1851 2583 2047 2638; x_wconf 89' lang='lat' dir='ltr'><strong>ponam</strong></span> 
     </span>
    </p>
   </div>
   <div class='ocr_carea' id='block_1_29' title="bbox 461 2659 2050 2731">
    <p class='ocr_par' dir='ltr' id='par_1_29' title="bbox 461 2659 2050 2731">
     <span class='ocr_line' id='line_1_29' title="bbox 461 2659 2050 2731; baseline 0.001 -18"><span class='ocrx_word' id='word_1_230' title='bbox 461 2682 477 2713; x_wconf 75' lang='grc' dir='ltr'><strong><em>ι</em></strong></span> <span class='ocrx_word' id='word_1_231' title='bbox 518 2662 572 2715; x_wconf 82' lang='lat' dir='ltr'><strong>in</strong></span> <span class='ocrx_word' id='word_1_232' title='bbox 604 2661 782 2716; x_wconf 85' lang='lat' dir='ltr'><strong>medio</strong></span> <span class='ocrx_word' id='word_1_233' title='bbox 811 2662 996 2716; x_wconf 89' lang='lat' dir='ltr'><strong>vestri.</strong></span> <span class='ocrx_word' id='word_1_234' title='bbox 1023 2661 1089 2716; x_wconf 86' lang='lat' dir='ltr'><strong>Et</strong></span> <span class='ocrx_word' id='word_1_235' title='bbox 1107 2659 1349 2715; x_wconf 89' lang='lat' dir='ltr'><strong>auferam</strong></span> <span class='ocrx_word' id='word_1_236' title='bbox 1377 2676 1472 2715; x_wconf 91' lang='lat' dir='ltr'><strong>cor</strong></span> <span class='ocrx_word' id='word_1_237' title='bbox 1495 2661 1764 2731; x_wconf 85' lang='lat' dir='ltr'><strong>lapideum</strong></span> <span class='ocrx_word' id='word_1_238' title='bbox 1793 2662 1858 2716; x_wconf 87' lang='lat' dir='ltr'><strong>de</strong></span> <span class='ocrx_word' id='word_1_239' title='bbox 1882 2676 2050 2716; x_wconf 89' lang='lat' dir='ltr'><strong>carne</strong></span> 
     </span>
    </p>
   </div>
   <div class='ocr_carea' id='block_1_30' title="bbox 462 2753 2046 2823">
    <p class='ocr_par' dir='ltr' id='par_1_30' title="bbox 462 2753 2046 2823">
     <span class='ocr_line' id='line_1_30' title="bbox 462 2753 2046 2823; baseline -0.001 -15"><span class='ocrx_word' id='word_1_240' title='bbox 462 2761 485 2803; x_wconf 57' lang='grc' dir='ltr'><strong>ξ’</strong></span> <span class='ocrx_word' id='word_1_241' title='bbox 516 2761 694 2808; x_wconf 89' lang='lat' dir='ltr'><strong>vestra</strong></span> <span class='ocrx_word' id='word_1_242' title='bbox 724 2793 740 2820; x_wconf 94' lang='lat'><strong>,</strong></span> <span class='ocrx_word' id='word_1_243' title='bbox 783 2761 838 2807; x_wconf 92' lang='lat' dir='ltr'><strong>et</strong></span> <span class='ocrx_word' id='word_1_244' title='bbox 884 2753 1024 2808; x_wconf 86' lang='lat' dir='ltr'><strong>dabo</strong></span> <span class='ocrx_word' id='word_1_245' title='bbox 1064 2753 1218 2809; x_wconf 87' lang='lat' dir='ltr'><strong>vobis</strong></span> <span class='ocrx_word' id='word_1_246' title='bbox 1265 2767 1358 2808; x_wconf 92' lang='lat' dir='ltr'><strong>cor</strong></span> <span class='ocrx_word' id='word_1_247' title='bbox 1388 2769 1669 2818; x_wconf 85' lang='lat' dir='ltr'><strong>carneum,</strong></span> <span class='ocrx_word' id='word_1_248' title='bbox 1701 2761 1757 2806; x_wconf 77' lang='lat' dir='ltr'><strong>et</strong></span> <span class='ocrx_word' id='word_1_249' title='bbox 1798 2754 2046 2823; x_wconf 86' lang='lat' dir='ltr'><strong>spiritum</strong></span> 
     </span>
    </p>
   </div>
   <div class='ocr_carea' id='block_1_31' title="bbox 460 2843 2047 2913">
    <p class='ocr_par' dir='ltr' id='par_1_31' title="bbox 460 2843 2047 2913">
     <span class='ocr_line' id='line_1_31' title="bbox 460 2843 2047 2913; baseline 0.003 -20"><span class='ocrx_word' id='word_1_250' title='bbox 460 2852 486 2893; x_wconf 71' lang='grc' dir='ltr'><strong>τ’</strong></span> <span class='ocrx_word' id='word_1_251' title='bbox 517 2853 699 2898; x_wconf 90' lang='lat' dir='ltr'><strong>meum</strong></span> <span class='ocrx_word' id='word_1_252' title='bbox 755 2856 953 2913; x_wconf 89' lang='lat' dir='ltr'><strong>ponam</strong></span> <span class='ocrx_word' id='word_1_253' title='bbox 987 2845 1040 2898; x_wconf 91' lang='lat' dir='ltr'><strong>in</strong></span> <span class='ocrx_word' id='word_1_254' title='bbox 1082 2843 1260 2899; x_wconf 88' lang='lat' dir='ltr'><strong>medio</strong></span> <span class='ocrx_word' id='word_1_255' title='bbox 1311 2843 1498 2898; x_wconf 86' lang='lat' dir='ltr'><strong>vestri.</strong></span> <span class='ocrx_word' id='word_1_256' title='bbox 1551 2844 1618 2898; x_wconf 82' lang='lat' dir='ltr'><strong>Et</strong></span> <span class='ocrx_word' id='word_1_257' title='bbox 1652 2843 1846 2898; x_wconf 81' lang='lat' dir='ltr'><strong>faciam</strong></span> <span class='ocrx_word' id='word_1_258' title='bbox 1893 2855 1952 2898; x_wconf 76' lang='lat' dir='ltr'><strong>ut</strong></span> <span class='ocrx_word' id='word_1_259' title='bbox 1993 2845 2047 2898; x_wconf 91' lang='lat' dir='ltr'><strong>in</strong></span> 
     </span>
    </p>
   </div>
   <div class='ocr_carea' id='block_1_32' title="bbox 461 2933 2049 3004">
    <p class='ocr_par' dir='ltr' id='par_1_32' title="bbox 461 2933 2049 3004">
     <span class='ocr_line' id='line_1_32' title="bbox 461 2933 2049 3004; baseline 0.005 -21"><span class='ocrx_word' id='word_1_260' title='bbox 461 2945 482 2983; x_wconf 73' lang='grc' dir='ltr'><em>ι</em></span> <span class='ocrx_word' id='word_1_261' title='bbox 518 2936 802 3004; x_wconf 70' lang='lat' dir='ltr'><strong>prmeeptis</strong></span> <span class='ocrx_word' id='word_1_262' title='bbox 824 2935 960 2989; x_wconf 87' lang='lat' dir='ltr'><strong>meis</strong></span> <span class='ocrx_word' id='word_1_263' title='bbox 979 2934 1286 2998; x_wconf 89' lang='lat' dir='ltr'><strong>ambuletis,</strong></span> <span class='ocrx_word' id='word_1_264' title='bbox 1322 2944 1376 2990; x_wconf 89' lang='lat' dir='ltr'><strong>et</strong></span> <span class='ocrx_word' id='word_1_265' title='bbox 1395 2933 1600 3002; x_wconf 86' lang='lat' dir='ltr'><strong>judicia</strong></span> <span class='ocrx_word' id='word_1_266' title='bbox 1631 2951 1752 2991; x_wconf 93' lang='lat' dir='ltr'><strong>mea</strong></span> <span class='ocrx_word' id='word_1_267' title='bbox 1777 2936 2049 2991; x_wconf 85' lang='lat' dir='ltr'><strong>custodia-</strong></span> 
     </span>
    </p>
   </div>
   <div class='ocr_carea' id='block_1_33' title="bbox 460 3025 2049 3097">
    <p class='ocr_par' dir='ltr' id='par_1_33' title="bbox 460 3025 2049 3097">
     <span class='ocr_line' id='line_1_33' title="bbox 460 3025 2049 3097; baseline 0.004 -22"><span class='ocrx_word' id='word_1_268' title='bbox 460 3043 483 3075; x_wconf 71' lang='grc' dir='ltr'><strong><em>ο</em></strong></span> <span class='ocrx_word' id='word_1_269' title='bbox 516 3025 607 3090; x_wconf 91' lang='lat' dir='ltr'><strong>tis,</strong></span> <span class='ocrx_word' id='word_1_270' title='bbox 629 3033 684 3081; x_wconf 92' lang='lat' dir='ltr'><strong>et</strong></span> <span class='ocrx_word' id='word_1_271' title='bbox 704 3026 1022 3096; x_wconf 90' lang='lat' dir='ltr'><strong>operemini.</strong></span> <span class='ocrx_word' id='word_1_272' title='bbox 1048 3025 1112 3079; x_wconf 83' lang='lat' dir='ltr'><strong>Et</strong></span> <span class='ocrx_word' id='word_1_273' title='bbox 1141 3026 1456 3081; x_wconf 88' lang='lat' dir='ltr'><strong>habitabitis</strong></span> <span class='ocrx_word' id='word_1_274' title='bbox 1484 3027 1720 3094; x_wconf 89' lang='lat' dir='ltr'><strong>interra,</strong></span> <span class='ocrx_word' id='word_1_275' title='bbox 1745 3039 1907 3097; x_wconf 90' lang='lat' dir='ltr'><strong>quam</strong></span> <span class='ocrx_word' id='word_1_276' title='bbox 1928 3027 2049 3082; x_wconf 86' lang='lat' dir='ltr'><strong>dedi</strong></span> 
     </span>
    </p>
   </div>
   <div class='ocr_carea' id='block_1_34' title="bbox 461 3118 2048 3189">
    <p class='ocr_par' dir='ltr' id='par_1_34' title="bbox 461 3118 2048 3189">
     <span class='ocr_line' id='line_1_34' title="bbox 461 3118 2048 3189; baseline 0.003 -21"><span class='ocrx_word' id='word_1_277' title='bbox 461 3137 486 3168; x_wconf 72' lang='grc' dir='ltr'><em>τ</em></span> <span class='ocrx_word' id='word_1_278' title='bbox 516 3118 760 3188; x_wconf 88' lang='lat' dir='ltr'><strong>patribus</strong></span> <span class='ocrx_word' id='word_1_279' title='bbox 785 3118 1002 3184; x_wconf 91' lang='lat' dir='ltr'><strong>vestris,</strong></span> <span class='ocrx_word' id='word_1_280' title='bbox 1029 3125 1084 3173; x_wconf 85' lang='lat' dir='ltr'><strong>et</strong></span> <span class='ocrx_word' id='word_1_281' title='bbox 1115 3118 1268 3174; x_wconf 90' lang='lat' dir='ltr'><strong>eritis</strong></span> <span class='ocrx_word' id='word_1_282' title='bbox 1291 3119 1422 3173; x_wconf 91' lang='lat' dir='ltr'><strong>mihi</strong></span> <span class='ocrx_word' id='word_1_283' title='bbox 1450 3119 1503 3174; x_wconf 91' lang='lat' dir='ltr'><strong>in</strong></span> <span class='ocrx_word' id='word_1_284' title='bbox 1527 3119 1783 3189; x_wconf 91' lang='lat' dir='ltr'><strong>populum</strong></span> <span class='ocrx_word' id='word_1_285' title='bbox 1805 3160 1820 3185; x_wconf 95' lang='lat'><strong>,</strong></span> <span class='ocrx_word' id='word_1_286' title='bbox 1871 3128 1926 3174; x_wconf 93' lang='lat' dir='ltr'><strong>et</strong></span> <span class='ocrx_word' id='word_1_287' title='bbox 1950 3133 2048 3189; x_wconf 87' lang='lat' dir='ltr'><strong>ego</strong></span> 
     </span>
    </p>
   </div>
   <div class='ocr_carea' id='block_1_35' title="bbox 462 3208 2048 3279">
    <p class='ocr_par' dir='ltr' id='par_1_35' title="bbox 462 3208 2048 3279">
     <span class='ocr_line' id='line_1_35' title="bbox 462 3208 2048 3279; baseline 0.001 -19"><span class='ocrx_word' id='word_1_288' title='bbox 462 3222 481 3260; x_wconf 83' lang='grc'><em>‹</em></span> <span class='ocrx_word' id='word_1_289' title='bbox 517 3214 612 3264; x_wconf 85' lang='lat' dir='ltr'><strong>ero</strong></span> <span class='ocrx_word' id='word_1_290' title='bbox 633 3208 788 3264; x_wconf 88' lang='lat' dir='ltr'><strong>vobis</strong></span> <span class='ocrx_word' id='word_1_291' title='bbox 804 3209 856 3262; x_wconf 93' lang='lat' dir='ltr'><strong>in</strong></span> <span class='ocrx_word' id='word_1_292' title='bbox 875 3210 1060 3264; x_wconf 91' lang='lat' dir='ltr'><strong>Deum.</strong></span> <span class='ocrx_word' id='word_1_293' title='bbox 1083 3209 1146 3264; x_wconf 86' lang='lat' dir='ltr'><strong>Et</strong></span> <span class='ocrx_word' id='word_1_294' title='bbox 1162 3209 1383 3265; x_wconf 84' lang='lat' dir='ltr'><strong>salvaho</strong></span> <span class='ocrx_word' id='word_1_295' title='bbox 1395 3226 1490 3265; x_wconf 88' lang='lat' dir='ltr'><strong>vos</strong></span> <span class='ocrx_word' id='word_1_296' title='bbox 1501 3227 1566 3266; x_wconf 85' lang='lat' dir='ltr'><strong>ex</strong></span> <span class='ocrx_word' id='word_1_297' title='bbox 1588 3209 1857 3266; x_wconf 87' lang='lat' dir='ltr'><strong>universis</strong></span> <span class='ocrx_word' id='word_1_298' title='bbox 1872 3209 2048 3279; x_wconf 90' lang='lat' dir='ltr'><strong>inqui-</strong></span> 
     </span>
    </p>
   </div>
   <div class='ocr_carea' id='block_1_36' title="bbox 463 3285 2050 3372">
    <p class='ocr_par' dir='ltr' id='par_1_36' title="bbox 463 3285 2050 3372">
     <span class='ocr_line' id='line_1_36' title="bbox 463 3285 2050 3372; baseline -0.001 -16"><span class='ocrx_word' id='word_1_299' title='bbox 463 3317 480 3350; x_wconf 72' lang='lat' dir='ltr'><strong>t</strong></span> <span class='ocrx_word' id='word_1_300' title='bbox 517 3285 787 3357; x_wconf 82' lang='lat' dir='ltr'><strong>namentis</strong></span> <span class='ocrx_word' id='word_1_301' title='bbox 805 3302 1024 3367; x_wconf 85' lang='lat' dir='ltr'><strong>vestris,</strong></span> <span class='ocrx_word' id='word_1_302' title='bbox 1043 3309 1098 3358; x_wconf 92' lang='lat' dir='ltr'><strong>et</strong></span> <span class='ocrx_word' id='word_1_303' title='bbox 1118 3303 1324 3358; x_wconf 88' lang='lat' dir='ltr'><strong>vocabo</strong></span> <span class='ocrx_word' id='word_1_304' title='bbox 1346 3301 1700 3367; x_wconf 82' lang='lat' dir='ltr'><strong>frumentum,</strong></span> <span class='ocrx_word' id='word_1_305' title='bbox 1720 3310 1775 3357; x_wconf 89' lang='lat' dir='ltr'><strong>et</strong></span> <span class='ocrx_word' id='word_1_306' title='bbox 1797 3301 2050 3372; x_wconf 89' lang='lat' dir='ltr'><strong>multipli-</strong></span> 
     </span>
    </p>
   </div>
   <div class='ocr_carea' id='block_1_37' title="bbox 464 3391 2051 3463">
    <p class='ocr_par' dir='ltr' id='par_1_37' title="bbox 464 3391 2051 3463">
     <span class='ocr_line' id='line_1_37' title="bbox 464 3391 2051 3463; baseline 0.002 -20"><span class='ocrx_word' id='word_1_307' title='bbox 464 3413 486 3443; x_wconf 88' lang='grc'><em>‹</em></span> <span class='ocrx_word' id='word_1_308' title='bbox 522 3392 657 3448; x_wconf 89' lang='lat' dir='ltr'><strong>cabo</strong></span> <span class='ocrx_word' id='word_1_309' title='bbox 716 3391 886 3459; x_wconf 82' lang='lat' dir='ltr'><strong>illud,</strong></span> <span class='ocrx_word' id='word_1_310' title='bbox 935 3401 993 3448; x_wconf 82' lang='lat' dir='ltr'><strong>et</strong></span> <span class='ocrx_word' id='word_1_311' title='bbox 1030 3407 1138 3448; x_wconf 87' lang='lat' dir='ltr'><strong>non</strong></span> <span class='ocrx_word' id='word_1_312' title='bbox 1169 3393 1443 3463; x_wconf 89' lang='lat' dir='ltr'><strong>imponam</strong></span> <span class='ocrx_word' id='word_1_313' title='bbox 1485 3393 1539 3448; x_wconf 93' lang='lat' dir='ltr'><strong>in</strong></span> <span class='ocrx_word' id='word_1_314' title='bbox 1567 3409 1663 3449; x_wconf 86' lang='lat' dir='ltr'><strong>vos</strong></span> <span class='ocrx_word' id='word_1_315' title='bbox 1709 3393 1928 3448; x_wconf 86' lang='lat' dir='ltr'><strong>famem.</strong></span> <span class='ocrx_word' id='word_1_316' title='bbox 1983 3393 2051 3447; x_wconf 87' lang='lat' dir='ltr'><strong>Et</strong></span> 
     </span>
    </p>
   </div>
   <div class='ocr_carea' id='block_1_38' title="bbox 464 3487 2048 3560">
    <p class='ocr_par' dir='ltr' id='par_1_38' title="bbox 464 3487 2048 3560">
     <span class='ocr_line' id='line_1_38' title="bbox 464 3487 2048 3560; baseline 0.002 -21"><span class='ocrx_word' id='word_1_317' title='bbox 464 3507 485 3539; x_wconf 71' lang='grc' dir='ltr'><strong><em>ε</em></strong></span> <span class='ocrx_word' id='word_1_318' title='bbox 518 3488 887 3558; x_wconf 87' lang='lat' dir='ltr'><strong>multiplicabo</strong></span> <span class='ocrx_word' id='word_1_319' title='bbox 909 3487 1144 3544; x_wconf 84' lang='lat' dir='ltr'><strong>fructum</strong></span> <span class='ocrx_word' id='word_1_320' title='bbox 1175 3489 1381 3560; x_wconf 83' lang='lat' dir='ltr'><strong>ligni’et</strong></span> <span class='ocrx_word' id='word_1_321' title='bbox 1409 3489 1681 3559; x_wconf 88' lang='lat' dir='ltr'><strong>genimina</strong></span> <span class='ocrx_word' id='word_1_322' title='bbox 1704 3488 1838 3560; x_wconf 90' lang='lat' dir='ltr'><strong>agri,</strong></span> <span class='ocrx_word' id='word_1_323' title='bbox 1862 3497 1918 3544; x_wconf 93' lang='lat' dir='ltr'><strong>et</strong></span> <span class='ocrx_word' id='word_1_324' title='bbox 1942 3503 2048 3544; x_wconf 92' lang='lat' dir='ltr'><strong>non</strong></span> 
     </span>
    </p>
   </div>
   <div class='ocr_carea' id='block_1_39' title="bbox 466 3579 2053 3650">
    <p class='ocr_par' dir='ltr' id='par_1_39' title="bbox 466 3579 2053 3650">
     <span class='ocr_line' id='line_1_39' title="bbox 466 3579 2053 3650; baseline 0.001 -20"><span class='ocrx_word' id='word_1_325' title='bbox 466 3592 484 3630; x_wconf 71' lang='grc' dir='ltr'><strong><em>ι</em></strong></span> <span class='ocrx_word' id='word_1_326' title='bbox 526 3581 755 3650; x_wconf 89' lang='lat' dir='ltr'><strong>portetis</strong></span> <span class='ocrx_word' id='word_1_327' title='bbox 807 3580 951 3635; x_wconf 89' lang='lat' dir='ltr'><strong>ultra</strong></span> <span class='ocrx_word' id='word_1_328' title='bbox 996 3580 1350 3649; x_wconf 82' lang='lat' dir='ltr'><strong>opprobrium</strong></span> <span class='ocrx_word' id='word_1_329' title='bbox 1385 3579 1543 3634; x_wconf 81' lang='lat' dir='ltr'><strong>famis</strong></span> <span class='ocrx_word' id='word_1_330' title='bbox 1575 3580 1627 3634; x_wconf 94' lang='lat' dir='ltr'><strong>in</strong></span> <span class='ocrx_word' id='word_1_331' title='bbox 1660 3579 1914 3649; x_wconf 80' lang='lat' dir='ltr'><strong>gentibus</strong></span> <span class='ocrx_word' id='word_1_332' title='bbox 1940 3618 1954 3642; x_wconf 98' lang='lat'><strong>,</strong></span> <span class='ocrx_word' id='word_1_333' title='bbox 1996 3586 2053 3633; x_wconf 91' lang='lat' dir='ltr'><strong>et</strong></span> 
     </span>
    </p>
   </div>
   <div class='ocr_carea' id='block_1_40' title="bbox 465 3669 2054 3739">
    <p class='ocr_par' dir='ltr' id='par_1_40' title="bbox 465 3669 2054 3739">
     <span class='ocr_line' id='line_1_40' title="bbox 465 3669 2054 3739; baseline 0 -15"><span class='ocrx_word' id='word_1_334' title='bbox 465 3680 488 3719; x_wconf 59' lang='grc' dir='ltr'>ί</span> <span class='ocrx_word' id='word_1_335' title='bbox 531 3669 952 3724; x_wconf 84' lang='lat' dir='ltr'><strong>recordabimini</strong></span> <span class='ocrx_word' id='word_1_336' title='bbox 986 3672 1198 3724; x_wconf 87' lang='lat' dir='ltr'><strong>viarum</strong></span> <span class='ocrx_word' id='word_1_337' title='bbox 1227 3679 1531 3725; x_wconf 86' lang='lat' dir='ltr'><strong>vestrarum</strong></span> <span class='ocrx_word' id='word_1_338' title='bbox 1557 3671 1916 3739; x_wconf 83' lang='lat' dir='ltr'><strong>pessimarum</strong></span> <span class='ocrx_word' id='word_1_339' title='bbox 1942 3678 2054 3725; x_wconf 88' lang='lat' dir='ltr'><strong>stu-</strong></span> 
     </span>
    </p>
   </div>
   <div class='ocr_carea' id='block_1_41' title="bbox 470 3761 2052 3833">
    <p class='ocr_par' dir='ltr' id='par_1_41' title="bbox 470 3761 2052 3833">
     <span class='ocr_line' id='line_1_41' title="bbox 470 3761 2052 3833; baseline 0.002 -21"><span class='ocrx_word' id='word_1_340' title='bbox 470 3781 488 3812; x_wconf 81' lang='lat' dir='ltr'><strong>r</strong></span> <span class='ocrx_word' id='word_1_341' title='bbox 526 3761 846 3830; x_wconf 82' lang='lat' dir='ltr'><strong>dierumque</strong></span> <span class='ocrx_word' id='word_1_342' title='bbox 869 3777 976 3817; x_wconf 93' lang='lat' dir='ltr'><strong>non</strong></span> <span class='ocrx_word' id='word_1_343' title='bbox 991 3763 1278 3833; x_wconf 90' lang='lat' dir='ltr'><strong>bonorum.</strong></span> <span class='ocrx_word' id='word_1_344' title='bbox 1307 3761 1745 3832; x_wconf 81' lang='lat' dir='ltr'><strong>Etdisplicehunt</strong></span> <span class='ocrx_word' id='word_1_345' title='bbox 1771 3762 1923 3817; x_wconf 83' lang='lat' dir='ltr'><strong>vobis</strong></span> <span class='ocrx_word' id='word_1_346' title='bbox 1949 3762 2052 3816; x_wconf 92' lang='lat' dir='ltr'><strong>ini-</strong></span> 
     </span>
    </p>
   </div>
   <div class='ocr_carea' id='block_1_42' title="bbox 466 3851 2051 3924">
    <p class='ocr_par' dir='ltr' id='par_1_42' title="bbox 466 3851 2051 3924">
     <span class='ocr_line' id='line_1_42' title="bbox 466 3851 2051 3924; baseline 0.003 -21"><span class='ocrx_word' id='word_1_347' title='bbox 466 3865 482 3903; x_wconf 76' lang='lat' dir='ltr'><strong>t</strong></span> <span class='ocrx_word' id='word_1_348' title='bbox 521 3852 757 3922; x_wconf 87' lang='lat' dir='ltr'><strong>quitates</strong></span> <span class='ocrx_word' id='word_1_349' title='bbox 782 3861 981 3907; x_wconf 67' lang='lat' dir='ltr'><strong>vestrm</strong></span> <span class='ocrx_word' id='word_1_350' title='bbox 1020 3861 1076 3908; x_wconf 91' lang='lat' dir='ltr'><strong>et</strong></span> <span class='ocrx_word' id='word_1_351' title='bbox 1100 3851 1308 3908; x_wconf 88' lang='lat' dir='ltr'><strong>scelera</strong></span> <span class='ocrx_word' id='word_1_352' title='bbox 1335 3859 1537 3916; x_wconf 87' lang='lat' dir='ltr'><strong>vestra,</strong></span> <span class='ocrx_word' id='word_1_353' title='bbox 1573 3868 1680 3908; x_wconf 89' lang='lat' dir='ltr'><strong>non</strong></span> <span class='ocrx_word' id='word_1_354' title='bbox 1708 3861 1929 3924; x_wconf 82' lang='lat' dir='ltr'><strong>propter</strong></span> <span class='ocrx_word' id='word_1_355' title='bbox 1953 3868 2051 3908; x_wconf 88' lang='lat' dir='ltr'><strong>vos</strong></span> 
     </span>
    </p>
   </div>
   <div class='ocr_carea' id='block_1_43' title="bbox 465 3938 2046 4016">
    <p class='ocr_par' dir='ltr' id='par_1_43' title="bbox 465 3938 2046 4016">
     <span class='ocr_line' id='line_1_43' title="bbox 465 3938 2046 4016; baseline 0.003 -21"><span class='ocrx_word' id='word_1_356' title='bbox 465 3957 486 3995; x_wconf 71' lang='grc' dir='ltr'><em>ι</em></span> <span class='ocrx_word' id='word_1_357' title='bbox 521 3959 621 4016; x_wconf 85' lang='lat' dir='ltr'><strong>ego</strong></span> <span class='ocrx_word' id='word_1_358' title='bbox 645 3945 838 4000; x_wconf 86' lang='lat' dir='ltr'><strong>faciam</strong></span> <span class='ocrx_word' id='word_1_359' title='bbox 868 3986 882 4011; x_wconf 96' lang='lat'><strong>,</strong></span> <span class='ocrx_word' id='word_1_360' title='bbox 923 3946 999 4000; x_wconf 91' lang='lat' dir='ltr'><strong>ait</strong></span> <span class='ocrx_word' id='word_1_361' title='bbox 1024 3945 1286 4002; x_wconf 90' lang='lat' dir='ltr'><strong>Dominus</strong></span> <span class='ocrx_word' id='word_1_362' title='bbox 1325 3947 1498 4012; x_wconf 88' lang='lat' dir='ltr'><strong>Deus,</strong></span> <span class='ocrx_word' id='word_1_363' title='bbox 1540 3953 1726 4001; x_wconf 91' lang='lat' dir='ltr'><strong>notum</strong></span> <span class='ocrx_word' id='word_1_364' title='bbox 1758 3946 1830 4000; x_wconf 87' lang='lat' dir='ltr'><strong>sit</strong></span> <span class='ocrx_word' id='word_1_365' title='bbox 1872 3938 2046 4000; x_wconf 81' lang='lat' dir='ltr'><strong>vehis.</strong></span> 
     </span>
    </p>
   </div>
   <div class='ocr_carea' id='block_1_44' title="bbox 464 4035 2052 4109">
    <p class='ocr_par' dir='ltr' id='par_1_44' title="bbox 464 4035 2052 4109">
     <span class='ocr_line' id='line_1_44' title="bbox 464 4035 2052 4109; baseline 0.004 -24"><span class='ocrx_word' id='word_1_366' title='bbox 464 4049 480 4085; x_wconf 70' lang='grc' dir='ltr'>θ</span> <span class='ocrx_word' id='word_1_367' title='bbox 521 4035 922 4092; x_wconf 88' lang='lat' dir='ltr'><strong>Confundimini</strong></span> <span class='ocrx_word' id='word_1_368' title='bbox 943 4046 996 4092; x_wconf 90' lang='lat' dir='ltr'><strong>et</strong></span> <span class='ocrx_word' id='word_1_369' title='bbox 1012 4039 1318 4094; x_wconf 89' lang='lat' dir='ltr'><strong>erubescitc</strong></span> <span class='ocrx_word' id='word_1_370' title='bbox 1332 4044 1493 4109; x_wconf 86' lang='lat' dir='ltr'><strong>super</strong></span> <span class='ocrx_word' id='word_1_371' title='bbox 1509 4039 1609 4094; x_wconf 86' lang='lat' dir='ltr'><strong>viis</strong></span> <span class='ocrx_word' id='word_1_372' title='bbox 1622 4037 1837 4104; x_wconf 79' lang='lat' dir='ltr'><strong>vestris,</strong></span> <span class='ocrx_word' id='word_1_373' title='bbox 1856 4037 2052 4092; x_wconf 87' lang='lat' dir='ltr'><strong>domus</strong></span> 
     </span>
    </p>
   </div>
   <div class='ocr_carea' id='block_1_45' title="bbox 463 4127 2048 4199">
    <p class='ocr_par' dir='ltr' id='par_1_45' title="bbox 463 4127 2048 4199">
     <span class='ocr_line' id='line_1_45' title="bbox 463 4127 2048 4199; baseline 0.003 -21"><span class='ocrx_word' id='word_1_374' title='bbox 463 4150 480 4178; x_wconf 70' lang='grc' dir='ltr'><strong>ε</strong></span> <span class='ocrx_word' id='word_1_375' title='bbox 520 4127 707 4183; x_wconf 82' lang='lat' dir='ltr'><strong>Israel.</strong></span> <span class='ocrx_word' id='word_1_376' title='bbox 737 4127 862 4182; x_wconf 56' lang='lat' dir='ltr'><strong>llaec</strong></span> <span class='ocrx_word' id='word_1_377' title='bbox 891 4128 1020 4183; x_wconf 91' lang='lat' dir='ltr'><strong>dicit</strong></span> <span class='ocrx_word' id='word_1_378' title='bbox 1048 4128 1311 4184; x_wconf 86' lang='lat' dir='ltr'><strong>Dominus</strong></span> <span class='ocrx_word' id='word_1_379' title='bbox 1331 4129 1492 4185; x_wconf 91' lang='lat' dir='ltr'><strong>Deus.</strong></span> <span class='ocrx_word' id='word_1_380' title='bbox 1520 4129 1579 4183; x_wconf 79' lang='lat' dir='ltr'><strong>In</strong></span> <span class='ocrx_word' id='word_1_381' title='bbox 1619 4129 1706 4184; x_wconf 86' lang='lat' dir='ltr'><strong>die</strong></span> <span class='ocrx_word' id='word_1_382' title='bbox 1748 4140 1855 4199; x_wconf 86' lang='lat' dir='ltr'><strong>qua</strong></span> <span class='ocrx_word' id='word_1_383' title='bbox 1885 4144 2048 4183; x_wconf 89' lang='lat' dir='ltr'><strong>mun-</strong></span> 
     </span>
    </p>
   </div>
   <div class='ocr_carea' id='block_1_46' title="bbox 465 4219 2053 4289">
    <p class='ocr_par' dir='ltr' id='par_1_46' title="bbox 465 4219 2053 4289">
     <span class='ocr_line' id='line_1_46' title="bbox 465 4219 2053 4289; baseline -0.001 -15"><span class='ocrx_word' id='word_1_384' title='bbox 465 4237 484 4267; x_wconf 75' lang='grc' dir='ltr'><strong><em>ι</em></strong></span> <span class='ocrx_word' id='word_1_385' title='bbox 523 4223 723 4274; x_wconf 90' lang='lat' dir='ltr'><strong>davero</strong></span> <span class='ocrx_word' id='word_1_386' title='bbox 753 4235 848 4274; x_wconf 86' lang='lat' dir='ltr'><strong>vos</strong></span> <span class='ocrx_word' id='word_1_387' title='bbox 871 4234 936 4272; x_wconf 85' lang='lat' dir='ltr'><strong>ex</strong></span> <span class='ocrx_word' id='word_1_388' title='bbox 963 4219 1214 4273; x_wconf 88' lang='lat' dir='ltr'><strong>omnibus</strong></span> <span class='ocrx_word' id='word_1_389' title='bbox 1240 4219 1616 4289; x_wconf 68' lang='lat' dir='ltr'><strong>iniquitatibus</strong></span> <span class='ocrx_word' id='word_1_390' title='bbox 1641 4219 1836 4274; x_wconf 86' lang='lat' dir='ltr'><strong>vestris</strong></span> <span class='ocrx_word' id='word_1_391' title='bbox 1866 4227 1922 4274; x_wconf 87' lang='lat' dir='ltr'><strong>et</strong></span> <span class='ocrx_word' id='word_1_392' title='bbox 1956 4220 2053 4274; x_wconf 79' lang='lat' dir='ltr'><strong>ha-</strong></span> 
     </span>
    </p>
   </div>
   <div class='ocr_carea' id='block_1_47' title="bbox 465 4309 2049 4375">
    <p class='ocr_par' dir='ltr' id='par_1_47' title="bbox 465 4309 2049 4375">
     <span class='ocr_line' id='line_1_47' title="bbox 465 4309 2049 4375; baseline 0.001 -14"><span class='ocrx_word' id='word_1_393' title='bbox 465 4328 484 4361; x_wconf 82' lang='grc'><strong><em>‹</em></strong></span> <span class='ocrx_word' id='word_1_394' title='bbox 520 4310 680 4366; x_wconf 89' lang='lat' dir='ltr'><strong>hitari</strong></span> <span class='ocrx_word' id='word_1_395' title='bbox 710 4309 886 4364; x_wconf 88' lang='lat' dir='ltr'><strong>fecero</strong></span> <span class='ocrx_word' id='word_1_396' title='bbox 910 4311 1073 4365; x_wconf 89' lang='lat' dir='ltr'><strong>urbes</strong></span> <span class='ocrx_word' id='word_1_397' title='bbox 1103 4319 1157 4365; x_wconf 92' lang='lat' dir='ltr'><strong>et</strong></span> <span class='ocrx_word' id='word_1_398' title='bbox 1177 4311 1550 4366; x_wconf 81' lang='lat' dir='ltr'><strong>histauravcro</strong></span> <span class='ocrx_word' id='word_1_399' title='bbox 1567 4311 1806 4375; x_wconf 87' lang='lat' dir='ltr'><strong>ruinosa,</strong></span> <span class='ocrx_word' id='word_1_400' title='bbox 1827 4318 1884 4366; x_wconf 91' lang='lat' dir='ltr'><strong>et</strong></span> <span class='ocrx_word' id='word_1_401' title='bbox 1903 4319 2049 4366; x_wconf 90' lang='lat' dir='ltr'><strong>terra</strong></span> 
     </span>
    </p>
   </div>
   <div class='ocr_carea' id='block_1_48' title="bbox 464 4396 2047 4473">
    <p class='ocr_par' dir='ltr' id='par_1_48' title="bbox 464 4396 2047 4473">
     <span class='ocr_line' id='line_1_48' title="bbox 464 4396 2047 4473; baseline -0.001 -16"><span class='ocrx_word' id='word_1_402' title='bbox 464 4421 481 4457; x_wconf 66' lang='grc' dir='ltr'><strong><em>ι</em></strong></span> <span class='ocrx_word' id='word_1_403' title='bbox 522 4405 740 4460; x_wconf 82' lang='lat' dir='ltr'><strong>deserta</strong></span> <span class='ocrx_word' id='word_1_404' title='bbox 760 4403 924 4458; x_wconf 87' lang='lat' dir='ltr'><strong>fuerit</strong></span> <span class='ocrx_word' id='word_1_405' title='bbox 951 4396 1183 4467; x_wconf 87' lang='lat' dir='ltr'><strong>exculta,</strong></span> <span class='ocrx_word' id='word_1_406' title='bbox 1209 4419 1327 4473; x_wconf 64' lang='lat' dir='ltr'><strong>quae</strong></span> <span class='ocrx_word' id='word_1_407' title='bbox 1354 4404 1623 4472; x_wconf 78' lang='lat' dir='ltr'><strong>quendam</strong></span> <span class='ocrx_word' id='word_1_408' title='bbox 1644 4412 1762 4457; x_wconf 90' lang='lat' dir='ltr'><strong>erat</strong></span> <span class='ocrx_word' id='word_1_409' title='bbox 1783 4402 2047 4467; x_wconf 83' lang='lat' dir='ltr'><strong>desolata,</strong></span> 
     </span>
    </p>
   </div>
   <div class='ocr_carea' id='block_1_49' title="bbox 2157 555 3749 627">
    <p class='ocr_par' dir='ltr' id='par_1_49' title="bbox 2157 555 3749 627">
     <span class='ocr_line' id='line_1_49' title="bbox 2157 555 3749 627; baseline 0.007 -22"><span class='ocrx_word' id='word_1_410' title='bbox 2157 562 2379 622; x_wconf 89' lang='lat' dir='ltr'><strong>propter</strong></span> <span class='ocrx_word' id='word_1_411' title='bbox 2431 569 2584 608; x_wconf 87' lang='lat' dir='ltr'><strong>suam</strong></span> <span class='ocrx_word' id='word_1_412' title='bbox 2645 555 2991 610; x_wconf 88' lang='lat' dir='ltr'><strong>clementiam</strong></span> <span class='ocrx_word' id='word_1_413' title='bbox 3050 556 3338 627; x_wconf 87' lang='lat' dir='ltr'><strong>pollicetur</strong></span> <span class='ocrx_word' id='word_1_414' title='bbox 3392 561 3749 616; x_wconf 84' lang='lat' dir='ltr'><strong>reducturum</strong></span> 
     </span>
    </p>
   </div>
   <div class='ocr_carea' id='block_1_50' title="bbox 2156 636 3757 724">
    <p class='ocr_par' dir='ltr' id='par_1_50' title="bbox 2156 636 3757 724">
     <span class='ocr_line' id='line_1_50' title="bbox 2156 636 3757 724; baseline 0.003 -28"><span class='ocrx_word' id='word_1_415' title='bbox 2156 656 2215 696; x_wconf 84' lang='lat' dir='ltr'><strong>se</strong></span> <span class='ocrx_word' id='word_1_416' title='bbox 2245 657 2338 697; x_wconf 88' lang='lat' dir='ltr'><strong>eos</strong></span> <span class='ocrx_word' id='word_1_417' title='bbox 2361 644 2412 696; x_wconf 93' lang='lat' dir='ltr'><strong>in</strong></span> <span class='ocrx_word' id='word_1_418' title='bbox 2443 636 2643 698; x_wconf 81' lang='lat' dir='ltr'><strong>terram</strong></span> <span class='ocrx_word' id='word_1_419' title='bbox 2686 644 2951 712; x_wconf 68' lang='lat' dir='ltr'><strong>Judaram,</strong></span> <span class='ocrx_word' id='word_1_420' title='bbox 2985 655 3040 702; x_wconf 90' lang='lat' dir='ltr'><strong>et</strong></span> <span class='ocrx_word' id='word_1_421' title='bbox 3078 648 3247 702; x_wconf 87' lang='lat' dir='ltr'><strong>multo</strong></span> <span class='ocrx_word' id='word_1_422' title='bbox 3274 650 3539 720; x_wconf 89' lang='lat' dir='ltr'><strong>ampliora</strong></span> <span class='ocrx_word' id='word_1_423' title='bbox 3577 651 3757 724; x_wconf 78' lang='lat' dir='ltr'><strong>tribu-</strong></span> 
     </span>
    </p>
   </div>
   <div class='ocr_carea' id='block_1_51' title="bbox 2156 737 3751 809">
    <p class='ocr_par' dir='ltr' id='par_1_51' title="bbox 2156 737 3751 809">
     <span class='ocr_line' id='line_1_51' title="bbox 2156 737 3751 809; baseline 0.003 -23"><span class='ocrx_word' id='word_1_424' title='bbox 2156 744 2372 799; x_wconf 89' lang='lat' dir='ltr'><strong>turum,</strong></span> <span class='ocrx_word' id='word_1_425' title='bbox 2415 751 2578 805; x_wconf 85' lang='lat' dir='ltr'><strong>quam</strong></span> <span class='ocrx_word' id='word_1_426' title='bbox 2619 737 2937 792; x_wconf 88' lang='lat' dir='ltr'><strong>abstulerat.</strong></span> <span class='ocrx_word' id='word_1_427' title='bbox 2978 738 3135 805; x_wconf 87' lang='lat' dir='ltr'><strong>Quod</strong></span> <span class='ocrx_word' id='word_1_428' title='bbox 3173 740 3392 809; x_wconf 87' lang='lat' dir='ltr'><strong>quidam</strong></span> <span class='ocrx_word' id='word_1_429' title='bbox 3432 740 3751 797; x_wconf 74' lang='lat' dir='ltr'><strong>Judreornm</strong></span> 
     </span>
    </p>
   </div>
   <div class='ocr_carea' id='block_1_52' title="bbox 2155 826 3752 904">
    <p class='ocr_par' dir='ltr' id='par_1_52' title="bbox 2155 826 3752 904">
     <span class='ocr_line' id='line_1_52' title="bbox 2155 826 3752 904; baseline 0.006 -24"><span class='ocrx_word' id='word_1_430' title='bbox 2155 826 2397 882; x_wconf 84' lang='lat' dir='ltr'><strong>referunt</strong></span> <span class='ocrx_word' id='word_1_431' title='bbox 2420 827 2487 882; x_wconf 90' lang='lat' dir='ltr'><strong>ad</strong></span> <span class='ocrx_word' id='word_1_432' title='bbox 2518 829 2816 885; x_wconf 86' lang='lat' dir='ltr'><strong>Zorobabel</strong></span> <span class='ocrx_word' id='word_1_433' title='bbox 2848 838 3115 900; x_wconf 88' lang='lat' dir='ltr'><strong>tempora,</strong></span> <span class='ocrx_word' id='word_1_434' title='bbox 3159 834 3376 903; x_wconf 83' lang='lat' dir='ltr'><strong>quando</strong></span> <span class='ocrx_word' id='word_1_435' title='bbox 3404 848 3531 904; x_wconf 85' lang='lat' dir='ltr'><strong>rege</strong></span> <span class='ocrx_word' id='word_1_436' title='bbox 3547 833 3752 890; x_wconf 76' lang='lat' dir='ltr'><strong>Persa-</strong></span> 
     </span>
    </p>
   </div>
   <div class='ocr_carea' id='block_1_53' title="bbox 2155 911 3754 994">
    <p class='ocr_par' dir='ltr' id='par_1_53' title="bbox 2155 911 3754 994">
     <span class='ocr_line' id='line_1_53' title="bbox 2155 911 3754 994; baseline 0.007 -24"><span class='ocrx_word' id='word_1_437' title='bbox 2155 934 2274 971; x_wconf 89' lang='lat' dir='ltr'><strong>rum</strong></span> <span class='ocrx_word' id='word_1_438' title='bbox 2290 918 2505 974; x_wconf 79' lang='lat' dir='ltr'><strong>laxante</strong></span> <span class='ocrx_word' id='word_1_439' title='bbox 2519 911 3090 989; x_wconf 62' lang='lat' dir='ltr'><strong>captivitatemerirum</strong></span> <span class='ocrx_word' id='word_1_440' title='bbox 3110 923 3174 977; x_wconf 92' lang='lat' dir='ltr'><strong>de</strong></span> <span class='ocrx_word' id='word_1_441' title='bbox 3188 924 3327 978; x_wconf 89' lang='lat' dir='ltr'><strong>tribu</strong></span> <span class='ocrx_word' id='word_1_442' title='bbox 3342 923 3477 978; x_wconf 84' lang='lat' dir='ltr'><strong>Juda</strong></span> <span class='ocrx_word' id='word_1_443' title='bbox 3494 935 3546 980; x_wconf 84' lang='lat' dir='ltr'><strong>et</strong></span> <span class='ocrx_word' id='word_1_444' title='bbox 3561 923 3754 994; x_wconf 63' lang='lat' dir='ltr'><strong>Benjao</strong></span> 
     </span>
    </p>
   </div>
   <div class='ocr_carea' id='block_1_54' title="bbox 2153 1010 3754 1082">
    <p class='ocr_par' dir='ltr' id='par_1_54' title="bbox 2153 1010 3754 1082">
     <span class='ocr_line' id='line_1_54' title="bbox 2153 1010 3754 1082; baseline 0.006 -18"><span class='ocrx_word' id='word_1_445' title='bbox 2153 1010 2263 1065; x_wconf 81' lang='lat' dir='ltr'><strong>tuin</strong></span> <span class='ocrx_word' id='word_1_446' title='bbox 2281 1011 2496 1082; x_wconf 84' lang='lat' dir='ltr'><strong>plurimi</strong></span> <span class='ocrx_word' id='word_1_447' title='bbox 2521 1014 2728 1068; x_wconf 84' lang='lat' dir='ltr'><strong>reducti</strong></span> <span class='ocrx_word' id='word_1_448' title='bbox 2747 1022 2874 1068; x_wconf 90' lang='lat' dir='ltr'><strong>sunt</strong></span> <span class='ocrx_word' id='word_1_449' title='bbox 2889 1013 2942 1068; x_wconf 91' lang='lat' dir='ltr'><strong>in</strong></span> <span class='ocrx_word' id='word_1_450' title='bbox 2958 1012 3222 1068; x_wconf 66' lang='lat' dir='ltr'><strong>ledaeam.</strong></span> <span class='ocrx_word' id='word_1_451' title='bbox 3246 1016 3494 1073; x_wconf 77' lang='lat' dir='ltr'><strong>Aliivero</strong></span> <span class='ocrx_word' id='word_1_452' title='bbox 3517 1018 3583 1071; x_wconf 90' lang='lat' dir='ltr'><strong>ad</strong></span> <span class='ocrx_word' id='word_1_453' title='bbox 3600 1018 3754 1074; x_wconf 83' lang='lat' dir='ltr'><strong>mille</strong></span> 
     </span>
    </p>
   </div>
   <div class='ocr_carea' id='block_1_55' title="bbox 2155 1104 3753 1178">
    <p class='ocr_par' dir='ltr' id='par_1_55' title="bbox 2155 1104 3753 1178">
     <span class='ocr_line' id='line_1_55' title="bbox 2155 1104 3753 1178; baseline 0.006 -25"><span class='ocrx_word' id='word_1_454' title='bbox 2155 1117 2418 1158; x_wconf 89' lang='lat' dir='ltr'><strong>annorum</strong></span> <span class='ocrx_word' id='word_1_455' title='bbox 2435 1118 2656 1173; x_wconf 82' lang='lat' dir='ltr'><strong>regnum</strong></span> <span class='ocrx_word' id='word_1_456' title='bbox 2679 1104 2940 1169; x_wconf 70' lang='lat' dir='ltr'><strong>referunt,</strong></span> <span class='ocrx_word' id='word_1_457' title='bbox 2966 1106 3184 1174; x_wconf 86' lang='lat' dir='ltr'><strong>quando</strong></span> <span class='ocrx_word' id='word_1_458' title='bbox 3200 1107 3300 1161; x_wconf 92' lang='lat' dir='ltr'><strong>sub</strong></span> <span class='ocrx_word' id='word_1_459' title='bbox 3317 1105 3562 1170; x_wconf 90' lang='lat' dir='ltr'><strong>Christo,</strong></span> <span class='ocrx_word' id='word_1_460' title='bbox 3583 1123 3753 1178; x_wconf 87' lang='lat' dir='ltr'><strong>quem</strong></span> 
     </span>
    </p>
   </div>
   <div class='ocr_carea' id='block_1_56' title="bbox 2153 1199 3754 1267">
    <p class='ocr_par' dir='ltr' id='par_1_56' title="bbox 2153 1199 3754 1267">
     <span class='ocr_line' id='line_1_56' title="bbox 2153 1199 3754 1267; baseline 0.003 -18"><span class='ocrx_word' id='word_1_461' title='bbox 2153 1207 2345 1267; x_wconf 86' lang='lat' dir='ltr'><strong>putant</strong></span> <span class='ocrx_word' id='word_1_462' title='bbox 2368 1212 2487 1254; x_wconf 89' lang='lat' dir='ltr'><strong>esse</strong></span> <span class='ocrx_word' id='word_1_463' title='bbox 2509 1208 2815 1261; x_wconf 89' lang='lat' dir='ltr'><strong>venturum,</strong></span> <span class='ocrx_word' id='word_1_464' title='bbox 2845 1207 2903 1253; x_wconf 91' lang='lat' dir='ltr'><strong>ut</strong></span> <span class='ocrx_word' id='word_1_465' title='bbox 2934 1199 3126 1254; x_wconf 85' lang='lat' dir='ltr'><strong>civitas</strong></span> <span class='ocrx_word' id='word_1_466' title='bbox 3154 1209 3468 1254; x_wconf 80' lang='lat' dir='ltr'><strong>exstruatur</strong></span> <span class='ocrx_word' id='word_1_467' title='bbox 3488 1200 3754 1254; x_wconf 86' lang='lat' dir='ltr'><strong>Hierusa-</strong></span> 
     </span>
    </p>
   </div>
   <div class='ocr_carea' id='block_1_57' title="bbox 2154 1289 3757 1361">
    <p class='ocr_par' dir='ltr' id='par_1_57' title="bbox 2154 1289 3757 1361">
     <span class='ocr_line' id='line_1_57' title="bbox 2154 1289 3757 1361; baseline 0 -18"><span class='ocrx_word' id='word_1_468' title='bbox 2154 1289 2280 1355; x_wconf 87' lang='lat' dir='ltr'><strong>lem,</strong></span> <span class='ocrx_word' id='word_1_469' title='bbox 2307 1297 2363 1344; x_wconf 90' lang='lat' dir='ltr'><strong>et</strong></span> <span class='ocrx_word' id='word_1_470' title='bbox 2395 1289 2690 1345; x_wconf 68' lang='lat' dir='ltr'><strong>mdificetur</strong></span> <span class='ocrx_word' id='word_1_471' title='bbox 2722 1289 3001 1361; x_wconf 86' lang='lat' dir='ltr'><strong>templum,</strong></span> <span class='ocrx_word' id='word_1_472' title='bbox 3041 1291 3106 1346; x_wconf 87' lang='lat' dir='ltr'><strong>de</strong></span> <span class='ocrx_word' id='word_1_473' title='bbox 3146 1306 3252 1359; x_wconf 88' lang='lat' dir='ltr'><strong>quo</strong></span> <span class='ocrx_word' id='word_1_474' title='bbox 3290 1291 3341 1344; x_wconf 93' lang='lat' dir='ltr'><strong>in</strong></span> <span class='ocrx_word' id='word_1_475' title='bbox 3379 1290 3567 1344; x_wconf 87' lang='lat' dir='ltr'><strong>ultima</strong></span> <span class='ocrx_word' id='word_1_476' title='bbox 3595 1299 3757 1360; x_wconf 85' lang='lat' dir='ltr'><strong>parte</strong></span> 
     </span>
    </p>
   </div>
   <div class='ocr_carea' id='block_1_58' title="bbox 2153 1379 3756 1452">
    <p class='ocr_par' dir='ltr' id='par_1_58' title="bbox 2153 1379 3756 1452">
     <span class='ocr_line' id='line_1_58' title="bbox 2153 1379 3756 1452; baseline -0.001 -17"><span class='ocrx_word' id='word_1_477' title='bbox 2153 1381 2311 1452; x_wconf 85' lang='lat' dir='ltr'><strong>hujus</strong></span> <span class='ocrx_word' id='word_1_478' title='bbox 2340 1381 2633 1452; x_wconf 71' lang='lat' dir='ltr'><strong>prophetia:</strong></span> <span class='ocrx_word' id='word_1_479' title='bbox 2656 1382 2850 1436; x_wconf 91' lang='lat' dir='ltr'><strong>dicturi</strong></span> <span class='ocrx_word' id='word_1_480' title='bbox 2877 1396 3082 1435; x_wconf 89' lang='lat' dir='ltr'><strong>sumus.</strong></span> <span class='ocrx_word' id='word_1_481' title='bbox 3115 1382 3182 1436; x_wconf 86' lang='lat' dir='ltr'><strong>Et</strong></span> <span class='ocrx_word' id='word_1_482' title='bbox 3212 1381 3450 1446; x_wconf 87' lang='lat' dir='ltr'><strong>interim,</strong></span> <span class='ocrx_word' id='word_1_483' title='bbox 3482 1388 3543 1434; x_wconf 91' lang='lat' dir='ltr'><strong>ut</strong></span> <span class='ocrx_word' id='word_1_484' title='bbox 3566 1379 3756 1435; x_wconf 81' lang='lat' dir='ltr'><strong>Judai-</strong></span> 
     </span>
    </p>
   </div>
   <div class='ocr_carea' id='block_1_59' title="bbox 2152 1470 3754 1543">
    <p class='ocr_par' dir='ltr' id='par_1_59' title="bbox 2152 1470 3754 1543">
     <span class='ocr_line' id='line_1_59' title="bbox 2152 1470 3754 1543; baseline -0.001 -16"><span class='ocrx_word' id='word_1_485' title='bbox 2152 1487 2243 1528; x_wconf 89' lang='lat' dir='ltr'><strong>cas</strong></span> <span class='ocrx_word' id='word_1_486' title='bbox 2265 1471 2474 1528; x_wconf 88' lang='lat' dir='ltr'><strong>fabulas</strong></span> <span class='ocrx_word' id='word_1_487' title='bbox 2505 1473 2894 1543; x_wconf 84' lang='lat' dir='ltr'><strong>relinquamus,</strong></span> <span class='ocrx_word' id='word_1_488' title='bbox 2940 1483 2994 1528; x_wconf 92' lang='lat' dir='ltr'><strong>et</strong></span> <span class='ocrx_word' id='word_1_489' title='bbox 3035 1472 3466 1527; x_wconf 89' lang='lat' dir='ltr'><strong>interminabiles</strong></span> <span class='ocrx_word' id='word_1_490' title='bbox 3495 1470 3754 1542; x_wconf 85' lang='lat' dir='ltr'><strong>genealo-</strong></span> 
     </span>
    </p>
   </div>
   <div class='ocr_carea' id='block_1_60' title="bbox 2151 1564 3754 1636">
    <p class='ocr_par' dir='ltr' id='par_1_60' title="bbox 2151 1564 3754 1636">
     <span class='ocr_line' id='line_1_60' title="bbox 2151 1564 3754 1636; baseline -0.001 -19"><span class='ocrx_word' id='word_1_491' title='bbox 2151 1564 2283 1634; x_wconf 89' lang='lat' dir='ltr'><strong>gias,</strong></span> <span class='ocrx_word' id='word_1_492' title='bbox 2306 1565 2460 1636; x_wconf 88' lang='lat' dir='ltr'><strong>juxta</strong></span> <span class='ocrx_word' id='word_1_493' title='bbox 2482 1566 2922 1621; x_wconf 91' lang='lat' dir='ltr'><strong>consuetudinem</strong></span> <span class='ocrx_word' id='word_1_494' title='bbox 2948 1574 3189 1619; x_wconf 89' lang='lat' dir='ltr'><strong>nostram</strong></span> <span class='ocrx_word' id='word_1_495' title='bbox 3215 1565 3453 1620; x_wconf 78' lang='lat' dir='ltr'><strong>breviter</strong></span> <span class='ocrx_word' id='word_1_496' title='bbox 3472 1569 3754 1635; x_wconf 70' lang='grc' dir='ltr'><strong>περικοπὴν</strong></span> 
     </span>
    </p>
   </div>
   <div class='ocr_carea' id='block_1_61' title="bbox 2154 1654 3757 1735">
    <p class='ocr_par' dir='ltr' id='par_1_61' title="bbox 2154 1654 3757 1735">
     <span class='ocr_line' id='line_1_61' title="bbox 2154 1654 3757 1735; baseline -0.001 -25"><span class='ocrx_word' id='word_1_497' title='bbox 2154 1654 2310 1724; x_wconf 81' lang='lat' dir='ltr'><strong>hujus</strong></span> <span class='ocrx_word' id='word_1_498' title='bbox 2335 1655 2552 1724; x_wconf 87' lang='lat' dir='ltr'><strong>capituli</strong></span> <span class='ocrx_word' id='word_1_499' title='bbox 2582 1672 2983 1726; x_wconf 84' lang='lat' dir='ltr'><strong>percurramus,</strong></span> <span class='ocrx_word' id='word_1_500' title='bbox 3027 1667 3084 1710; x_wconf 87' lang='lat' dir='ltr'><strong>et</strong></span> <span class='ocrx_word' id='word_1_501' title='bbox 3125 1657 3255 1735; x_wconf 81' lang='lat' dir='ltr'><strong>quid</strong></span> <span class='ocrx_word' id='word_1_502' title='bbox 3301 1657 3454 1711; x_wconf 80' lang='lat' dir='ltr'><strong>nobis</strong></span> <span class='ocrx_word' id='word_1_503' title='bbox 3501 1657 3757 1710; x_wconf 82' lang='lat' dir='ltr'><strong>videatur</strong></span> 
     </span>
    </p>
   </div>
   <div class='ocr_carea' id='block_1_62' title="bbox 2148 1743 3758 1820">
    <p class='ocr_par' dir='ltr' id='par_1_62' title="bbox 2148 1743 3758 1820">
     <span class='ocr_line' id='line_1_62' title="bbox 2148 1743 3758 1820; baseline -0.002 -17"><span class='ocrx_word' id='word_1_504' title='bbox 2148 1748 2301 1818; x_wconf 88' lang='lat' dir='ltr'><strong>juxta</strong></span> <span class='ocrx_word' id='word_1_505' title='bbox 2340 1749 2765 1805; x_wconf 74' lang='lat' dir='ltr'><strong>ecclesiasticam</strong></span> <span class='ocrx_word' id='word_1_506' title='bbox 2811 1749 3219 1820; x_wconf 83' lang='lat' dir='ltr'><strong>intelligentiam</strong></span> <span class='ocrx_word' id='word_1_507' title='bbox 3253 1749 3608 1802; x_wconf 79' lang='lat' dir='ltr'><strong>disseratmts.</strong></span> <span class='ocrx_word' id='word_1_508' title='bbox 3647 1743 3758 1801; x_wconf 67' lang='lat' dir='ltr'><strong>DU-</strong></span> 
     </span>
    </p>
   </div>
   <div class='ocr_carea' id='block_1_63' title="bbox 2156 1839 3758 1913">
    <p class='ocr_par' dir='ltr' id='par_1_63' title="bbox 2156 1839 3758 1913">
     <span class='ocr_line' id='line_1_63' title="bbox 2156 1839 3758 1913; baseline -0.002 -17"><span class='ocrx_word' id='word_1_509' title='bbox 2156 1858 2274 1898; x_wconf 91' lang='lat' dir='ltr'><strong>mus</strong></span> <span class='ocrx_word' id='word_1_510' title='bbox 2294 1842 2480 1908; x_wconf 88' lang='lat' dir='ltr'><strong>Israel,</strong></span> <span class='ocrx_word' id='word_1_511' title='bbox 2497 1843 2599 1899; x_wconf 93' lang='lat' dir='ltr'><strong>hoc</strong></span> <span class='ocrx_word' id='word_1_512' title='bbox 2619 1843 2938 1913; x_wconf 78' lang='lat' dir='ltr'><strong>estpOpulus</strong></span> <span class='ocrx_word' id='word_1_513' title='bbox 2959 1839 3283 1905; x_wconf 60' lang='lat' dir='ltr'><strong>Iudaeorum,</strong></span> <span class='ocrx_word' id='word_1_514' title='bbox 3301 1841 3568 1895; x_wconf 83' lang='lat' dir='ltr'><strong>habitavit</strong></span> <span class='ocrx_word' id='word_1_515' title='bbox 3588 1848 3758 1910; x_wconf 80' lang='lat' dir='ltr'><strong>quon-</strong></span> 
     </span>
    </p>
   </div>
   <div class='ocr_carea' id='block_1_64' title="bbox 2153 1930 3756 2001">
    <p class='ocr_par' dir='ltr' id='par_1_64' title="bbox 2153 1930 3756 2001">
     <span class='ocr_line' id='line_1_64' title="bbox 2153 1930 3756 2001; baseline -0.003 -13"><span class='ocrx_word' id='word_1_516' title='bbox 2153 1935 2276 1989; x_wconf 90' lang='lat' dir='ltr'><strong>dam</strong></span> <span class='ocrx_word' id='word_1_517' title='bbox 2308 1936 2359 1988; x_wconf 92' lang='lat' dir='ltr'><strong>in</strong></span> <span class='ocrx_word' id='word_1_518' title='bbox 2391 1943 2532 1990; x_wconf 89' lang='lat' dir='ltr'><strong>terra</strong></span> <span class='ocrx_word' id='word_1_519' title='bbox 2572 1951 2688 2000; x_wconf 88' lang='lat' dir='ltr'><strong>sua,</strong></span> <span class='ocrx_word' id='word_1_520' title='bbox 2721 1935 2826 1990; x_wconf 86' lang='lat' dir='ltr'><strong>hoc</strong></span> <span class='ocrx_word' id='word_1_521' title='bbox 2856 1942 2960 2000; x_wconf 90' lang='lat' dir='ltr'><strong>est,</strong></span> <span class='ocrx_word' id='word_1_522' title='bbox 2993 1934 3047 1988; x_wconf 93' lang='lat' dir='ltr'><strong>in</strong></span> <span class='ocrx_word' id='word_1_523' title='bbox 3092 1941 3237 1988; x_wconf 88' lang='lat' dir='ltr'><strong>terra</strong></span> <span class='ocrx_word' id='word_1_524' title='bbox 3281 1932 3501 1995; x_wconf 62' lang='lat' dir='ltr'><strong>Iudaeae,</strong></span> <span class='ocrx_word' id='word_1_525' title='bbox 3532 1930 3756 2001; x_wconf 87' lang='lat' dir='ltr'><strong>quando</strong></span> 
     </span>
    </p>
   </div>
   <div class='ocr_carea' id='block_1_65' title="bbox 2151 2020 3754 2096">
    <p class='ocr_par' dir='ltr' id='par_1_65' title="bbox 2151 2020 3754 2096">
     <span class='ocr_line' id='line_1_65' title="bbox 2151 2020 3754 2096; baseline -0.004 -18"><span class='ocrx_word' id='word_1_526' title='bbox 2151 2025 2343 2079; x_wconf 89' lang='lat' dir='ltr'><strong>educta</strong></span> <span class='ocrx_word' id='word_1_527' title='bbox 2368 2033 2454 2080; x_wconf 91' lang='lat' dir='ltr'><strong>est</strong></span> <span class='ocrx_word' id='word_1_528' title='bbox 2483 2025 2550 2081; x_wconf 91' lang='lat' dir='ltr'><strong>de</strong></span> <span class='ocrx_word' id='word_1_529' title='bbox 2592 2024 2862 2096; x_wconf 60' lang='lat' dir='ltr'><strong>Egypto;</strong></span> <span class='ocrx_word' id='word_1_530' title='bbox 2896 2024 2988 2078; x_wconf 91' lang='lat' dir='ltr'><strong>sed</strong></span> <span class='ocrx_word' id='word_1_531' title='bbox 3018 2022 3325 2094; x_wconf 87' lang='lat' dir='ltr'><strong>polluerunt</strong></span> <span class='ocrx_word' id='word_1_532' title='bbox 3364 2034 3487 2076; x_wconf 89' lang='lat' dir='ltr'><strong>eam</strong></span> <span class='ocrx_word' id='word_1_533' title='bbox 3523 2021 3578 2073; x_wconf 92' lang='lat' dir='ltr'><strong>in</strong></span> <span class='ocrx_word' id='word_1_534' title='bbox 3622 2020 3754 2082; x_wconf 84' lang='lat' dir='ltr'><strong>viis,</strong></span> 
     </span>
    </p>
   </div>
   <div class='ocr_carea' id='block_1_66' title="bbox 2152 2110 3756 2172">
    <p class='ocr_par' dir='ltr' id='par_1_66' title="bbox 2152 2110 3756 2172">
     <span class='ocr_line' id='line_1_66' title="bbox 2152 2110 3756 2172; baseline -0.003 -2"><span class='ocrx_word' id='word_1_535' title='bbox 2152 2123 2208 2170; x_wconf 90' lang='lat' dir='ltr'><strong>et</strong></span> <span class='ocrx_word' id='word_1_536' title='bbox 2237 2117 2289 2169; x_wconf 91' lang='lat' dir='ltr'><strong>in</strong></span> <span class='ocrx_word' id='word_1_537' title='bbox 2317 2115 2510 2170; x_wconf 77' lang='lat' dir='ltr'><strong>studiis</strong></span> <span class='ocrx_word' id='word_1_538' title='bbox 2534 2117 2647 2172; x_wconf 84' lang='lat' dir='ltr'><strong>sive</strong></span> <span class='ocrx_word' id='word_1_539' title='bbox 2677 2115 2835 2171; x_wconf 87' lang='lat' dir='ltr'><strong>idolis</strong></span> <span class='ocrx_word' id='word_1_540' title='bbox 2865 2115 2996 2170; x_wconf 90' lang='lat' dir='ltr'><strong>suis.</strong></span> <span class='ocrx_word' id='word_1_541' title='bbox 3046 2112 3113 2166; x_wconf 89' lang='lat' dir='ltr'><strong>Et</strong></span> <span class='ocrx_word' id='word_1_542' title='bbox 3147 2113 3201 2166; x_wconf 92' lang='lat' dir='ltr'><strong>in</strong></span> <span class='ocrx_word' id='word_1_543' title='bbox 3247 2120 3466 2166; x_wconf 86' lang='lat' dir='ltr'><strong>tantum</strong></span> <span class='ocrx_word' id='word_1_544' title='bbox 3490 2110 3756 2165; x_wconf 64' lang='lat' dir='ltr'><strong>exstitem</strong></span> 
     </span>
    </p>
   </div>
   <div class='ocr_carea' id='block_1_67' title="bbox 2151 2183 3744 2276">
    <p class='ocr_par' dir='ltr' id='par_1_67' title="bbox 2151 2183 3744 2276">
     <span class='ocr_line' id='line_1_67' title="bbox 2151 2183 3744 2276; baseline -0.003 -16"><span class='ocrx_word' id='word_1_545' title='bbox 2151 2208 2364 2276; x_wconf 88' lang='lat' dir='ltr'><strong>polluti,</strong></span> <span class='ocrx_word' id='word_1_546' title='bbox 2394 2217 2454 2263; x_wconf 89' lang='lat' dir='ltr'><strong>ut</strong></span> <span class='ocrx_word' id='word_1_547' title='bbox 2479 2208 2859 2263; x_wconf 64' lang='lat' dir='ltr'><strong>immunditim’</strong></span> <span class='ocrx_word' id='word_1_548' title='bbox 2877 2183 3120 2261; x_wconf 57' lang='lat' dir='ltr'><strong>mulieris</strong></span> <span class='ocrx_word' id='word_1_549' title='bbox 3147 2214 3498 2259; x_wconf 69' lang='lat' dir='ltr'><strong>menstruatae</strong></span> <span class='ocrx_word' id='word_1_550' title='bbox 3527 2218 3744 2272; x_wconf 76' lang='lat' dir='ltr'><strong>compa-</strong></span> 
     </span>
    </p>
   </div>
   <div class='ocr_carea' id='block_1_68' title="bbox 2155 2281 3755 2369">
    <p class='ocr_par' dir='ltr' id='par_1_68' title="bbox 2155 2281 3755 2369">
     <span class='ocr_line' id='line_1_68' title="bbox 2155 2281 3755 2369; baseline -0.004 -16"><span class='ocrx_word' id='word_1_551' title='bbox 2155 2301 2254 2354; x_wconf 81' lang='lat' dir='ltr'><strong>rati</strong></span> <span class='ocrx_word' id='word_1_552' title='bbox 2297 2299 2423 2365; x_wconf 90' lang='lat' dir='ltr'><strong>sint,</strong></span> <span class='ocrx_word' id='word_1_553' title='bbox 2474 2310 2698 2369; x_wconf 88' lang='lat' dir='ltr'><strong>propter</strong></span> <span class='ocrx_word' id='word_1_554' title='bbox 2738 2298 2881 2369; x_wconf 88' lang='lat' dir='ltr'><strong>quod</strong></span> <span class='ocrx_word' id='word_1_555' title='bbox 2913 2298 3057 2352; x_wconf 88' lang='lat' dir='ltr'><strong>Deus</strong></span> <span class='ocrx_word' id='word_1_556' title='bbox 3093 2295 3284 2350; x_wconf 80' lang='lat' dir='ltr'><strong>effudit</strong></span> <span class='ocrx_word' id='word_1_557' title='bbox 3321 2281 3755 2365; x_wconf 82' lang='lat' dir='ltr'><strong>indignationem</strong></span> 
     </span>
    </p>
   </div>
   <div class='ocr_carea' id='block_1_69' title="bbox 2153 2379 3754 2460">
    <p class='ocr_par' dir='ltr' id='par_1_69' title="bbox 2153 2379 3754 2460">
     <span class='ocr_line' id='line_1_69' title="bbox 2153 2379 3754 2460; baseline -0.007 -16"><span class='ocrx_word' id='word_1_558' title='bbox 2153 2406 2304 2444; x_wconf 86' lang='lat' dir='ltr'><strong>suam</strong></span> <span class='ocrx_word' id='word_1_559' title='bbox 2333 2404 2495 2460; x_wconf 92' lang='lat' dir='ltr'><strong>super</strong></span> <span class='ocrx_word' id='word_1_560' title='bbox 2525 2405 2618 2444; x_wconf 91' lang='lat' dir='ltr'><strong>eos</strong></span> <span class='ocrx_word' id='word_1_561' title='bbox 2646 2402 2745 2459; x_wconf 92' lang='lat' dir='ltr'><strong>pro</strong></span> <span class='ocrx_word' id='word_1_562' title='bbox 2779 2388 3043 2458; x_wconf 87' lang='lat' dir='ltr'><strong>sanguine</strong></span> <span class='ocrx_word' id='word_1_563' title='bbox 3067 2385 3453 2456; x_wconf 88' lang='lat' dir='ltr'><strong>prophetarmn</strong></span> <span class='ocrx_word' id='word_1_564' title='bbox 3481 2379 3754 2451; x_wconf 83' lang='lat' dir='ltr'><strong>atqueth-</strong></span> 
     </span>
    </p>
   </div>
   <div class='ocr_carea' id='block_1_70' title="bbox 2152 2470 3756 2549">
    <p class='ocr_par' dir='ltr' id='par_1_70' title="bbox 2152 2470 3756 2549">
     <span class='ocr_line' id='line_1_70' title="bbox 2152 2470 3756 2549; baseline -0.006 -14"><span class='ocrx_word' id='word_1_565' title='bbox 2152 2489 2380 2543; x_wconf 89' lang='lat' dir='ltr'><strong>storum,</strong></span> <span class='ocrx_word' id='word_1_566' title='bbox 2437 2495 2601 2549; x_wconf 86' lang='lat' dir='ltr'><strong>quem</strong></span> <span class='ocrx_word' id='word_1_567' title='bbox 2649 2479 2897 2534; x_wconf 87' lang='lat' dir='ltr'><strong>fuderant</strong></span> <span class='ocrx_word' id='word_1_568' title='bbox 2939 2492 3104 2546; x_wconf 88' lang='lat' dir='ltr'><strong>super</strong></span> <span class='ocrx_word' id='word_1_569' title='bbox 3151 2485 3374 2539; x_wconf 88' lang='lat' dir='ltr'><strong>terram,</strong></span> <span class='ocrx_word' id='word_1_570' title='bbox 3431 2473 3648 2527; x_wconf 89' lang='lat' dir='ltr'><strong>dicente</strong></span> <span class='ocrx_word' id='word_1_571' title='bbox 3698 2470 3756 2526; x_wconf 89' lang='lat' dir='ltr'><strong>in</strong></span> 
     </span>
    </p>
   </div>
   <div class='ocr_carea' id='block_1_71' title="bbox 2154 2561 3754 2642">
    <p class='ocr_par' dir='ltr' id='par_1_71' title="bbox 2154 2561 3754 2642">
     <span class='ocr_line' id='line_1_71' title="bbox 2154 2561 3754 2642; baseline -0.006 -17"><span class='ocrx_word' id='word_1_572' title='bbox 2154 2570 2447 2642; x_wconf 85' lang='lat' dir='ltr'><strong>Evangelio</strong></span> <span class='ocrx_word' id='word_1_573' title='bbox 2493 2570 2773 2626; x_wconf 87' lang='lat' dir='ltr'><strong>Salvatore</strong></span> <span class='ocrx_word' id='word_1_574' title='bbox 2819 2567 3035 2639; x_wconf 79' lang='lat' dir='ltr'><strong>(Matth.</strong></span> <span class='ocrx_word' id='word_1_575' title='bbox 3073 2564 3270 2636; x_wconf 79' lang='lat' dir='ltr'><strong>xxiii):</strong></span> <span class='ocrx_word' id='word_1_576' title='bbox 3316 2584 3336 2616; x_wconf 84' lang='grc'><em>‹</em></span> <span class='ocrx_word' id='word_1_577' title='bbox 3378 2561 3754 2624; x_wconf 82' lang='lat' dir='ltr'><strong>Hierusalem,</strong></span> 
     </span>
    </p>
   </div>
   <div class='ocr_carea' id='block_1_72' title="bbox 2153 2655 3754 2730">
    <p class='ocr_par' dir='ltr' id='par_1_72' title="bbox 2153 2655 3754 2730">
     <span class='ocr_line' id='line_1_72' title="bbox 2153 2655 3754 2730; baseline -0.004 -14"><span class='ocrx_word' id='word_1_578' title='bbox 2153 2661 2511 2727; x_wconf 84' lang='lat' dir='ltr'><strong>Hierusalem,</strong></span> <span class='ocrx_word' id='word_1_579' title='bbox 2553 2676 2672 2730; x_wconf 66' lang='lat' dir='ltr'><strong>qua:</strong></span> <span class='ocrx_word' id='word_1_580' title='bbox 2710 2659 2912 2717; x_wconf 90' lang='lat' dir='ltr'><strong>occidis</strong></span> <span class='ocrx_word' id='word_1_581' title='bbox 2952 2658 3264 2730; x_wconf 85' lang='lat' dir='ltr'><strong>prophetas,</strong></span> <span class='ocrx_word' id='word_1_582' title='bbox 3303 2667 3359 2712; x_wconf 87' lang='lat' dir='ltr'><strong>et</strong></span> <span class='ocrx_word' id='word_1_583' title='bbox 3399 2655 3609 2725; x_wconf 85' lang='lat' dir='ltr'><strong>lapidas</strong></span> <span class='ocrx_word' id='word_1_584' title='bbox 3655 2661 3754 2709; x_wconf 82' lang='lat' dir='ltr'><strong>eos</strong></span> 
     </span>
    </p>
   </div>
   <div class='ocr_carea' id='block_1_73' title="bbox 2154 2746 3752 2822">
    <p class='ocr_par' dir='ltr' id='par_1_73' title="bbox 2154 2746 3752 2822">
     <span class='ocr_line' id='line_1_73' title="bbox 2154 2746 3752 2822; baseline -0.005 -17"><span class='ocrx_word' id='word_1_585' title='bbox 2154 2752 2243 2822; x_wconf 88' lang='lat' dir='ltr'><strong>qui</strong></span> <span class='ocrx_word' id='word_1_586' title='bbox 2271 2752 2338 2806; x_wconf 89' lang='lat' dir='ltr'><strong>ad</strong></span> <span class='ocrx_word' id='word_1_587' title='bbox 2367 2753 2432 2806; x_wconf 85' lang='lat' dir='ltr'><strong>ad</strong></span> <span class='ocrx_word' id='word_1_588' title='bbox 2465 2761 2514 2806; x_wconf 90' lang='lat' dir='ltr'><strong>te</strong></span> <span class='ocrx_word' id='word_1_589' title='bbox 2535 2751 2689 2806; x_wconf 90' lang='lat' dir='ltr'><strong>missi</strong></span> <span class='ocrx_word' id='word_1_590' title='bbox 2720 2759 2864 2805; x_wconf 88' lang='lat' dir='ltr'><strong>sunt.</strong></span> <span class='ocrx_word' id='word_1_591' title='bbox 2903 2748 3007 2804; x_wconf 74' lang='grc' dir='ltr'><strong>»Ει</strong></span> <span class='ocrx_word' id='word_1_592' title='bbox 3029 2749 3229 2804; x_wconf 86' lang='lat' dir='ltr'><strong>iterum</strong></span> <span class='ocrx_word' id='word_1_593' title='bbox 3256 2764 3270 2802; x_wconf 90' lang='lat'><strong>:</strong></span> <span class='ocrx_word' id='word_1_594' title='bbox 3303 2767 3321 2798; x_wconf 83' lang='grc'><strong><em>‹</em></strong></span> <span class='ocrx_word' id='word_1_595' title='bbox 3361 2746 3559 2808; x_wconf 84' lang='lat' dir='ltr'><strong>Amen,</strong></span> <span class='ocrx_word' id='word_1_596' title='bbox 3593 2752 3752 2798; x_wconf 86' lang='lat' dir='ltr'><strong>amen</strong></span> 
     </span>
    </p>
   </div>
   <div class='ocr_carea' id='block_1_74' title="bbox 2155 2837 3755 2914">
    <p class='ocr_par' dir='ltr' id='par_1_74' title="bbox 2155 2837 3755 2914">
     <span class='ocr_line' id='line_1_74' title="bbox 2155 2837 3755 2914; baseline -0.008 -15"><span class='ocrx_word' id='word_1_597' title='bbox 2155 2845 2275 2899; x_wconf 72' lang='lat' dir='ltr'><strong>dico</strong></span> <span class='ocrx_word' id='word_1_598' title='bbox 2302 2844 2476 2910; x_wconf 85' lang='lat' dir='ltr'><strong>vobis,</strong></span> <span class='ocrx_word' id='word_1_599' title='bbox 2509 2842 2817 2914; x_wconf 88' lang='lat' dir='ltr'><strong>requiretur</strong></span> <span class='ocrx_word' id='word_1_600' title='bbox 2843 2841 3063 2910; x_wconf 88' lang='lat' dir='ltr'><strong>sanguis</strong></span> <span class='ocrx_word' id='word_1_601' title='bbox 3090 2839 3182 2910; x_wconf 89' lang='lat' dir='ltr'><strong>qui</strong></span> <span class='ocrx_word' id='word_1_602' title='bbox 3207 2837 3410 2893; x_wconf 89' lang='lat' dir='ltr'><strong>effusus</strong></span> <span class='ocrx_word' id='word_1_603' title='bbox 3429 2845 3514 2891; x_wconf 88' lang='lat' dir='ltr'><strong>est</strong></span> <span class='ocrx_word' id='word_1_604' title='bbox 3537 2851 3566 2888; x_wconf 87' lang='lat' dir='ltr'><strong>a</strong></span> <span class='ocrx_word' id='word_1_605' title='bbox 3592 2845 3755 2906; x_wconf 74' lang='lat' dir='ltr'><strong>gene-</strong></span> 
     </span>
    </p>
   </div>
   <div class='ocr_carea' id='block_1_75' title="bbox 2156 2923 3755 3004">
    <p class='ocr_par' dir='ltr' id='par_1_75' title="bbox 2156 2923 3755 3004">
     <span class='ocr_line' id='line_1_75' title="bbox 2156 2923 3755 3004; baseline -0.008 -15"><span class='ocrx_word' id='word_1_606' title='bbox 2156 2936 2364 2989; x_wconf 87' lang='lat' dir='ltr'><strong>ratione</strong></span> <span class='ocrx_word' id='word_1_607' title='bbox 2399 2935 2522 3000; x_wconf 87' lang='lat' dir='ltr'><strong>hac,</strong></span> <span class='ocrx_word' id='word_1_608' title='bbox 2554 2948 2585 2988; x_wconf 90' lang='lat' dir='ltr'><strong>a</strong></span> <span class='ocrx_word' id='word_1_609' title='bbox 2612 2933 2870 3004; x_wconf 87' lang='lat' dir='ltr'><strong>sanguine</strong></span> <span class='ocrx_word' id='word_1_610' title='bbox 2895 2930 3029 2986; x_wconf 84' lang='lat' dir='ltr'><strong>Abel</strong></span> <span class='ocrx_word' id='word_1_611' title='bbox 3053 2929 3187 3000; x_wconf 92' lang='lat' dir='ltr'><strong>justi</strong></span> <span class='ocrx_word' id='word_1_612' title='bbox 3227 2942 3400 2998; x_wconf 89' lang='lat' dir='ltr'><strong>usque</strong></span> <span class='ocrx_word' id='word_1_613' title='bbox 3438 2926 3508 2981; x_wconf 89' lang='lat' dir='ltr'><strong>ad</strong></span> <span class='ocrx_word' id='word_1_614' title='bbox 3535 2923 3755 2994; x_wconf 82' lang='lat' dir='ltr'><strong>sangui-</strong></span> 
     </span>
    </p>
   </div>
   <div class='ocr_carea' id='block_1_76' title="bbox 2155 3015 3754 3091">
    <p class='ocr_par' dir='ltr' id='par_1_76' title="bbox 2155 3015 3754 3091">
     <span class='ocr_line' id='line_1_76' title="bbox 2155 3015 3754 3091; baseline -0.008 -11"><span class='ocrx_word' id='word_1_615' title='bbox 2155 3042 2276 3080; x_wconf 83' lang='lat' dir='ltr'><strong>nein</strong></span> <span class='ocrx_word' id='word_1_616' title='bbox 2302 3025 2600 3090; x_wconf 64' lang='lat' dir='ltr'><strong>Zachariae,</strong></span> <span class='ocrx_word' id='word_1_617' title='bbox 2635 3023 2728 3079; x_wconf 85' lang='lat' dir='ltr'><strong>filii</strong></span> <span class='ocrx_word' id='word_1_618' title='bbox 2756 3023 3051 3087; x_wconf 66' lang='lat' dir='ltr'><strong>Barachim,</strong></span> <span class='ocrx_word' id='word_1_619' title='bbox 3077 3036 3240 3091; x_wconf 86' lang='lat' dir='ltr'><strong>quem</strong></span> <span class='ocrx_word' id='word_1_620' title='bbox 3274 3017 3584 3075; x_wconf 77' lang='lat' dir='ltr'><strong>effuderunt</strong></span> <span class='ocrx_word' id='word_1_621' title='bbox 3611 3015 3754 3070; x_wconf 78' lang='lat' dir='ltr'><strong>inter</strong></span> 
     </span>
    </p>
   </div>
   <div class='ocr_carea' id='block_1_77' title="bbox 2155 3108 3755 3187">
    <p class='ocr_par' dir='ltr' id='par_1_77' title="bbox 2155 3108 3755 3187">
     <span class='ocr_line' id='line_1_77' title="bbox 2155 3108 3755 3187; baseline -0.006 -16"><span class='ocrx_word' id='word_1_622' title='bbox 2155 3118 2327 3173; x_wconf 87' lang='lat' dir='ltr'><strong>altare</strong></span> <span class='ocrx_word' id='word_1_623' title='bbox 2365 3128 2422 3173; x_wconf 88' lang='lat' dir='ltr'><strong>et</strong></span> <span class='ocrx_word' id='word_1_624' title='bbox 2469 3117 2746 3187; x_wconf 87' lang='lat' dir='ltr'><strong>templum.</strong></span> <span class='ocrx_word' id='word_1_625' title='bbox 2786 3135 2804 3169; x_wconf 74' lang='grc' dir='ltr'><strong><em>ι</em></strong></span> <span class='ocrx_word' id='word_1_626' title='bbox 2847 3115 2961 3170; x_wconf 78' lang='lat' dir='ltr'><strong>Non</strong></span> <span class='ocrx_word' id='word_1_627' title='bbox 3007 3113 3178 3170; x_wconf 90' lang='lat' dir='ltr'><strong>solum</strong></span> <span class='ocrx_word' id='word_1_628' title='bbox 3225 3119 3405 3167; x_wconf 91' lang='lat' dir='ltr'><strong>autem</strong></span> <span class='ocrx_word' id='word_1_629' title='bbox 3443 3108 3755 3165; x_wconf 78' lang='lat' dir='ltr'><strong>effuderunt</strong></span> 
     </span>
    </p>
   </div>
   <div class='ocr_carea' id='block_1_78' title="bbox 2152 3202 3751 3282">
    <p class='ocr_par' dir='ltr' id='par_1_78' title="bbox 2152 3202 3751 3282">
     <span class='ocr_line' id='line_1_78' title="bbox 2152 3202 3751 3282; baseline -0.006 -17"><span class='ocrx_word' id='word_1_630' title='bbox 2152 3211 2491 3282; x_wconf 82' lang='lat' dir='ltr'><strong>sanguinem,</strong></span> <span class='ocrx_word' id='word_1_631' title='bbox 2525 3208 2620 3265; x_wconf 91' lang='lat' dir='ltr'><strong>sed</strong></span> <span class='ocrx_word' id='word_1_632' title='bbox 2642 3217 2697 3264; x_wconf 89' lang='lat' dir='ltr'><strong>et</strong></span> <span class='ocrx_word' id='word_1_633' title='bbox 2715 3208 3024 3279; x_wconf 90' lang='lat' dir='ltr'><strong>polluerunt</strong></span> <span class='ocrx_word' id='word_1_634' title='bbox 3047 3215 3246 3262; x_wconf 91' lang='lat' dir='ltr'><strong>terram</strong></span> <span class='ocrx_word' id='word_1_635' title='bbox 3277 3202 3574 3260; x_wconf 84' lang='lat' dir='ltr'><strong>sceleribus</strong></span> <span class='ocrx_word' id='word_1_636' title='bbox 3601 3202 3751 3268; x_wconf 85' lang='lat' dir='ltr'><strong>suis;</strong></span> 
     </span>
    </p>
   </div>
   <div class='ocr_carea' id='block_1_79' title="bbox 2151 3289 3756 3376">
    <p class='ocr_par' dir='ltr' id='par_1_79' title="bbox 2151 3289 3756 3376">
     <span class='ocr_line' id='line_1_79' title="bbox 2151 3289 3756 3376; baseline -0.007 -17"><span class='ocrx_word' id='word_1_637' title='bbox 2151 3304 2502 3376; x_wconf 85' lang='lat' dir='ltr'><strong>quamobrem</strong></span> <span class='ocrx_word' id='word_1_638' title='bbox 2529 3301 2781 3373; x_wconf 88' lang='lat' dir='ltr'><strong>dispersit</strong></span> <span class='ocrx_word' id='word_1_639' title='bbox 2812 3315 2906 3356; x_wconf 91' lang='lat' dir='ltr'><strong>eos</strong></span> <span class='ocrx_word' id='word_1_640' title='bbox 2933 3298 3018 3355; x_wconf 90' lang='lat' dir='ltr'><strong>vel</strong></span> <span class='ocrx_word' id='word_1_641' title='bbox 3057 3300 3158 3354; x_wconf 89' lang='lat' dir='ltr'><strong>sub</strong></span> <span class='ocrx_word' id='word_1_642' title='bbox 3205 3297 3499 3367; x_wconf 76' lang='lat' dir='ltr'><strong>Babylonia</strong></span> <span class='ocrx_word' id='word_1_643' title='bbox 3527 3289 3756 3364; x_wconf 76' lang='lat' dir='ltr'><strong>captivi-</strong></span> 
     </span>
    </p>
   </div>
   <div class='ocr_carea' id='block_1_80' title="bbox 2155 3387 3749 3461">
    <p class='ocr_par' dir='ltr' id='par_1_80' title="bbox 2155 3387 3749 3461">
     <span class='ocr_line' id='line_1_80' title="bbox 2155 3387 3749 3461; baseline -0.009 -11"><span class='ocrx_word' id='word_1_644' title='bbox 2155 3404 2263 3450; x_wconf 89' lang='lat' dir='ltr'><strong>tate</strong></span> <span class='ocrx_word' id='word_1_645' title='bbox 2305 3394 2397 3450; x_wconf 79' lang='lat' dir='ltr'><strong>vel</strong></span> <span class='ocrx_word' id='word_1_646' title='bbox 2415 3395 2516 3450; x_wconf 91' lang='lat' dir='ltr'><strong>sub</strong></span> <span class='ocrx_word' id='word_1_647' title='bbox 2553 3393 2820 3456; x_wconf 80' lang='lat' dir='ltr'><strong>Romana,</strong></span> <span class='ocrx_word' id='word_1_648' title='bbox 2867 3392 3083 3461; x_wconf 85' lang='lat' dir='ltr'><strong>quando</strong></span> <span class='ocrx_word' id='word_1_649' title='bbox 3122 3396 3249 3444; x_wconf 81' lang='lat' dir='ltr'><strong>vere</strong></span> <span class='ocrx_word' id='word_1_650' title='bbox 3277 3387 3587 3442; x_wconf 73' lang='lat' dir='ltr'><strong>effuderant</strong></span> <span class='ocrx_word' id='word_1_651' title='bbox 3619 3399 3749 3438; x_wconf 81' lang='lat' dir='ltr'><strong>san-</strong></span> 
     </span>
    </p>
   </div>
   <div class='ocr_carea' id='block_1_81' title="bbox 2153 3473 3752 3558">
    <p class='ocr_par' dir='ltr' id='par_1_81' title="bbox 2153 3473 3752 3558">
     <span class='ocr_line' id='line_1_81' title="bbox 2153 3473 3752 3558; baseline -0.009 -17"><span class='ocrx_word' id='word_1_652' title='bbox 2153 3484 2597 3558; x_wconf 79' lang='lat' dir='ltr'><strong>guinem&#39;Christf</strong></span> <span class='ocrx_word' id='word_1_653' title='bbox 2634 3491 2688 3538; x_wconf 87' lang='lat' dir='ltr'><strong>et</strong></span> <span class='ocrx_word' id='word_1_654' title='bbox 2720 3481 2960 3537; x_wconf 90' lang='lat' dir='ltr'><strong>ventilati</strong></span> <span class='ocrx_word' id='word_1_655' title='bbox 2990 3488 3116 3534; x_wconf 89' lang='lat' dir='ltr'><strong>sunt</strong></span> <span class='ocrx_word' id='word_1_656' title='bbox 3150 3480 3201 3534; x_wconf 92' lang='lat' dir='ltr'><strong>in</strong></span> <span class='ocrx_word' id='word_1_657' title='bbox 3238 3488 3434 3542; x_wconf 89' lang='lat' dir='ltr'><strong>terras,</strong></span> <span class='ocrx_word' id='word_1_658' title='bbox 3482 3473 3752 3545; x_wconf 75' lang='lat' dir='ltr'><strong>quomodo</strong></span> 
     </span>
    </p>
   </div>
   <div class='ocr_carea' id='block_1_82' title="bbox 2151 3565 3754 3649">
    <p class='ocr_par' dir='ltr' id='par_1_82' title="bbox 2151 3565 3754 3649">
     <span class='ocr_line' id='line_1_82' title="bbox 2151 3565 3754 3649; baseline -0.007 -18"><span class='ocrx_word' id='word_1_659' title='bbox 2151 3577 2321 3649; x_wconf 86' lang='lat' dir='ltr'><strong>paleae</strong></span> <span class='ocrx_word' id='word_1_660' title='bbox 2348 3575 2700 3640; x_wconf 77' lang='lat' dir='ltr'><strong>ventilentur,</strong></span> <span class='ocrx_word' id='word_1_661' title='bbox 2745 3582 2799 3628; x_wconf 91' lang='lat' dir='ltr'><strong>et</strong></span> <span class='ocrx_word' id='word_1_662' title='bbox 2832 3571 2987 3642; x_wconf 90' lang='lat' dir='ltr'><strong>juxta</strong></span> <span class='ocrx_word' id='word_1_663' title='bbox 3018 3571 3132 3624; x_wconf 88' lang='lat' dir='ltr'><strong>vias</strong></span> <span class='ocrx_word' id='word_1_664' title='bbox 3162 3569 3288 3625; x_wconf 85' lang='lat' dir='ltr'><strong>snas</strong></span> <span class='ocrx_word' id='word_1_665' title='bbox 3330 3576 3384 3624; x_wconf 86' lang='lat' dir='ltr'><strong>et</strong></span> <span class='ocrx_word' id='word_1_666' title='bbox 3414 3565 3754 3622; x_wconf 80' lang='lat' dir='ltr'><strong>adinvcntio-</strong></span> 
     </span>
    </p>
   </div>
   <div class='ocr_carea' id='block_1_83' title="bbox 2153 3659 3753 3739">
    <p class='ocr_par' dir='ltr' id='par_1_83' title="bbox 2153 3659 3753 3739">
     <span class='ocr_line' id='line_1_83' title="bbox 2153 3659 3753 3739; baseline -0.011 -13"><span class='ocrx_word' id='word_1_667' title='bbox 2153 3685 2250 3726; x_wconf 90' lang='lat' dir='ltr'><strong>nes</strong></span> <span class='ocrx_word' id='word_1_668' title='bbox 2290 3667 2553 3739; x_wconf 87' lang='lat' dir='ltr'><strong>pessimas</strong></span> <span class='ocrx_word' id='word_1_669' title='bbox 2590 3663 2820 3735; x_wconf 85' lang='lat' dir='ltr'><strong>judicati</strong></span> <span class='ocrx_word' id='word_1_670' title='bbox 2864 3680 2877 3716; x_wconf 88' lang='lat'><strong>:</strong></span> <span class='ocrx_word' id='word_1_671' title='bbox 2913 3661 2985 3716; x_wconf 92' lang='lat' dir='ltr'><strong>ita</strong></span> <span class='ocrx_word' id='word_1_672' title='bbox 3013 3670 3072 3715; x_wconf 91' lang='lat' dir='ltr'><strong>ut</strong></span> <span class='ocrx_word' id='word_1_673' title='bbox 3116 3661 3170 3715; x_wconf 93' lang='lat' dir='ltr'><strong>in</strong></span> <span class='ocrx_word' id='word_1_674' title='bbox 3201 3659 3456 3731; x_wconf 87' lang='lat' dir='ltr'><strong>gentibus</strong></span> <span class='ocrx_word' id='word_1_675' title='bbox 3502 3669 3753 3727; x_wconf 85' lang='lat' dir='ltr'><strong>quoque.</strong></span> 
     </span>
    </p>
   </div>
   <div class='ocr_carea' id='block_1_84' title="bbox 2154 3749 3752 3830">
    <p class='ocr_par' dir='ltr' id='par_1_84' title="bbox 2154 3749 3752 3830">
     <span class='ocr_line' id='line_1_84' title="bbox 2154 3749 3752 3830; baseline -0.011 -15"><span class='ocrx_word' id='word_1_676' title='bbox 2154 3761 2221 3815; x_wconf 87' lang='lat' dir='ltr'><strong>ad</strong></span> <span class='ocrx_word' id='word_1_677' title='bbox 2263 3775 2399 3830; x_wconf 89' lang='lat' dir='ltr'><strong>quas</strong></span> <span class='ocrx_word' id='word_1_678' title='bbox 2442 3756 2640 3828; x_wconf 90' lang='lat' dir='ltr'><strong>captivi</strong></span> <span class='ocrx_word' id='word_1_679' title='bbox 2688 3754 2830 3809; x_wconf 91' lang='lat' dir='ltr'><strong>ducti</strong></span> <span class='ocrx_word' id='word_1_680' title='bbox 2883 3752 3096 3808; x_wconf 80' lang='lat' dir='ltr'><strong>fuerant</strong></span> <span class='ocrx_word' id='word_1_681' title='bbox 3132 3791 3158 3817; x_wconf 50' lang='lat'><strong>,.</strong></span> <span class='ocrx_word' id='word_1_682' title='bbox 3201 3749 3506 3821; x_wconf 88' lang='lat' dir='ltr'><strong>polluerent</strong></span> <span class='ocrx_word' id='word_1_683' title='bbox 3553 3759 3752 3801; x_wconf 89' lang='lat' dir='ltr'><strong>nomen</strong></span> 
     </span>
    </p>
   </div>
   <div class='ocr_carea' id='block_1_85' title="bbox 2154 3841 3754 3916">
    <p class='ocr_par' dir='ltr' id='par_1_85' title="bbox 2154 3841 3754 3916">
     <span class='ocr_line' id='line_1_85' title="bbox 2154 3841 3754 3916; baseline -0.01 -9"><span class='ocrx_word' id='word_1_684' title='bbox 2154 3843 2409 3908; x_wconf 79' lang='lat' dir='ltr'><strong>sanctum</strong></span> <span class='ocrx_word' id='word_1_685' title='bbox 2459 3849 2553 3904; x_wconf 89' lang='lat' dir='ltr'><strong>Dei</strong></span> <span class='ocrx_word' id='word_1_686' title='bbox 2582 3889 2596 3914; x_wconf 97' lang='lat'><strong>,</strong></span> <span class='ocrx_word' id='word_1_687' title='bbox 2664 3863 2730 3903; x_wconf 91' lang='lat' dir='ltr'><strong>eo</strong></span> <span class='ocrx_word' id='word_1_688' title='bbox 2781 3845 2924 3916; x_wconf 88' lang='lat' dir='ltr'><strong>quod</strong></span> <span class='ocrx_word' id='word_1_689' title='bbox 2974 3859 3072 3914; x_wconf 89' lang='lat' dir='ltr'><strong>per</strong></span> <span class='ocrx_word' id='word_1_690' title='bbox 3125 3843 3438 3898; x_wconf 86' lang='lat' dir='ltr'><strong>irrisionem</strong></span> <span class='ocrx_word' id='word_1_691' title='bbox 3509 3841 3754 3895; x_wconf 82' lang='lat' dir='ltr'><strong>dicereut</strong></span> 
     </span>
    </p>
   </div>
   <div class='ocr_carea' id='block_1_86' title="bbox 2154 3931 3753 4008">
    <p class='ocr_par' dir='ltr' id='par_1_86' title="bbox 2154 3931 3753 4008">
     <span class='ocr_line' id='line_1_86' title="bbox 2154 3931 3753 4008; baseline -0.008 -9"><span class='ocrx_word' id='word_1_692' title='bbox 2154 3945 2420 3999; x_wconf 69' lang='lat' dir='ltr'><strong>universa:</strong></span> <span class='ocrx_word' id='word_1_693' title='bbox 2455 3942 2700 3996; x_wconf 86' lang='lat' dir='ltr'><strong>nationes</strong></span> <span class='ocrx_word' id='word_1_694' title='bbox 2739 3940 2804 3994; x_wconf 90' lang='lat' dir='ltr'><strong>de</strong></span> <span class='ocrx_word' id='word_1_695' title='bbox 2829 3955 2893 3994; x_wconf 90' lang='lat' dir='ltr'><strong>ea</strong></span> <span class='ocrx_word' id='word_1_696' title='bbox 2935 3956 2947 3992; x_wconf 91' lang='lat'><strong>:</strong></span> <span class='ocrx_word' id='word_1_697' title='bbox 2987 3937 3222 4008; x_wconf 85' lang='lat' dir='ltr'><strong>Populus</strong></span> <span class='ocrx_word' id='word_1_698' title='bbox 3252 3936 3346 3989; x_wconf 88' lang='lat' dir='ltr'><strong>Dei</strong></span> <span class='ocrx_word' id='word_1_699' title='bbox 3379 3935 3483 3989; x_wconf 66' lang='lat' dir='ltr'><strong>iste</strong></span> <span class='ocrx_word' id='word_1_700' title='bbox 3525 3943 3630 3997; x_wconf 83' lang='lat' dir='ltr'><strong>est,</strong></span> <span class='ocrx_word' id='word_1_701' title='bbox 3659 3931 3753 4002; x_wconf 85' lang='lat' dir='ltr'><strong>qui</strong></span> 
     </span>
    </p>
   </div>
   <div class='ocr_carea' id='block_1_87' title="bbox 2154 4026 3750 4107">
    <p class='ocr_par' dir='ltr' id='par_1_87' title="bbox 2154 4026 3750 4107">
     <span class='ocr_line' id='line_1_87' title="bbox 2154 4026 3750 4107; baseline -0.009 -15"><span class='ocrx_word' id='word_1_702' title='bbox 2154 4052 2211 4093; x_wconf 90' lang='lat' dir='ltr'><strong>se</strong></span> <span class='ocrx_word' id='word_1_703' title='bbox 2253 4036 2496 4107; x_wconf 88' lang='lat' dir='ltr'><strong>jactabat</strong></span> <span class='ocrx_word' id='word_1_704' title='bbox 2541 4033 2759 4103; x_wconf 87' lang='lat' dir='ltr'><strong>proprie</strong></span> <span class='ocrx_word' id='word_1_705' title='bbox 2814 4045 2973 4087; x_wconf 90' lang='lat' dir='ltr'><strong>nosse</strong></span> <span class='ocrx_word' id='word_1_706' title='bbox 3027 4029 3230 4085; x_wconf 85' lang='lat' dir='ltr'><strong>cultum</strong></span> <span class='ocrx_word' id='word_1_707' title='bbox 3277 4028 3393 4083; x_wconf 82' lang='lat' dir='ltr'><strong>Dei.</strong></span> <span class='ocrx_word' id='word_1_708' title='bbox 3432 4026 3586 4093; x_wconf 85' lang='lat' dir='ltr'><strong>Quod</strong></span> <span class='ocrx_word' id='word_1_709' title='bbox 3627 4040 3750 4080; x_wconf 90' lang='lat' dir='ltr'><strong>cum</strong></span> 
     </span>
    </p>
   </div>
   <div class='ocr_carea' id='block_1_88' title="bbox 2152 4119 3753 4192">
    <p class='ocr_par' dir='ltr' id='par_1_88' title="bbox 2152 4119 3753 4192">
     <span class='ocr_line' id='line_1_88' title="bbox 2152 4119 3753 4192; baseline -0.011 -7"><span class='ocrx_word' id='word_1_710' title='bbox 2152 4129 2438 4191; x_wconf 86' lang='lat' dir='ltr'><strong>vidissem,</strong></span> <span class='ocrx_word' id='word_1_711' title='bbox 2497 4126 2604 4191; x_wconf 87' lang='lat' dir='ltr'><strong>ait,</strong></span> <span class='ocrx_word' id='word_1_712' title='bbox 2665 4140 2772 4179; x_wconf 90' lang='lat' dir='ltr'><strong>non</strong></span> <span class='ocrx_word' id='word_1_713' title='bbox 2825 4129 3046 4192; x_wconf 87' lang='lat' dir='ltr'><strong>propter</strong></span> <span class='ocrx_word' id='word_1_714' title='bbox 3099 4134 3224 4184; x_wconf 89' lang='lat' dir='ltr'><strong>eos,</strong></span> <span class='ocrx_word' id='word_1_715' title='bbox 3263 4119 3357 4174; x_wconf 86' lang='lat' dir='ltr'><strong>sed</strong></span> <span class='ocrx_word' id='word_1_716' title='bbox 3390 4127 3614 4189; x_wconf 89' lang='lat' dir='ltr'><strong>propter</strong></span> <span class='ocrx_word' id='word_1_717' title='bbox 3656 4126 3753 4168; x_wconf 85' lang='lat' dir='ltr'><strong>no-</strong></span> 
     </span>
    </p>
   </div>
   <div class='ocr_carea' id='block_1_89' title="bbox 2155 4211 3752 4289">
    <p class='ocr_par' dir='ltr' id='par_1_89' title="bbox 2155 4211 3752 4289">
     <span class='ocr_line' id='line_1_89' title="bbox 2155 4211 3752 4289; baseline -0.011 -10"><span class='ocrx_word' id='word_1_718' title='bbox 2155 4238 2275 4279; x_wconf 89' lang='lat' dir='ltr'><strong>men</strong></span> <span class='ocrx_word' id='word_1_719' title='bbox 2321 4235 2501 4277; x_wconf 91' lang='lat' dir='ltr'><strong>meum</strong></span> <span class='ocrx_word' id='word_1_720' title='bbox 2530 4226 2779 4274; x_wconf 84' lang='lat' dir='ltr'><strong>sanctum</strong></span> <span class='ocrx_word' id='word_1_721' title='bbox 2821 4213 3071 4289; x_wconf 89' lang='lat' dir='ltr'><strong>(Creator</strong></span> <span class='ocrx_word' id='word_1_722' title='bbox 3108 4213 3250 4266; x_wconf 91' lang='lat' dir='ltr'><strong>enim</strong></span> <span class='ocrx_word' id='word_1_723' title='bbox 3291 4211 3530 4265; x_wconf 92' lang='lat' dir='ltr'><strong>omnium</strong></span> <span class='ocrx_word' id='word_1_724' title='bbox 3582 4217 3752 4275; x_wconf 74' lang='lat' dir='ltr'><strong>sunt),</strong></span> 
     </span>
    </p>
   </div>
   <div class='ocr_carea' id='block_1_90' title="bbox 2151 4300 3752 4385">
    <p class='ocr_par' dir='ltr' id='par_1_90' title="bbox 2151 4300 3752 4385">
     <span class='ocr_line' id='line_1_90' title="bbox 2151 4300 3752 4385; baseline -0.011 -16"><span class='ocrx_word' id='word_1_725' title='bbox 2151 4311 2367 4385; x_wconf 88' lang='lat' dir='ltr'><strong>peperci</strong></span> <span class='ocrx_word' id='word_1_726' title='bbox 2406 4311 2506 4375; x_wconf 89' lang='lat' dir='ltr'><strong>eis,</strong></span> <span class='ocrx_word' id='word_1_727' title='bbox 2547 4316 2602 4363; x_wconf 91' lang='lat' dir='ltr'><strong>et</strong></span> <span class='ocrx_word' id='word_1_728' title='bbox 2640 4305 2976 4363; x_wconf 81' lang='lat' dir='ltr'><strong>sanetiticavi</strong></span> <span class='ocrx_word' id='word_1_729' title='bbox 3018 4302 3156 4367; x_wconf 89' lang='lat' dir='ltr'><strong>illos,</strong></span> <span class='ocrx_word' id='word_1_730' title='bbox 3198 4309 3252 4356; x_wconf 91' lang='lat' dir='ltr'><strong>et</strong></span> <span class='ocrx_word' id='word_1_731' title='bbox 3282 4301 3467 4371; x_wconf 76' lang='lat' dir='ltr'><strong>gloriae</strong></span> <span class='ocrx_word' id='word_1_732' title='bbox 3508 4300 3752 4370; x_wconf 70' lang='lat' dir='ltr'><strong>pristina:</strong></span> 
     </span>
    </p>
   </div>
   <div class='ocr_carea' id='block_1_91' title="bbox 2154 4391 3754 4468">
    <p class='ocr_par' dir='ltr' id='par_1_91' title="bbox 2154 4391 3754 4468">
     <span class='ocr_line' id='line_1_91' title="bbox 2154 4391 3754 4468; baseline -0.011 -8"><span class='ocrx_word' id='word_1_733' title='bbox 2154 4403 2365 4461; x_wconf 89' lang='lat' dir='ltr'><strong>restitui</strong></span> <span class='ocrx_word' id='word_1_734' title='bbox 2392 4421 2404 4455; x_wconf 92' lang='lat'>:</span> <span class='ocrx_word' id='word_1_735' title='bbox 2436 4403 2509 4456; x_wconf 87' lang='lat' dir='ltr'><strong>ita</strong></span> <span class='ocrx_word' id='word_1_736' title='bbox 2543 4408 2604 4455; x_wconf 88' lang='lat' dir='ltr'><strong>ut</strong></span> <span class='ocrx_word' id='word_1_737' title='bbox 2631 4413 2793 4468; x_wconf 88' lang='lat' dir='ltr'><strong>super</strong></span> <span class='ocrx_word' id='word_1_738' title='bbox 2819 4397 3102 4452; x_wconf 82' lang='lat' dir='ltr'><strong>credentes</strong></span> <span class='ocrx_word' id='word_1_739' title='bbox 3127 4398 3183 4446; x_wconf 86' lang='lat' dir='ltr'><strong>et</strong></span> <span class='ocrx_word' id='word_1_740' title='bbox 3213 4391 3282 4445; x_wconf 88' lang='lat' dir='ltr'><strong>ab</strong></span> <span class='ocrx_word' id='word_1_741' title='bbox 3309 4401 3499 4445; x_wconf 87' lang='lat' dir='ltr'><strong>errore</strong></span> <span class='ocrx_word' id='word_1_742' title='bbox 3525 4399 3754 4444; x_wconf 85' lang='lat' dir='ltr'><strong>convcr-</strong></span> 
     </span>
    </p>
   </div>
   <div class='ocr_carea' id='block_1_92' title="bbox 464 4479 3749 4576">
    <p class='ocr_par' dir='ltr' id='par_1_92' title="bbox 464 4479 3749 4576">
     <span class='ocr_line' id='line_1_92' title="bbox 464 4479 3749 4576; baseline -0.004 -30"><span class='ocrx_word' id='word_1_743' title='bbox 464 4525 478 4546; x_wconf 79' lang='grc' dir='ltr'>ι</span> <span class='ocrx_word' id='word_1_744' title='bbox 528 4497 581 4551; x_wconf 91' lang='lat' dir='ltr'><strong>in</strong></span> <span class='ocrx_word' id='word_1_745' title='bbox 604 4497 773 4552; x_wconf 82' lang='lat' dir='ltr'><strong>oculis</strong></span> <span class='ocrx_word' id='word_1_746' title='bbox 800 4498 976 4553; x_wconf 89' lang='lat' dir='ltr'><strong>omnis</strong></span> <span class='ocrx_word' id='word_1_747' title='bbox 1003 4496 1228 4552; x_wconf 89' lang='lat' dir='ltr'><strong>viatoris</strong></span> <span class='ocrx_word' id='word_1_748' title='bbox 1258 4497 1435 4552; x_wconf 90' lang='lat' dir='ltr'><strong>dicent</strong></span> <span class='ocrx_word' id='word_1_749' title='bbox 1468 4515 1479 4549; x_wconf 91' lang='lat'><strong>:</strong></span> <span class='ocrx_word' id='word_1_750' title='bbox 1539 4493 1707 4550; x_wconf 82' lang='lat' dir='ltr'><strong>Terra</strong></span> <span class='ocrx_word' id='word_1_751' title='bbox 1749 4496 1838 4549; x_wconf 86' lang='lat' dir='ltr'><strong>illa</strong></span> <span class='ocrx_word' id='word_1_752' title='bbox 1881 4496 2047 4549; x_wconf 90' lang='lat' dir='ltr'><strong>multa</strong></span> <span class='ocrx_word' id='word_1_753' title='bbox 2076 4517 2130 4576; x_wconf 82' lang='lat' dir='ltr'><strong>D</strong></span> <span class='ocrx_word' id='word_1_754' title='bbox 2157 4512 2245 4552; x_wconf 90' lang='lat' dir='ltr'><strong>sos</strong></span> <span class='ocrx_word' id='word_1_755' title='bbox 2284 4493 2614 4550; x_wconf 72' lang='lat' dir='ltr'><strong>effunderem</strong></span> <span class='ocrx_word' id='word_1_756' title='bbox 2662 4503 2856 4559; x_wconf 83' lang='lat' dir='ltr'><strong>aquam</strong></span> <span class='ocrx_word' id='word_1_757' title='bbox 2895 4486 3150 4542; x_wconf 85' lang='lat' dir='ltr'><strong>mundam</strong></span> <span class='ocrx_word' id='word_1_758' title='bbox 3184 4481 3437 4554; x_wconf 86' lang='lat' dir='ltr'><strong>baptismi</strong></span> <span class='ocrx_word' id='word_1_759' title='bbox 3477 4479 3749 4545; x_wconf 78' lang='lat' dir='ltr'><strong>salutaris,</strong></span> 
     </span>
    </p>
   </div>
   <div class='ocr_carea' id='block_1_93' title="bbox 464 4585 2049 4658">
    <p class='ocr_par' dir='ltr' id='par_1_93' title="bbox 464 4585 2049 4658">
     <span class='ocr_line' id='line_1_93' title="bbox 464 4585 2049 4658; baseline 0.001 -20"><span class='ocrx_word' id='word_1_760' title='bbox 464 4613 478 4638; x_wconf 62' lang='grc' dir='ltr'><strong>ς</strong></span> <span class='ocrx_word' id='word_1_761' title='bbox 521 4585 663 4646; x_wconf 85' lang='lat' dir='ltr'><strong>facta</strong></span> <span class='ocrx_word' id='word_1_762' title='bbox 690 4597 789 4653; x_wconf 87' lang='lat' dir='ltr'><strong>est,</strong></span> <span class='ocrx_word' id='word_1_763' title='bbox 819 4596 878 4643; x_wconf 94' lang='lat' dir='ltr'><strong>ut</strong></span> <span class='ocrx_word' id='word_1_764' title='bbox 907 4589 1098 4644; x_wconf 89' lang='lat' dir='ltr'><strong>hortus</strong></span> <span class='ocrx_word' id='word_1_765' title='bbox 1124 4587 1434 4658; x_wconf 88' lang='lat' dir='ltr'><strong>voluptatis,</strong></span> <span class='ocrx_word' id='word_1_766' title='bbox 1462 4596 1519 4642; x_wconf 89' lang='lat' dir='ltr'><strong>et</strong></span> <span class='ocrx_word' id='word_1_767' title='bbox 1541 4587 1790 4642; x_wconf 84' lang='lat' dir='ltr'><strong>civitates</strong></span> <span class='ocrx_word' id='word_1_768' title='bbox 1816 4587 2049 4641; x_wconf 83' lang='lat' dir='ltr'><strong>desertae</strong></span> 
     </span>
    </p>
   </div>
   <div class='ocr_carea' id='block_1_94' title="bbox 465 4677 2049 4750">
    <p class='ocr_par' dir='ltr' id='par_1_94' title="bbox 465 4677 2049 4750">
     <span class='ocr_line' id='line_1_94' title="bbox 465 4677 2049 4750; baseline 0.001 -21"><span class='ocrx_word' id='word_1_769' title='bbox 465 4700 479 4729; x_wconf 84' lang='grc' dir='ltr'>.ι</span> <span class='ocrx_word' id='word_1_770' title='bbox 521 4687 575 4734; x_wconf 89' lang='lat' dir='ltr'><strong>et</strong></span> <span class='ocrx_word' id='word_1_771' title='bbox 602 4681 874 4735; x_wconf 67' lang='lat' dir='ltr'><strong>destitutae</strong></span> <span class='ocrx_word' id='word_1_772' title='bbox 916 4688 1081 4750; x_wconf 87' lang='lat' dir='ltr'><strong>atque</strong></span> <span class='ocrx_word' id='word_1_773' title='bbox 1110 4678 1352 4735; x_wconf 71' lang='lat' dir='ltr'><strong>suffossm</strong></span> <span class='ocrx_word' id='word_1_774' title='bbox 1392 4679 1611 4733; x_wconf 74' lang='lat' dir='ltr'><strong>munita:</strong></span> <span class='ocrx_word' id='word_1_775' title='bbox 1646 4679 1924 4732; x_wconf 87' lang='lat' dir='ltr'><strong>sederunt.</strong></span> <span class='ocrx_word' id='word_1_776' title='bbox 1983 4677 2049 4731; x_wconf 89' lang='lat' dir='ltr'><strong>Et</strong></span> 
     </span>
    </p>
   </div>
   <div class='ocr_carea' id='block_1_95' title="bbox 465 4769 2046 4842">
    <p class='ocr_par' dir='ltr' id='par_1_95' title="bbox 465 4769 2046 4842">
     <span class='ocr_line' id='line_1_95' title="bbox 465 4769 2046 4842; baseline -0.001 -21"><span class='ocrx_word' id='word_1_777' title='bbox 465 4781 479 4820; x_wconf 70' lang='grc' dir='ltr'>ἀ</span> <span class='ocrx_word' id='word_1_778' title='bbox 524 4771 697 4825; x_wconf 90' lang='lat' dir='ltr'><strong>scient</strong></span> <span class='ocrx_word' id='word_1_779' title='bbox 731 4779 926 4842; x_wconf 83' lang='lat' dir='ltr'><strong>gentes</strong></span> <span class='ocrx_word' id='word_1_780' title='bbox 947 4786 1282 4841; x_wconf 73' lang='lat' dir='ltr'><strong>qucecunquc</strong></span> <span class='ocrx_word' id='word_1_781' title='bbox 1309 4769 1577 4826; x_wconf 69' lang='lat' dir='ltr'><strong>derelictae</strong></span> <span class='ocrx_word' id='word_1_782' title='bbox 1606 4769 1808 4823; x_wconf 86' lang='lat' dir='ltr'><strong>fuerint</strong></span> <span class='ocrx_word' id='word_1_783' title='bbox 1848 4769 1900 4822; x_wconf 91' lang='lat' dir='ltr'><strong>in</strong></span> <span class='ocrx_word' id='word_1_784' title='bbox 1933 4769 2046 4821; x_wconf 87' lang='lat' dir='ltr'><strong>cir—</strong></span> 
     </span>
    </p>
   </div>
   <div class='ocr_carea' id='block_1_96' title="bbox 462 4861 2048 4936">
    <p class='ocr_par' dir='ltr' id='par_1_96' title="bbox 462 4861 2048 4936">
     <span class='ocr_line' id='line_1_96' title="bbox 462 4861 2048 4936; baseline 0.001 -23"><span class='ocrx_word' id='word_1_785' title='bbox 462 4889 477 4913; x_wconf 81' lang='lat' dir='ltr'><strong>I</strong></span> <span class='ocrx_word' id='word_1_786' title='bbox 525 4865 670 4918; x_wconf 89' lang='lat' dir='ltr'><strong>cuitu</strong></span> <span class='ocrx_word' id='word_1_787' title='bbox 696 4873 898 4929; x_wconf 87' lang='lat' dir='ltr'><strong>vestro,</strong></span> <span class='ocrx_word' id='word_1_788' title='bbox 930 4865 1056 4933; x_wconf 89' lang='lat' dir='ltr'><strong>quia</strong></span> <span class='ocrx_word' id='word_1_789' title='bbox 1086 4879 1185 4936; x_wconf 87' lang='lat' dir='ltr'><strong>ego</strong></span> <span class='ocrx_word' id='word_1_790' title='bbox 1215 4864 1474 4918; x_wconf 83' lang='lat' dir='ltr'><strong>Dominus</strong></span> <span class='ocrx_word' id='word_1_791' title='bbox 1513 4863 1775 4917; x_wconf 82' lang='lat' dir='ltr'><strong>:edilicavl</strong></span> <span class='ocrx_word' id='word_1_792' title='bbox 1819 4861 2048 4931; x_wconf 88' lang='lat' dir='ltr'><strong>dissipa-</strong></span> 
     </span>
    </p>
   </div>
   <div class='ocr_carea' id='block_1_97' title="bbox 465 4952 2045 5026">
    <p class='ocr_par' dir='ltr' id='par_1_97' title="bbox 465 4952 2045 5026">
     <span class='ocr_line' id='line_1_97' title="bbox 465 4952 2045 5026; baseline -0.001 -20"><span class='ocrx_word' id='word_1_793' title='bbox 465 4976 478 5006; x_wconf 77' lang='grc' dir='ltr'>ι</span> <span class='ocrx_word' id='word_1_794' title='bbox 521 4964 606 5010; x_wconf 84' lang='lat' dir='ltr'><strong>tos</strong></span> <span class='ocrx_word' id='word_1_795' title='bbox 635 4956 992 5026; x_wconf 87' lang='lat' dir='ltr'><strong>plantavique</strong></span> <span class='ocrx_word' id='word_1_796' title='bbox 1041 4956 1264 5020; x_wconf 89' lang='lat' dir='ltr'><strong>inculta,</strong></span> <span class='ocrx_word' id='word_1_797' title='bbox 1295 4970 1394 5026; x_wconf 86' lang='lat' dir='ltr'><strong>ego</strong></span> <span class='ocrx_word' id='word_1_798' title='bbox 1419 4955 1680 5009; x_wconf 86' lang='lat' dir='ltr'><strong>Dominus</strong></span> <span class='ocrx_word' id='word_1_799' title='bbox 1709 4953 1920 5008; x_wconf 89' lang='lat' dir='ltr'><strong>locutus</strong></span> <span class='ocrx_word' id='word_1_800' title='bbox 1943 4952 2045 5006; x_wconf 89' lang='lat' dir='ltr'><strong>sim</strong></span> 
     </span>
    </p>
   </div>
   <div class='ocr_carea' id='block_1_98' title="bbox 463 5045 2051 5104">
    <p class='ocr_par' dir='ltr' id='par_1_98' title="bbox 463 5045 2051 5104">
     <span class='ocr_line' id='line_1_98' title="bbox 463 5045 2051 5104; baseline -0.003 -2"><span class='ocrx_word' id='word_1_801' title='bbox 463 5069 478 5102; x_wconf 81' lang='grc' dir='ltr'><em>ι</em></span> <span class='ocrx_word' id='word_1_802' title='bbox 517 5057 574 5102; x_wconf 86' lang='lat' dir='ltr'><strong>et</strong></span> <span class='ocrx_word' id='word_1_803' title='bbox 601 5049 826 5104; x_wconf 85' lang='lat' dir='ltr'><strong>fecerim</strong></span> <span class='ocrx_word' id='word_1_804' title='bbox 859 5067 871 5102; x_wconf 92' lang='lat'><strong>:</strong></span> <span class='ocrx_word' id='word_1_805' title='bbox 911 5050 1030 5103; x_wconf 75' lang='lat' dir='ltr'><strong>haec</strong></span> <span class='ocrx_word' id='word_1_806' title='bbox 1053 5048 1183 5104; x_wconf 89' lang='lat' dir='ltr'><strong>dicit</strong></span> <span class='ocrx_word' id='word_1_807' title='bbox 1204 5049 1465 5102; x_wconf 83' lang='lat' dir='ltr'><strong>Dominus</strong></span> <span class='ocrx_word' id='word_1_808' title='bbox 1488 5049 1650 5101; x_wconf 89' lang='lat' dir='ltr'><strong>Deus.</strong></span> <span class='ocrx_word' id='word_1_809' title='bbox 1681 5045 1871 5100; x_wconf 85' lang='lat' dir='ltr'><strong>Adhuc</strong></span> <span class='ocrx_word' id='word_1_810' title='bbox 1901 5045 2051 5098; x_wconf 86' lang='lat' dir='ltr'><strong>iuve-</strong></span> 
     </span>
    </p>
   </div>
   <div class='ocr_carea' id='block_1_99' title="bbox 463 5133 2044 5207">
    <p class='ocr_par' dir='ltr' id='par_1_99' title="bbox 463 5133 2044 5207">
     <span class='ocr_line' id='line_1_99' title="bbox 463 5133 2044 5207; baseline -0.003 -16"><span class='ocrx_word' id='word_1_811' title='bbox 463 5161 480 5191; x_wconf 83' lang='grc'><strong><em>‹</em></strong></span> <span class='ocrx_word' id='word_1_812' title='bbox 519 5141 672 5196; x_wconf 86' lang='lat' dir='ltr'><strong>nient</strong></span> <span class='ocrx_word' id='word_1_813' title='bbox 699 5155 784 5195; x_wconf 89' lang='lat' dir='ltr'><strong>me</strong></span> <span class='ocrx_word' id='word_1_814' title='bbox 811 5140 864 5195; x_wconf 84' lang='lat' dir='ltr'><strong>in</strong></span> <span class='ocrx_word' id='word_1_815' title='bbox 889 5141 990 5194; x_wconf 89' lang='lat' dir='ltr'><strong>hoc</strong></span> <span class='ocrx_word' id='word_1_816' title='bbox 1014 5140 1206 5207; x_wconf 84' lang='lat' dir='ltr'><strong>domus</strong></span> <span class='ocrx_word' id='word_1_817' title='bbox 1236 5139 1420 5203; x_wconf 76' lang='lat' dir='ltr'><strong>Israel,</strong></span> <span class='ocrx_word' id='word_1_818' title='bbox 1452 5147 1510 5192; x_wconf 88' lang='lat' dir='ltr'><strong>ut</strong></span> <span class='ocrx_word' id='word_1_819' title='bbox 1538 5138 1729 5192; x_wconf 81' lang='lat' dir='ltr'><strong>faciam</strong></span> <span class='ocrx_word' id='word_1_820' title='bbox 1761 5137 1840 5191; x_wconf 88' lang='lat' dir='ltr'><strong>eis</strong></span> <span class='ocrx_word' id='word_1_821' title='bbox 1869 5155 1880 5188; x_wconf 77' lang='grc' dir='ltr'>ε</span> <span class='ocrx_word' id='word_1_822' title='bbox 1913 5133 2044 5188; x_wconf 76' lang='lat' dir='ltr'><strong>Mul-</strong></span> 
     </span>
    </p>
   </div>
   <div class='ocr_carea' id='block_1_100' title="bbox 464 5232 2044 5304">
    <p class='ocr_par' dir='ltr' id='par_1_100' title="bbox 464 5232 2044 5304">
     <span class='ocr_line' id='line_1_100' title="bbox 464 5232 2044 5304; baseline -0.003 -20"><span class='ocrx_word' id='word_1_823' title='bbox 464 5252 480 5284; x_wconf 73' lang='grc' dir='ltr'><strong><em>ο</em></strong></span> <span class='ocrx_word' id='word_1_824' title='bbox 523 5233 784 5304; x_wconf 86' lang='lat' dir='ltr'><strong>tiplieabo</strong></span> <span class='ocrx_word' id='word_1_825' title='bbox 816 5249 911 5288; x_wconf 91' lang='lat' dir='ltr'><strong>eos</strong></span> <span class='ocrx_word' id='word_1_826' title='bbox 931 5273 946 5295; x_wconf 93' lang='lat'><strong>,</strong></span> <span class='ocrx_word' id='word_1_827' title='bbox 975 5233 1110 5287; x_wconf 90' lang='lat' dir='ltr'><strong>sicut</strong></span> <span class='ocrx_word' id='word_1_828' title='bbox 1138 5247 1358 5303; x_wconf 84' lang='lat' dir='ltr'><strong>gregem</strong></span> <span class='ocrx_word' id='word_1_829' title='bbox 1402 5232 1701 5294; x_wconf 89' lang='lat' dir='ltr'><strong>hominum,</strong></span> <span class='ocrx_word' id='word_1_830' title='bbox 1740 5238 1796 5282; x_wconf 90' lang='lat' dir='ltr'><strong>ut</strong></span> <span class='ocrx_word' id='word_1_831' title='bbox 1822 5244 2044 5297; x_wconf 85' lang='lat' dir='ltr'><strong>gregem</strong></span> 
     </span>
    </p>
   </div>
   <div class='ocr_carea' id='block_1_101' title="bbox 464 5319 2046 5394">
    <p class='ocr_par' dir='ltr' id='par_1_101' title="bbox 464 5319 2046 5394">
     <span class='ocr_line' id='line_1_101' title="bbox 464 5319 2046 5394; baseline -0.006 -12"><span class='ocrx_word' id='word_1_832' title='bbox 464 5344 482 5374; x_wconf 78' lang='grc' dir='ltr'><strong><em>ι</em></strong></span> <span class='ocrx_word' id='word_1_833' title='bbox 524 5333 795 5388; x_wconf 85' lang='lat' dir='ltr'><strong>sanctum,</strong></span> <span class='ocrx_word' id='word_1_834' title='bbox 820 5333 877 5378; x_wconf 89' lang='lat' dir='ltr'><strong>ut</strong></span> <span class='ocrx_word' id='word_1_835' title='bbox 906 5339 1122 5394; x_wconf 87' lang='lat' dir='ltr'><strong>gregem</strong></span> <span class='ocrx_word' id='word_1_836' title='bbox 1149 5322 1484 5377; x_wconf 86' lang='lat' dir='ltr'><strong>Hierusalem</strong></span> <span class='ocrx_word' id='word_1_837' title='bbox 1528 5322 1579 5375; x_wconf 92' lang='lat' dir='ltr'><strong>in</strong></span> <span class='ocrx_word' id='word_1_838' title='bbox 1611 5319 2046 5375; x_wconf 81' lang='lat' dir='ltr'><strong>solemnitatibus</strong></span> 
     </span>
    </p>
   </div>
   <div class='ocr_carea' id='block_1_102' title="bbox 467 5412 2049 5484">
    <p class='ocr_par' dir='ltr' id='par_1_102' title="bbox 467 5412 2049 5484">
     <span class='ocr_line' id='line_1_102' title="bbox 467 5412 2049 5484; baseline -0.001 -18"><span class='ocrx_word' id='word_1_839' title='bbox 467 5436 483 5466; x_wconf 73' lang='grc' dir='ltr'>ι</span> <span class='ocrx_word' id='word_1_840' title='bbox 523 5413 660 5484; x_wconf 82' lang='lat' dir='ltr'><strong>ejus,</strong></span> <span class='ocrx_word' id='word_1_841' title='bbox 686 5417 765 5471; x_wconf 84' lang='lat' dir='ltr'><strong>sic</strong></span> <span class='ocrx_word' id='word_1_842' title='bbox 786 5427 947 5470; x_wconf 89' lang='lat' dir='ltr'><strong>erunt</strong></span> <span class='ocrx_word' id='word_1_843' title='bbox 968 5416 1218 5470; x_wconf 82' lang='lat' dir='ltr'><strong>civitates</strong></span> <span class='ocrx_word' id='word_1_844' title='bbox 1240 5415 1468 5470; x_wconf 68' lang='lat' dir='ltr'><strong>desertze</strong></span> <span class='ocrx_word' id='word_1_845' title='bbox 1489 5415 1766 5482; x_wconf 65' lang='lat' dir='ltr'><strong>plenisque</strong></span> <span class='ocrx_word' id='word_1_846' title='bbox 1792 5412 2049 5482; x_wconf 81' lang='lat' dir='ltr'><strong>gregibus</strong></span> 
     </span>
    </p>
   </div>
   <div class='ocr_carea' id='block_1_103' title="bbox 469 5499 2040 5578">
    <p class='ocr_par' dir='ltr' id='par_1_103' title="bbox 469 5499 2040 5578">
     <span class='ocr_line' id='line_1_103' title="bbox 469 5499 2040 5578; baseline -0.003 -20"><span class='ocrx_word' id='word_1_847' title='bbox 469 5524 483 5558; x_wconf 76' lang='grc' dir='ltr'>ι</span> <span class='ocrx_word' id='word_1_848' title='bbox 525 5499 802 5563; x_wconf 80' lang='lat' dir='ltr'><strong>hominum</strong></span> <span class='ocrx_word' id='word_1_849' title='bbox 825 5525 837 5573; x_wconf 91' lang='lat'><strong>;</strong></span> <span class='ocrx_word' id='word_1_850' title='bbox 859 5515 913 5562; x_wconf 90' lang='lat' dir='ltr'><strong>et</strong></span> <span class='ocrx_word' id='word_1_851' title='bbox 934 5507 1107 5561; x_wconf 88' lang='lat' dir='ltr'><strong>scient</strong></span> <span class='ocrx_word' id='word_1_852' title='bbox 1128 5509 1253 5576; x_wconf 88' lang='lat' dir='ltr'><strong>quia</strong></span> <span class='ocrx_word' id='word_1_853' title='bbox 1280 5522 1380 5578; x_wconf 85' lang='lat' dir='ltr'><strong>ego</strong></span> <span class='ocrx_word' id='word_1_854' title='bbox 1403 5506 1681 5560; x_wconf 87' lang='lat' dir='ltr'><strong>Dominus.</strong></span> <span class='ocrx_word' id='word_1_855' title='bbox 1713 5501 1982 5575; x_wconf 72' lang='lat' dir='ltr'><strong>Ulicron.)</strong></span> <span class='ocrx_word' id='word_1_856' title='bbox 2024 5523 2040 5553; x_wconf 82' lang='grc'>›</span> 
     </span>
    </p>
   </div>
   <div class='ocr_carea' id='block_1_104' title="bbox 470 5589 2048 5670">
    <p class='ocr_par' dir='ltr' id='par_1_104' title="bbox 470 5589 2048 5670">
     <span class='ocr_line' id='line_1_104' title="bbox 470 5589 2048 5670; baseline -0.004 -16"><span class='ocrx_word' id='word_1_857' title='bbox 470 5589 756 5670; x_wconf 74' lang='lat' dir='ltr'><strong>Perspicita</strong></span> <span class='ocrx_word' id='word_1_858' title='bbox 787 5609 910 5655; x_wconf 72' lang='lat' dir='ltr'><strong>sunt</strong></span> <span class='ocrx_word' id='word_1_859' title='bbox 945 5616 1062 5668; x_wconf 74' lang='lat' dir='ltr'><strong>qure</strong></span> <span class='ocrx_word' id='word_1_860' title='bbox 1093 5599 1348 5654; x_wconf 87' lang='lat' dir='ltr'><strong>dicuntur</strong></span> <span class='ocrx_word' id='word_1_861' title='bbox 1385 5608 1440 5652; x_wconf 86' lang='lat' dir='ltr'><strong>et</strong></span> <span class='ocrx_word' id='word_1_862' title='bbox 1463 5599 1638 5652; x_wconf 90' lang='lat' dir='ltr'><strong>omnis</strong></span> <span class='ocrx_word' id='word_1_863' title='bbox 1679 5612 1870 5651; x_wconf 85' lang='lat' dir='ltr'><strong>sensus</strong></span> <span class='ocrx_word' id='word_1_864' title='bbox 1898 5610 2048 5648; x_wconf 85' lang='lat' dir='ltr'><strong>iuon-</strong></span> 
     </span>
    </p>
   </div>
   <div class='ocr_carea' id='block_1_105' title="bbox 465 5689 2050 5762">
    <p class='ocr_par' dir='ltr' id='par_1_105' title="bbox 465 5689 2050 5762">
     <span class='ocr_line' id='line_1_105' title="bbox 465 5689 2050 5762; baseline -0.005 -14"><span class='ocrx_word' id='word_1_865' title='bbox 465 5695 596 5748; x_wconf 83' lang='lat' dir='ltr'><strong>tium</strong></span> <span class='ocrx_word' id='word_1_866' title='bbox 619 5693 804 5756; x_wconf 78' lang='lat' dir='ltr'><strong>Israel,</strong></span> <span class='ocrx_word' id='word_1_867' title='bbox 845 5693 937 5762; x_wconf 90' lang='lat' dir='ltr'><strong>qui</strong></span> <span class='ocrx_word' id='word_1_868' title='bbox 966 5693 1114 5761; x_wconf 85' lang='lat' dir='ltr'><strong>prius</strong></span> <span class='ocrx_word' id='word_1_869' title='bbox 1144 5690 1345 5745; x_wconf 85' lang='lat' dir='ltr'><strong>deserti</strong></span> <span class='ocrx_word' id='word_1_870' title='bbox 1375 5689 1610 5752; x_wconf 87' lang='lat' dir='ltr'><strong>fuerant,</strong></span> <span class='ocrx_word' id='word_1_871' title='bbox 1654 5698 1708 5742; x_wconf 90' lang='lat' dir='ltr'><strong>ct</strong></span> <span class='ocrx_word' id='word_1_872' title='bbox 1737 5698 1922 5757; x_wconf 83' lang='lat' dir='ltr'><strong>postea</strong></span> <span class='ocrx_word' id='word_1_873' title='bbox 1967 5704 2050 5741; x_wconf 87' lang='lat' dir='ltr'><strong>re-</strong></span> 
     </span>
    </p>
   </div>
   <div class='ocr_carea' id='block_1_106' title="bbox 465 5782 2043 5853">
    <p class='ocr_par' dir='ltr' id='par_1_106' title="bbox 465 5782 2043 5853">
     <span class='ocr_line' id='line_1_106' title="bbox 465 5782 2043 5853; baseline -0.004 -11"><span class='ocrx_word' id='word_1_874' title='bbox 465 5786 657 5847; x_wconf 76' lang='lat' dir='ltr'><strong>stituti.</strong></span> <span class='ocrx_word' id='word_1_875' title='bbox 706 5801 847 5840; x_wconf 88' lang='lat' dir='ltr'><strong>nunc</strong></span> <span class='ocrx_word' id='word_1_876' title='bbox 880 5784 1218 5839; x_wconf 80' lang='lat' dir='ltr'><strong>manifestius</strong></span> <span class='ocrx_word' id='word_1_877' title='bbox 1259 5783 1506 5853; x_wconf 77' lang='lat' dir='ltr'><strong>ponitur;</strong></span> <span class='ocrx_word' id='word_1_878' title='bbox 1536 5782 1818 5849; x_wconf 64' lang='lat' dir='ltr'><strong>I‘t.’iltlllt&#39;[‘.l0</strong></span> <span class='ocrx_word' id='word_1_879' title='bbox 1847 5796 2043 5836; x_wconf 77' lang='lat' dir='ltr'><strong>causis</strong></span> 
     </span>
    </p>
   </div>
   <div class='ocr_carea' id='block_1_107' title="bbox 2155 4575 3750 4645">
    <p class='ocr_par' dir='ltr' id='par_1_107' title="bbox 2155 4575 3750 4645">
     <span class='ocr_line' id='line_1_107' title="bbox 2155 4575 3750 4645; baseline -0.009 -1"><span class='ocrx_word' id='word_1_880' title='bbox 2155 4598 2211 4645; x_wconf 85' lang='lat' dir='ltr'><strong>el.</strong></span> <span class='ocrx_word' id='word_1_881' title='bbox 2252 4587 2568 4642; x_wconf 85' lang='lat' dir='ltr'><strong>mundarem</strong></span> <span class='ocrx_word' id='word_1_882' title='bbox 2608 4600 2702 4639; x_wconf 83' lang='lat' dir='ltr'><strong>eos</strong></span> <span class='ocrx_word' id='word_1_883' title='bbox 2741 4583 2810 4638; x_wconf 83' lang='lat' dir='ltr'><strong>ab</strong></span> <span class='ocrx_word' id='word_1_884' title='bbox 2858 4579 3351 4636; x_wconf 81' lang='lat' dir='ltr'><strong>abominatiOnihus</strong></span> <span class='ocrx_word' id='word_1_885' title='bbox 3400 4577 3533 4640; x_wconf 83' lang='lat' dir='ltr'><strong>suis,</strong></span> <span class='ocrx_word' id='word_1_886' title='bbox 3577 4582 3631 4627; x_wconf 85' lang='lat' dir='ltr'><strong>et</strong></span> <span class='ocrx_word' id='word_1_887' title='bbox 3683 4575 3750 4629; x_wconf 81' lang='lat' dir='ltr'><strong>ab</strong></span> 
     </span>
    </p>
   </div>
   <div class='ocr_carea' id='block_1_108' title="bbox 2155 4665 3750 4742">
    <p class='ocr_par' dir='ltr' id='par_1_108' title="bbox 2155 4665 3750 4742">
     <span class='ocr_line' id='line_1_108' title="bbox 2155 4665 3750 4742; baseline -0.01 -8"><span class='ocrx_word' id='word_1_888' title='bbox 2155 4680 2421 4734; x_wconf 87' lang='lat' dir='ltr'><strong>universis</strong></span> <span class='ocrx_word' id='word_1_889' title='bbox 2468 4676 2748 4731; x_wconf 91' lang='lat' dir='ltr'><strong>erroribus</strong></span> <span class='ocrx_word' id='word_1_890' title='bbox 2778 4672 2974 4742; x_wconf 88' lang='lat' dir='ltr'><strong>quibus</strong></span> <span class='ocrx_word' id='word_1_891' title='bbox 3005 4671 3218 4725; x_wconf 75' lang='lat' dir='ltr'><strong>fixerant</strong></span> <span class='ocrx_word' id='word_1_892' title='bbox 3252 4669 3500 4736; x_wconf 85' lang='lat' dir='ltr'><strong>occupati</strong></span> <span class='ocrx_word' id='word_1_893' title='bbox 3528 4685 3542 4720; x_wconf 90' lang='lat'>:</span> <span class='ocrx_word' id='word_1_894' title='bbox 3573 4675 3626 4720; x_wconf 91' lang='lat' dir='ltr'><strong>ct</strong></span> <span class='ocrx_word' id='word_1_895' title='bbox 3654 4665 3750 4719; x_wconf 86' lang='lat' dir='ltr'><strong>da-</strong></span> 
     </span>
    </p>
   </div>
   <div class='ocr_carea' id='block_1_109' title="bbox 2158 4755 3750 4830">
    <p class='ocr_par' dir='ltr' id='par_1_109' title="bbox 2158 4755 3750 4830">
     <span class='ocr_line' id='line_1_109' title="bbox 2158 4755 3750 4830; baseline -0.011 -6"><span class='ocrx_word' id='word_1_896' title='bbox 2158 4785 2268 4824; x_wconf 88' lang='lat' dir='ltr'><strong>rem</strong></span> <span class='ocrx_word' id='word_1_897' title='bbox 2296 4769 2373 4824; x_wconf 86' lang='lat' dir='ltr'><strong>eis</strong></span> <span class='ocrx_word' id='word_1_898' title='bbox 2398 4782 2494 4822; x_wconf 90' lang='lat' dir='ltr'><strong>cor</strong></span> <span class='ocrx_word' id='word_1_899' title='bbox 2527 4778 2747 4830; x_wconf 87' lang='lat' dir='ltr'><strong>novum,</strong></span> <span class='ocrx_word' id='word_1_900' title='bbox 2773 4772 2849 4818; x_wconf 89' lang='lat' dir='ltr'><strong>nt-</strong></span> <span class='ocrx_word' id='word_1_901' title='bbox 2879 4761 3167 4816; x_wconf 85' lang='lat' dir='ltr'><strong>crederent</strong></span> <span class='ocrx_word' id='word_1_902' title='bbox 3209 4759 3263 4814; x_wconf 90' lang='lat' dir='ltr'><strong>in</strong></span> <span class='ocrx_word' id='word_1_903' title='bbox 3298 4757 3495 4812; x_wconf 88' lang='lat' dir='ltr'><strong>Filimn</strong></span> <span class='ocrx_word' id='word_1_904' title='bbox 3538 4755 3650 4820; x_wconf 88' lang='lat' dir='ltr'><strong>Dei,</strong></span> <span class='ocrx_word' id='word_1_905' title='bbox 3695 4767 3750 4809; x_wconf 81' lang='lat' dir='ltr'><strong>et</strong></span> 
     </span>
    </p>
   </div>
   <div class='ocr_carea' id='block_1_110' title="bbox 2154 4851 3750 4933">
    <p class='ocr_par' dir='ltr' id='par_1_110' title="bbox 2154 4851 3750 4933">
     <span class='ocr_line' id='line_1_110' title="bbox 2154 4851 3750 4933; baseline -0.009 -15"><span class='ocrx_word' id='word_1_906' title='bbox 2154 4863 2402 4933; x_wconf 78' lang='lat' dir='ltr'><strong>Spiritum</strong></span> <span class='ocrx_word' id='word_1_907' title='bbox 2441 4875 2656 4923; x_wconf 88' lang='lat' dir='ltr'><strong>novum,</strong></span> <span class='ocrx_word' id='word_1_908' title='bbox 2691 4859 2758 4912; x_wconf 89' lang='lat' dir='ltr'><strong>de</strong></span> <span class='ocrx_word' id='word_1_909' title='bbox 2790 4856 2987 4927; x_wconf 85' lang='lat' dir='ltr'><strong>quibus</strong></span> <span class='ocrx_word' id='word_1_910' title='bbox 3036 4853 3202 4908; x_wconf 81' lang='lat' dir='ltr'><strong>David</strong></span> <span class='ocrx_word' id='word_1_911' title='bbox 3248 4851 3491 4922; x_wconf 90' lang='lat' dir='ltr'><strong>loquitur</strong></span> <span class='ocrx_word' id='word_1_912' title='bbox 3523 4869 3534 4904; x_wconf 87' lang='lat'><strong>:</strong></span> <span class='ocrx_word' id='word_1_913' title='bbox 3575 4869 3591 4900; x_wconf 78' lang='grc' dir='ltr'><strong><em>ι</em></strong></span> <span class='ocrx_word' id='word_1_914' title='bbox 3640 4852 3750 4905; x_wconf 80' lang='lat' dir='ltr'><strong>Cor</strong></span> 
     </span>
    </p>
   </div>
   <div class='ocr_carea' id='block_1_111' title="bbox 2158 4941 3742 5014">
    <p class='ocr_par' dir='ltr' id='par_1_111' title="bbox 2158 4941 3742 5014">
     <span class='ocr_line' id='line_1_111' title="bbox 2158 4941 3742 5014; baseline -0.011 -5"><span class='ocrx_word' id='word_1_915' title='bbox 2158 4953 2414 5010; x_wconf 88' lang='lat' dir='ltr'><strong>mundum</strong></span> <span class='ocrx_word' id='word_1_916' title='bbox 2447 4966 2570 5006; x_wconf 88' lang='lat' dir='ltr'><strong>crea</strong></span> <span class='ocrx_word' id='word_1_917' title='bbox 2602 4950 2656 5003; x_wconf 82' lang='lat' dir='ltr'><strong>in</strong></span> <span class='ocrx_word' id='word_1_918' title='bbox 2693 4964 2796 5012; x_wconf 92' lang='lat' dir='ltr'><strong>me,</strong></span> <span class='ocrx_word' id='word_1_919' title='bbox 2834 4948 2994 5010; x_wconf 92' lang='lat' dir='ltr'><strong>Deus,</strong></span> <span class='ocrx_word' id='word_1_920' title='bbox 3023 4951 3078 4999; x_wconf 91' lang='lat' dir='ltr'><strong>et</strong></span> <span class='ocrx_word' id='word_1_921' title='bbox 3114 4944 3364 5014; x_wconf 89' lang='lat' dir='ltr'><strong>spiritum</strong></span> <span class='ocrx_word' id='word_1_922' title='bbox 3414 4950 3617 4994; x_wconf 84' lang='lat' dir='ltr'><strong>rectum</strong></span> <span class='ocrx_word' id='word_1_923' title='bbox 3659 4941 3742 4994; x_wconf 83' lang='lat' dir='ltr'><strong>in-</strong></span> 
     </span>
    </p>
   </div>
   <div class='ocr_carea' id='block_1_112' title="bbox 2158 5030 3742 5105">
    <p class='ocr_par' dir='ltr' id='par_1_112' title="bbox 2158 5030 3742 5105">
     <span class='ocr_line' id='line_1_112' title="bbox 2158 5030 3742 5105; baseline -0.011 -6"><span class='ocrx_word' id='word_1_924' title='bbox 2158 5061 2294 5099; x_wconf 83' lang='lat' dir='ltr'><strong>nova</strong></span> <span class='ocrx_word' id='word_1_925' title='bbox 2328 5045 2378 5096; x_wconf 92' lang='lat' dir='ltr'><strong>in</strong></span> <span class='ocrx_word' id='word_1_926' title='bbox 2408 5038 2707 5096; x_wconf 89' lang='lat' dir='ltr'><strong>visceribus</strong></span> <span class='ocrx_word' id='word_1_927' title='bbox 2746 5037 2882 5092; x_wconf 90' lang='lat' dir='ltr'><strong>meis</strong></span> <span class='ocrx_word' id='word_1_928' title='bbox 2912 5034 3085 5105; x_wconf 81' lang='lat' dir='ltr'><strong>(Psal.</strong></span> <span class='ocrx_word' id='word_1_929' title='bbox 3128 5033 3201 5104; x_wconf 79' lang='grc' dir='ltr'><strong>ι,)-.</strong></span> <span class='ocrx_word' id='word_1_930' title='bbox 3239 5051 3256 5084; x_wconf 85' lang='grc'>›</span> <span class='ocrx_word' id='word_1_931' title='bbox 3294 5031 3362 5084; x_wconf 84' lang='lat' dir='ltr'><strong>Et</strong></span> <span class='ocrx_word' id='word_1_932' title='bbox 3399 5030 3742 5084; x_wconf 80' lang='lat' dir='ltr'><strong>consideran-</strong></span> 
     </span>
    </p>
   </div>
   <div class='ocr_carea' id='block_1_113' title="bbox 2157 5121 3740 5206">
    <p class='ocr_par' dir='ltr' id='par_1_113' title="bbox 2157 5121 3740 5206">
     <span class='ocr_line' id='line_1_113' title="bbox 2157 5121 3740 5206; baseline -0.015 -12"><span class='ocrx_word' id='word_1_933' title='bbox 2157 5143 2281 5194; x_wconf 90' lang='lat' dir='ltr'><strong>dum</strong></span> <span class='ocrx_word' id='word_1_934' title='bbox 2337 5136 2478 5206; x_wconf 86' lang='lat' dir='ltr'><strong>quod</strong></span> <span class='ocrx_word' id='word_1_935' title='bbox 2521 5149 2615 5188; x_wconf 89' lang='lat' dir='ltr'><strong>eor</strong></span> <span class='ocrx_word' id='word_1_936' title='bbox 2665 5145 2862 5185; x_wconf 89' lang='lat' dir='ltr'><strong>novum</strong></span> <span class='ocrx_word' id='word_1_937' title='bbox 2901 5136 2952 5179; x_wconf 88' lang='lat' dir='ltr'><strong>et</strong></span> <span class='ocrx_word' id='word_1_938' title='bbox 2990 5125 3212 5195; x_wconf 88' lang='lat' dir='ltr'><strong>spiritus</strong></span> <span class='ocrx_word' id='word_1_939' title='bbox 3247 5136 3426 5182; x_wconf 79' lang='lat' dir='ltr'><strong>novus</strong></span> <span class='ocrx_word' id='word_1_940' title='bbox 3455 5121 3609 5174; x_wconf 86' lang='lat' dir='ltr'><strong>detur</strong></span> <span class='ocrx_word' id='word_1_941' title='bbox 3646 5135 3740 5187; x_wconf 83' lang='lat' dir='ltr'><strong>per</strong></span> 
     </span>
    </p>
   </div>
   <div class='ocr_carea' id='block_1_114' title="bbox 2155 5212 3740 5289">
    <p class='ocr_par' dir='ltr' id='par_1_114' title="bbox 2155 5212 3740 5289">
     <span class='ocr_line' id='line_1_114' title="bbox 2155 5212 3740 5289; baseline -0.016 -3"><span class='ocrx_word' id='word_1_942' title='bbox 2155 5230 2470 5286; x_wconf 74' lang='lat' dir='ltr'><strong>effusionem</strong></span> <span class='ocrx_word' id='word_1_943' title='bbox 2502 5227 2555 5278; x_wconf 85' lang='lat' dir='ltr'><strong>et</strong></span> <span class='ocrx_word' id='word_1_944' title='bbox 2587 5219 2952 5289; x_wconf 85' lang='lat' dir='ltr'><strong>aspersionem</strong></span> <span class='ocrx_word' id='word_1_945' title='bbox 2979 5229 3151 5283; x_wconf 64' lang='lat' dir='ltr'><strong>aquae.</strong></span> <span class='ocrx_word' id='word_1_946' title='bbox 3186 5212 3416 5278; x_wconf 82' lang='lat' dir='ltr'><strong>Quando</strong></span> <span class='ocrx_word' id='word_1_947' title='bbox 3444 5219 3619 5262; x_wconf 90' lang='lat' dir='ltr'><strong>autem</strong></span> <span class='ocrx_word' id='word_1_948' title='bbox 3648 5223 3740 5261; x_wconf 87' lang='lat' dir='ltr'><strong>cor</strong></span> 
     </span>
    </p>
   </div>
   <div class='ocr_carea' id='block_1_115' title="bbox 2158 5297 3738 5376">
    <p class='ocr_par' dir='ltr' id='par_1_115' title="bbox 2158 5297 3738 5376">
     <span class='ocr_line' id='line_1_115' title="bbox 2158 5297 3738 5376; baseline -0.016 -1"><span class='ocrx_word' id='word_1_949' title='bbox 2158 5334 2354 5375; x_wconf 82' lang='lat' dir='ltr'><strong>novum</strong></span> <span class='ocrx_word' id='word_1_950' title='bbox 2377 5319 2558 5370; x_wconf 85' lang='lat' dir='ltr'><strong>datum</strong></span> <span class='ocrx_word' id='word_1_951' title='bbox 2587 5311 2751 5366; x_wconf 86' lang='lat' dir='ltr'><strong>fuerit</strong></span> <span class='ocrx_word' id='word_1_952' title='bbox 2777 5317 2830 5362; x_wconf 91' lang='lat' dir='ltr'><strong>et</strong></span> <span class='ocrx_word' id='word_1_953' title='bbox 2853 5307 3076 5376; x_wconf 85' lang='lat' dir='ltr'><strong>spiritus</strong></span> <span class='ocrx_word' id='word_1_954' title='bbox 3103 5319 3294 5362; x_wconf 87' lang='lat' dir='ltr'><strong>novus,</strong></span> <span class='ocrx_word' id='word_1_955' title='bbox 3320 5313 3449 5355; x_wconf 91' lang='lat' dir='ltr'><strong>tunc</strong></span> <span class='ocrx_word' id='word_1_956' title='bbox 3471 5297 3738 5352; x_wconf 80' lang='lat' dir='ltr'><strong>auferetur</strong></span> 
     </span>
    </p>
   </div>
   <div class='ocr_carea' id='block_1_116' title="bbox 2153 5390 3735 5465">
    <p class='ocr_par' dir='ltr' id='par_1_116' title="bbox 2153 5390 3735 5465">
     <span class='ocr_line' id='line_1_116' title="bbox 2153 5390 3735 5465; baseline -0.015 -3"><span class='ocrx_word' id='word_1_957' title='bbox 2153 5413 2221 5465; x_wconf 89' lang='lat' dir='ltr'><strong>de</strong></span> <span class='ocrx_word' id='word_1_958' title='bbox 2252 5409 2414 5464; x_wconf 89' lang='lat' dir='ltr'><strong>corde</strong></span> <span class='ocrx_word' id='word_1_959' title='bbox 2449 5403 2673 5459; x_wconf 84' lang='lat' dir='ltr'><strong>Judaico</strong></span> <span class='ocrx_word' id='word_1_960' title='bbox 2703 5400 2879 5454; x_wconf 89' lang='lat' dir='ltr'><strong>oumis</strong></span> <span class='ocrx_word' id='word_1_961' title='bbox 2910 5395 3130 5457; x_wconf 88' lang='lat' dir='ltr'><strong>duritia,</strong></span> <span class='ocrx_word' id='word_1_962' title='bbox 3165 5406 3284 5460; x_wconf 70' lang='lat' dir='ltr'><strong>qtae</strong></span> <span class='ocrx_word' id='word_1_963' title='bbox 3323 5390 3485 5461; x_wconf 88' lang='lat' dir='ltr'><strong>lapidi</strong></span> <span class='ocrx_word' id='word_1_964' title='bbox 3521 5402 3735 5456; x_wconf 80' lang='lat' dir='ltr'><strong>compa-</strong></span> 
     </span>
    </p>
   </div>
   <div class='ocr_carea' id='block_1_117' title="bbox 2155 5479 3740 5570">
    <p class='ocr_par' dir='ltr' id='par_1_117' title="bbox 2155 5479 3740 5570">
     <span class='ocr_line' id='line_1_117' title="bbox 2155 5479 3740 5570; baseline -0.015 -13"><span class='ocrx_word' id='word_1_965' title='bbox 2155 5513 2305 5557; x_wconf 88' lang='lat' dir='ltr'><strong>ratur</strong></span> <span class='ocrx_word' id='word_1_966' title='bbox 2333 5520 2344 5554; x_wconf 93' lang='lat'><strong>:</strong></span> <span class='ocrx_word' id='word_1_967' title='bbox 2370 5509 2425 5555; x_wconf 86' lang='lat' dir='ltr'><strong>et</strong></span> <span class='ocrx_word' id='word_1_968' title='bbox 2461 5513 2557 5569; x_wconf 87' lang='lat' dir='ltr'><strong>pro</strong></span> <span class='ocrx_word' id='word_1_969' title='bbox 2590 5496 2798 5564; x_wconf 81' lang='lat' dir='ltr'><strong>lapi.lc0</strong></span> <span class='ocrx_word' id='word_1_970' title='bbox 2845 5492 3006 5545; x_wconf 90' lang='lat' dir='ltr'><strong>corde</strong></span> <span class='ocrx_word' id='word_1_971' title='bbox 3048 5489 3106 5542; x_wconf 89' lang='lat' dir='ltr'><strong>fit</strong></span> <span class='ocrx_word' id='word_1_972' title='bbox 3147 5502 3241 5570; x_wconf 69' lang='lat' dir='ltr'><strong>cor</strong></span> <span class='ocrx_word' id='word_1_973' title='bbox 3283 5499 3538 5538; x_wconf 87' lang='lat' dir='ltr'><strong>carnemu</strong></span> <span class='ocrx_word' id='word_1_974' title='bbox 3584 5479 3740 5534; x_wconf 81' lang='lat' dir='ltr'><strong>molie</strong></span> 
     </span>
    </p>
   </div>
   <div class='ocr_carea' id='block_1_118' title="bbox 2153 5573 3740 5659">
    <p class='ocr_par' dir='ltr' id='par_1_118' title="bbox 2153 5573 3740 5659">
     <span class='ocr_line' id='line_1_118' title="bbox 2153 5573 3740 5659; baseline -0.016 -8"><span class='ocrx_word' id='word_1_975' title='bbox 2153 5606 2209 5651; x_wconf 89' lang='lat' dir='ltr'><strong>ct</strong></span> <span class='ocrx_word' id='word_1_976' title='bbox 2235 5605 2504 5655; x_wconf 89' lang='lat' dir='ltr'><strong>tenerum,</strong></span> <span class='ocrx_word' id='word_1_977' title='bbox 2535 5588 2676 5659; x_wconf 87' lang='lat' dir='ltr'><strong>quod</strong></span> <span class='ocrx_word' id='word_1_978' title='bbox 2705 5586 2953 5655; x_wconf 75' lang='lat' dir='ltr'><strong>Spiritum</strong></span> <span class='ocrx_word' id='word_1_979' title='bbox 2984 5582 3077 5636; x_wconf 90' lang='lat' dir='ltr'><strong>Dei</strong></span> <span class='ocrx_word' id='word_1_980' title='bbox 3111 5581 3163 5634; x_wconf 89' lang='lat' dir='ltr'><strong>in</strong></span> <span class='ocrx_word' id='word_1_981' title='bbox 3194 5595 3252 5633; x_wconf 84' lang='lat' dir='ltr'><strong>se</strong></span> <span class='ocrx_word' id='word_1_982' title='bbox 3283 5576 3454 5647; x_wconf 86' lang='lat' dir='ltr'><strong>possit</strong></span> <span class='ocrx_word' id='word_1_983' title='bbox 3480 5573 3740 5641; x_wconf 71' lang='lat' dir='ltr'><strong>recipere,</strong></span> 
     </span>
    </p>
   </div>
   <div class='ocr_carea' id='block_1_119' title="bbox 2156 5662 3740 5742">
    <p class='ocr_par' dir='ltr' id='par_1_119' title="bbox 2156 5662 3740 5742">
     <span class='ocr_line' id='line_1_119' title="bbox 2156 5662 3740 5742; baseline -0.018 -1"><span class='ocrx_word' id='word_1_984' title='bbox 2156 5696 2208 5741; x_wconf 86' lang='lat' dir='ltr'><strong>et</strong></span> <span class='ocrx_word' id='word_1_985' title='bbox 2236 5662 2676 5740; x_wconf 26' lang='lat' dir='ltr'><strong>inscribi&#39;litleris</strong></span> <span class='ocrx_word' id='word_1_986' title='bbox 2705 5674 3053 5734; x_wconf 87' lang='lat' dir='ltr'><strong>salutaribus.</strong></span> <span class='ocrx_word' id='word_1_987' title='bbox 3084 5669 3287 5742; x_wconf 63' lang='lat'><strong>((22‘09.)</strong></span> <span class='ocrx_word' id='word_1_988' title='bbox 3314 5666 3422 5720; x_wconf 82' lang='lat' dir='ltr'><strong>Cor</strong></span> <span class='ocrx_word' id='word_1_989' title='bbox 3442 5664 3636 5737; x_wconf 84' lang='lat' dir='ltr'><strong>quippe</strong></span> <span class='ocrx_word' id='word_1_990' title='bbox 3667 5664 3740 5714; x_wconf 87' lang='lat' dir='ltr'><strong>la-</strong></span> 
     </span>
    </p>
   </div>
   <div class='ocr_carea' id='block_1_120' title="bbox 2155 5751 3744 5849">
    <p class='ocr_par' dir='ltr' id='par_1_120' title="bbox 2155 5751 3744 5849">
     <span class='ocr_line' id='line_1_120' title="bbox 2155 5751 3744 5849; baseline -0.017 -16"><span class='ocrx_word' id='word_1_991' title='bbox 2155 5778 2373 5849; x_wconf 56' lang='lat' dir='ltr'><strong>pideum</strong></span> <span class='ocrx_word' id='word_1_992' title='bbox 2419 5773 2575 5829; x_wconf 84' lang='lat' dir='ltr'><strong>tollit.</strong></span> <span class='ocrx_word' id='word_1_993' title='bbox 2612 5788 2731 5825; x_wconf 63' lang='lat' dir='ltr'><strong>eum</strong></span> <span class='ocrx_word' id='word_1_994' title='bbox 2762 5785 2790 5811; x_wconf 59' lang='grc' dir='ltr'><em>α</em></span> <span class='ocrx_word' id='word_1_995' title='bbox 2821 5767 2984 5824; x_wconf 62' lang='lat' dir='ltr'><strong>Jlsubis</strong></span> <span class='ocrx_word' id='word_1_996' title='bbox 3027 5760 3291 5834; x_wconf 53' lang='lat' dir='ltr'><strong>superbae</strong></span> <span class='ocrx_word' id='word_1_997' title='bbox 3330 5755 3582 5813; x_wconf 82' lang='lat' dir='ltr'><strong>duritiam</strong></span> <span class='ocrx_word' id='word_1_998' title='bbox 3620 5751 3744 5807; x_wconf 72' lang='lat' dir='ltr'><strong>sui)-</strong></span> 
     </span>
    </p>
   </div>
  </div>
