3936 6354
201 364 304 428 857

1119 375 1469 432 ΕΟΜΜΕΝΤ.
1510 377 1582 432 ῘΝ
1619 378 2071 435 EZEGIIIELEM.
2107 409 2175 420 -ο
2215 381 2339 437 LIB.
2384 382 2518 440 XIII.

3370 394 3484 450 b58'

197 497 398 562 lrab‘it‘,
438 505 618 552 et'cor
653 497 1148 562 cathetin‘rti'ibuit,
1177 515 1298 554 cum
1336 499 1578 554 eamdem
1609 498 1778 570 proti-
1809 502 1854 561 Α
1887 499 1939 572 (Ι
1963 499 2085 554 Cor.
2117 500 2194 569 v),
2225 502 2439 572 quando
2469 517 2656 573 azyma
2693 505 3024 560 sinceritatis
3051 515 3103 562 et
3133 509 3391 568 veritatis,
3422 521 3475 563 et

196 603 300 643 nus
317 596 564 642 nostram
590 586 844 641 duritiam
879 589 945 642 ad
982 589 1394 644 sensibilitatem
1422 591 1600 644 vertit.
1632 588 1786 660 (Ilie-

196 678 338 750 ron.)
361 677 511 732 Tunc
534 677 882 732 ambulabunt
901 679 951 733 in
975 681 1257 751 praeceptis
1285 681 1516 744 Domini,
1533 689 1786 734 etc-usto-

193 769 346 824 dient
371 769 576 841 judicia
623 767 762 836 ejus,
793 777 847 825 et
875 771 1195 846 babitabunt
1236 774 1288 828 in
1317 782 1461 828 terra
1491 772 1786 828 confessio-

193 857 300 922 nis,
329 874 489 928 quam
535 857 759 913 dederat
799 861 1047 929 patribus
1080 877 1268 916 eorum
1306 863 1597 927 Abraham,
1637 863 1787 918 Isaac

190 951 465 1017 ct'Jacob,
498 959 553 1006 et
578 952 786 1007 cunctis
810 955 1012 1009 sanctis
1039 970 1102 1009 ac
1130 954 1428 1024 prophetis,
1462 964 1515 1008 et
1544 963 1701 1010 erunt
1731 955 1786 1008 in

191 1044 449 1114 populum
499 1042 620 1108 Dei,
651 1052 705 1099 et
737 1042 994 1101 Dominus
1026 1046 1130 1101 erit
1173 1047 1251 1101 eis
1302 1046 1360 1099 in
1409 1045 1786 1116 Deum,.quo‘d

191 1138 449 1204 praesenti
480 1149 722 1208 tempore
749 1138 1149 1207 comprobatur.
1188 1137 1432 1206 Cumque
1458 1137 1646 1191 salvati
1677 1136 1786 1192 fue-

193 1227 324 1292 rint,
377 1229 592 1283 vocabit
634 1228 892 1282 Dominus
946 1227 1274 1282 frumentum
1317 1236 1371 1282 et
1413 1227 1789 1296 multiplicabit

190 1316 362 1372 illud:
398 1337 416 1370 t
448 1317 560 1373 Nisi
605 1318 748 1372 enim
778 1333 1002 1389 granum
1047 1318 1208 1372 tritici
1251 1319 1454 1373 cadens
1495 1319 1546 1372 in
1587 1327 1784 1372 terrain

188 1417 464 1462 mortuum
494 1408 673 1471 fuerit,
707 1410 878 1477 ipsum
908 1409 1080 1463 solum
1122 1418 1304 1464 manet
1349 1408 1529 1481 (.Ioan.
1561 1409 1679 1480 xu).
1721 1410 1787 1462 Et

188 1510 528 1568 nequaquam
560 1501 832 1570 patientur
860 1498 1076 1564 famem,
1115 1518 1132 1550 (
1169 1510 1273 1553 non
1300 1499 1496 1554 famem
1523 1501 1699 1570 panis,
1734 1508 1785 1554 et

187 1589 337 1643 sitim
396 1606 590 1660 aquze,
650 1590 741 1644 sed
791 1589 991 1644 famem
1050 1589 1302 1645 audiendi
1351 1605 1628 1644 sermones
1690 1591 1781 1645 Dei

187 1681 392 1743 (Amos.
443 1681 581 1752 vui),
607 1697 769 1750 quam
808 1696 1001 1750 passus
1043 1689 1127 1735 est
1163 1680 1250 1733 ille
1271 1681 1362 1748 qui
1404 1697 1431 1733 a
1468 1691 1618 1752 patre
1663 1697 1786 1750 pro-

186 1769 388 1835 fectus,
418 1786 634 1826 onmem
677 1786 837 1840 quam
865 1778 1144 1838 acceperat
1174 1770 1527 1824 substantiam
1559 1749 1786 1839 dissipa-

1888 587 2011 657 agni
2059 590 2312 643 carnibus
2361 590 2644 656 vescimur,
2698 601 2752 646 et
2795 609 2986 649 cruore
3032 605 3300 664 putamur,
3338 601 3473 651 etin

1888 688 2090 748 septem
2130 680 2552 735 hebdomadibus
2592 683 2730 736 etin
2775 683 3140 740 tabernaculis
3177 686 3334 754 hujus
3379 705 3474 742 sze-

1886 770 1991 824 culi
2014 772 2224 826 Domini
2254 771 2388 826 festa
2421 773 2780 838 celebramus,
2817 786 2874 829 ut
2913 777 3160 832 civitates
3203 780 3473 846 quondam

1886 860 2114 915 deserta:
2154 862 2325 931 plenre
2354 862 2484 916 fiant
2517 865 2771 934 gregibus
2820 867 3094 920 hominum
3133 885 3145 920 :
3183 877 3236 922 et
3267 870 3365 922 hac
3401 886 3476 922 ra-

1890 950 2033 1005 tione
2059 962 2390 1022 cognoscant
2428 956 2554 1023 quia
2605 955 2718 1023 ipse
2748 956 2817 1010 sit
2848 957 3123 1021 Dominus,
3157 959 3260 1026 qui,
3284 969 3474 1012 cuncta

1885 1042 2217 1108 praestiterit.
2251 1042 2372 1097 lkec
2393 1042 2549 1111 juxta
2576 1045 2828 1100 historia!
2848 1047 3148 1111 veritatem,
3193 1048 3300 1101 imo
3327 1057 3474 1115 Juxta

1885 1131 2182 1200 prophetia:
2215 1131 2394 1198 fidem,
2442 1137 2709 1204 quomodo
2757 1137 2984 1206 populus
3025 1138 3189 1193 Israel
3226 1140 3474 1194 restituat

1887 1222 1940 1276 in
1982 1222 2248 1294 integrum
2286 1234 2509 1288 statum,
2560 1236 2612 1282 et
2652 1229 2890 1298 reliquite
2931 1229 3112 1300 pepuli
3147 1228 3475 1294 Judmorum,

1885 1316 2128 1386 apostolo
2152 1316 2320 1373 Paulo
2349 1319 2600 1385 docente,
2628 1321 2786 1376 salvae
2816 1323 2923 1376 sint
2951 1323 3002 1375 in
3035 1321 3312 1390 apostolis,
3341 1330 3394 1374 et
3424 1323 3476 1375 in

1885 1410 2134 1465 omnibus
2164 1411 2254 1480 qui
2286 1428 2351 1465 ex
2399 1410 2597 1468 Judazis
2637 1414 2688 1466 in
2724 1415 2984 1483 principio
3020 1414 3388 1478 crediderunt,
3421 1422 3475 1467 et

1884 1516 2055 1579 usque
2087 1503 2244 1558 hodie
2283 1503 2507 1558 redeunt
2540 1505 2604 1558 ad
2645 1504 2964 1568 Ecclesium,
3009 1505 3248 1558 breviter
3276 1504 3478 1558 dixisse

1885 1590 2113 1647 sufficiat
2146 1611 2156 1645 :
2192 1609 2334 1647 nunc
2364 1594 2674 1664 tmpologire
2705 1595 2894 1649 eadem
2933 1594 3476 1662 brevitatexapcrieu-

1886 1682 1985 1737 dus
2030 1694 2114 1737 est
2162 1699 2372 1739 sensus.
2421 1685 2739 1755 Quicunque
2765 1687 2830 1740 de
2859 1685 3020 1739 domo
3069 1694 3151 1740 est
3194 1684 3381 1748 Israel,
3421 1694 3478 1738 et

1885 1775 2059 1829 cernit
2084 1791 2266 1842 pacem
2296 1775 2514 1836 Christi,
2534 1793 2651 1845 quz‘e
2676 1784 2964 1846 exsuperat
2984 1790 3197 1830 onmem
3230 1790 3472 1840 sensum,

186 1861 288 1926 vit,
347 1863 582 1931 quando,
633 1861 790 1917 famis
836 1861 1159 1916 necessitate
1203 1870 1447 1932 cogente,
1492 1877 1776 1929 porcorum
1813 1856 1853 1912 Il
1886 1866 2089 1919 habitat
2128 1868 2178 1920 in
2219 1874 2360 1921 terra
2404 1882 2522 1930 sua,
2548 1867 2649 1921 hoc
2675 1875 2777 1930 est,
2805 1868 3068 1931 Ecclesia,
3096 1867 3176 1922 vel
3209 1867 3262 1920 in
3293 1869 3474 1922 carnis

184 1961 383 2023 pastus
415 1960 501 2007 est
547 1948 757 2022 siliquis
801 1951 950 2024 (Luc.
1000 1950 1292 2023 xv)..Tunc
1337 1950 1782 2020 multiplicabitur

184 2043 398 2098 fructus
422 2044 572 2113 ligni,
600 2044 699 2098 boc
728 2053 811 2098 est
835 2043 1135 2113 sapientite,
1159 2043 1223 2096 de
1245 2056 1351 2111 quo
1373 2042 1630 2110 scriptum
1657 2053 1738 2096 cst
1765 2060 1777 2096 :

183 2135 419 2205 Lignum
452 2135 572 2189 vita:
601 2143 685 2189 est
720 2134 967 2189 omnibus
1001 2134 1091 2202 qui
1126 2134 1409 2202 requirunt
1439 2148 1581 2195 eam,
1613 2142 1666 2186 et
1693 2148 1782 2204 ge-

183 2225 393 2279 nimiua
425 2225 535 2296 agri
564 2225 616 2278 in
643 2224 1048 2278 similitudinem
1080 2223 1266 2288 Jacob,
1298 2221 1449 2290 cujus
1484 2224 1618 2277 odor
1641 2231 1779 2287 erat,

182 2319 342 2388 quasi
377 2334 395 2368 (
431 2319 566 2371 odor
592 2318 705 2387 agri
737 2317 898 2386 pleni,
924 2317 1010 2371 cui
1041 2317 1321 2372 benedixit
1342 2316 1598 2370 Dominus
1626 2313 1777 2384 (Cen.

183 2411 386 2481 xxvii).
427 2430 448 2463 ι
480 2409 588 2466 Nec
623 2411 762 2464 ultra
792 2413 1084 2479 portabunt
1128 2411 1475 2478 opprobrium
1527 2407 1684 2462 famis
1729 2409 1780 2462 in

182 2502 440 2574 gentibus
475 2501 616 2571 quod
643 2501 912 2570 hodieque
956 2500 1262 2555 .ludznorum
1304 2501 1507 2569 patitur
1536 2501 1782 2554 incredu-

184 2592 338 2656 litas,
368 2591 461 2646 sed
508 2600 802 2662 postquam
835 2591 1225 2646 beatitudinem
1263 2589 1462 2645 fuerint
1485 2592 1780 2658 consecuti,

185 2683 547 2737 imitahuntur
570 2681 905 2751 Apostolum,
935 2681 1025 2750 qui
1055 2682 1222 2736 dicit:
1258 2701 1276 2733 (
1304 2681 1418 2735 Non
1446 2698 1561 2736 sum
1593 2683 1784 2752 dignus

182 2776 372 2830 vocari
400 2773 690 2844 apostolus,
718 2773 840 2843 quia
870 2784 1185 2842 persecutus
1213 2788 1346 2826 sum-
1365 2772 1659 2826 Ecclesiam
1693 2773 1783 2827 Dei

185 2867 239 2939 (1
276 2867 396 2920 Cor.
425 2864 537 2937 xv).
569 2885 587 2918 ι
616 2866 683 2919 Et
710 2867 1139 2920 recordabuntur
1166 2864 1373 2916 viarum
1406 2878 1625 2916 suarum
1658 2879 1780 2932 pes-

184 2961 468 3021 siluarum,
495 2967 550 3011 et
601 2957 900 3012 studiorum
937 2971 1042 3011 non
1079 2955 1344 3009 bonorum
1378 2955 1573 3024 quibus
1617 2955 1784 3008 offen-

184 3051 385 3106 derant
412 3050 600 3103 Deum.
646 3048 711 3102 Et
742 3047 1102 3117 displicebunt
1137 3045 1217 3100 eis
1251 3044 1562 3114 iniquitates
1591 3060 1700 3100 suae
1730 3053 1783 3098 et

184 3139 395 3196 stelera
442 3153 558 3204 sua,
607 3137 799 3207 quibus
845 3137 995 3207 prius
1039 3143 1380 3207 erraverpnt.
1429 3135 1554 3190 Ilzcc
1601 3145 1781 3190 autem

1887 1957 2140 2026 hospitio,
2167 1959 2306 2027 quod
2338 1958 2385 2013 ei
2419 1973 2447 2010 a
2479 1957 2703 2032 Domino
2739 1958 3120 2012 traditum‘cst.
3168 1955 3260 2010 Sin
3291 1967 3468 2010 autem

1885 2048 2134 2118 polluerit
2162 2057 2447 2117 utramque
2481 2057 2679 2102 terram
2721 2049 2772 2100 in
2804 2048 2902 2101 viis
2949 2046 3063 2100 suis
3104 2046 3372 2116 pessimis,
3419 2054 3474 2098 et

1886 2140 2238 2194 immunditiac
2267 2139 2507 2193 mulieris
2546 2148 2892 2193 ιιιριιςῑνυηιω
2920 2138 3082 2192 fuerit
3104 2147 3467 2206 comparatus,

1884 2230 2105 2285 effundit
2149 2231 2289 2285 Deus
2335 2230 2754 2299 indignationem
2806 2245 2956 2283 suam
3005 2245 3166 2297 super
3209 2244 3331 2282 eum
3371 2243 3470 2296 pro

1885 2322 2145 2392 sanguine
2173 2321 2254 2375 vel
2297 2337 2412 2382 suo,
2438 2322 2518 2374 vel
2551 2336 2734 2373 eorum
2771 2335 2905 2390 quos
2925 2319 3392 2382 scandalizaverit,
3419 2325 3472 2372 et

1886 2411 2136 2468 eﬂ‘uderit
2168 2428 2328 2480 super
2369 2423 2567 2465 terram
2613 2421 2666 2465 et
2710 2411 2979 2479 perversis
3025 2408 3469 2479 cogitationibus.

1885 2503 2081 2571 quibus
2109 2501 2299 2571 polluit
2339 2517 2476 2554 cauv.
2509 2493 2658 2555 'I‘tinc
2697 2502 3035 2570 dispergetur
3079 2501 3128 2553 in
3162 2509 3370 2570 gentes,
3413 2511 3472 2552 nt

1872 2594 2176 2649 incredulis
2204 2603 2512 2662 completur
2541 2603 2592 2647 et
2621 2593 2967 2648 ventilabitur
3014 2592 3068 2645 in
3111 2600 3255 2645 terra
3301 2593 3473 2646 instar

1885 2686 2180 2756 palearum,
2215 2695 2271 2739 ut
2307 2702 2334 2739 a
2369 2685 2636 2740 frumento
2669 2684 2918 2738 Ecclesiae
2949 2693 3228 2752 separetur
3256 2682 3474 2751 etjndi-

1885 2785 2039 2831 cetur
2085 2777 2377 2830 secundum
2416 2776 2528 2829 vias
2563 2790 2706 2830 suas.
2745 2775 2896 2840 Quod
2923 2774 2965 2828 si
2995 2789 3092 2827 nec
3122 2773 3200 2827 sic
3243 2773 3476 2826 senserit

1884 2877 2162 2937 peccatum
2192 2884 2369 2931 suum,
2395 2868 2486 2922 sed
2531 2867 2778 2937 polluerit
2818 2882 3008 2920 nomen
3049 2876 3294 2918 sanctum
3337 2862 3470 2931 ejus,

1886 2957 2066 3011 dicent
2085 2971 2292 3021 omnes,
2336 2958 2476 3009 inter
2509 2972 2644 3024 quos
2694 2956 3016 3009 habitaverit
3045 2976 3055 3006 :
3085 2955 3220 3007 Ecce
3250 2953 3475 3022 populus

1885 3044 2152 3110 Dei,ecce
2202 3047 2292 3114 qui
2325 3060 2572 3116 egressus
2609 3054 2692 3100 est
2734 3045 2799 3098 de
2846 3053 2986 3097 terra
3033 3044 3167 3114 ejus,
3212 3044 3317 3098 imo
3353 3057 3476 3110 pro—

1880 3135 2057 3208 jectus
2089 3159 2100 3191 :
2127 3138 2206 3192 sin
2245 3148 2422 3192 autent
2453 3138 2660 3208 egerint
2686 3137 3058 3207 pmnitentiam
3085 3145 3138 3189 et
3168 3136 3474 3190 sanetifica-

184 3232 370 3287 omnia
411 3231 711 3285 tributurus
740 3239 822 3284 est
851 3229 1130 3293 Dominus,
1167 3244 1270 3281 non
1310 3240 1530 3297 propter
1567 3244 1660 3282 eos
1691 3230 1780 3297 qui
1810 3243 1854 3302 ρ
1889 3238 1974 3285 tus
1997 3230 2148 3285 fuero
2181 3230 2232 3285 iu
2258 3229 2434 3284 medio
2457 3243 2664 3293 eorum,
2691 3240 2818 3283 tunc
2849 3228 3024 3281 orunis
3053 3226 3289 3295 gentiam
3317 3226 3474 3281 turba

183 3324 409 3395 proprio
430 3337 616 3377 errore
643 3322 1050 3392 pericrunt,sed
1078 3328 1298 3391 propter
1318 3335 1512 3374 nomen
1535 3333 1781 3375 sanctum

185 3425 369 3468 stium.
406 3411 556 3468 Unde
587 3420 845 3481 provocat
874 3412 1093 3466 domum
1121 3409 1304 3474 Israel,
1332 3419 1389 3463 ut
1425 3410 1785 3465 confundatur

183 3515 246 3562 et
268 3506 554 3560 erubescat
581 3519 742 3573 super
769 3501 1040 3573 prioribus
1061 3501 1226 3566 vitiis,
1254 3509 1308 3555 et
1334 3515 1488 3555 suum
1520 3500 1787 3572 intelligat

183 3606 516 3652 Creatorem.
546 3594 837 3664 Postquam
868 3602 1047 3648 autem
1078 3592 1418 3647 mundaverit
1449 3593 1783 3648 credentium

183 3703 256 3743 ex
290 3685 492 3741 Judaeis
520 3685 772 3756 pepulum
801 3684 868 3738 ab
894 3684 1271 3753 iniquitatibus
1296 3685 1428 3750 suis,
1460 3695 1514 3738 et
1547 3685 1788 3739 habitari

182 3775 382 3831 fecerit
405 3776 568 3829 urbes
594 3773 866 3838 Ecclesize,
896 3781 951 3828 et
981 3761 1365 3828 instauraverit
1391 3773 1627 3836 ruinosa,
1665 3790 1784 3844 qua:

184 3866 241 3921 in
273 3865 561 3935 synagogis
583 3862 950 3927 conciderant,
979 3871 1035 3917 et
1067 3870 1210 3916 terra
1235 3864 1594 3918 confessionis
1624 3863 1784 3919 fuerit

184 3955 401 4011 exculta
425 3953 765 4008 caeremoniis
787 3953 907 4019 Dei,
934 3968 1053 4022 qua:
1079 3952 1348 4022 quondam
1377 3954 1489 4008 visa
1522 3962 1602 4008 est
1631 3956 1788 4010 deso-

184 4047 297 4101 lata
355 4044 607 4098 omnibus
660 4045 892 4107 sanctis,
943 4043 1033 4112 qui
1083 4051 1313 4098 terrente
1353 4043 1784 4098 conversationis

184 4150 353 4207 opera
405 4143 770 4204 praetereunt;
814 4143 940 4190 tunc
985 4150 1176 4190 omnes
1235 4133 1419 4190 dicent
1455 4154 1466 4189 :
1503 4135 1783 4202 Quomodo

187 4241 336 4287 terra
365 4229 569 4294 Juda-a,
603 4245 723 4298 qua:
750 4229 1018 4298 quondam
1050 4227 1227 4283 fuerat
1253 4227 1477 4293 inculta,
1510 4243 1654 4282 nunc
1689 4229 1782 4282 ha»

185 4323 282 4379 bet
326 4320 732 4377 similitudinem
774 4319 1012 4390 paradisi
1061 4319 1177 4384 Dei,
1219 4328 1273 4373 et
1319 4319 1568 4374 civitates
1607 4317 1780 4384 Iuda},

185 4417 310 4481 qua:
342 4411 567 4465 deserta:
607 4409 821 4464 fuerant
856 4418 910 4464 et
949 4408 1238 4473 destitutae,
1275 4417 1329 4464 et
1364 4425 1459 4463 sua
1489 4409 1784 4463 increduli-

188 4511 300 4558 tate
327 4500 591 4566 suffossa),
620 4511 764 4555 nunc
783 4509 978 4556 erectae
1000 4509 1053 4556 et
1086 4502 1305 4554 munitas
1332 4508 1456 4554 sunt
1485 4501 1535 4554 in
1565 4501 1779 4557 confes-

1887 3329 2178 3391 cognoscet
2202 3322 2340 3389 quod
2371 3335 2470 3391 ego
2501 3337 2594 3375 eos
2627 3320 2807 3374 tollam
2843 3321 2908 3375 de
2942 3318 3101 3374 terris
3129 3317 3179 3370 in
3217 3332 3350 3390 quas
3391 3317 3473 3371 di—

1885 3413 2054 3482 spersi
2084 3420 2264 3476 erant,
2296 3421 2351 3466 et
2383 3413 2633 3470 reducam
2665 3411 2718 3464 in
2754 3421 2954 3466 terram
2991 3412 3262 3466 Ecclesim.
3309 3414 3373 3466 Et
3400 3413 3476 3466 ef-

1887 3502 2105 3557 fundam
2132 3519 2294 3572 super
2323 3502 2441 3558 illos
2471 3517 2808 3571 nequaquam
2839 3515 3006 3572 aquas
3047 3503 3296 3571 baptismi
3327 3503 3464 3557 salu.

1887 3597 2041 3660 toris,
2071 3595 2164 3651 sed
2192 3610 2360 3664 aquas
2386 3593 2647 3649 doctrina:
2673 3602 2726 3649 et
2757 3595 3021 3648 sermonis
3063 3595 3173 3648 Dei.
3219 3594 3281 3647 Et
3320 3610 3473 3647 mun-

1884 3690 2024 3744 dabo
2053 3689 2174 3744 illos
2199 3689 2268 3742 ab
2293 3689 2544 3742 omnibus
2571 3685 2994 3756 inquinamentis
3019 3686 3150 3751 suis,
3177 3696 3231 3739 et
3261 3686 3327 3740 ab
3356 3687 3475 3740 uni-

1882 3780 2056 3835 versis
2080 3779 2236 3834 idolis
2257 3786 2420 3848 atqne
2443 3777 2739 3841 erroribus,
2765 3791 2885 3847 qua:
2911 3777 2964 3830 in
2992 3791 3090 3830 suo
3129 3775 3290 3830 corde
3311 3777 3474 3831 simu-

1883 3870 2147 3925 laverant.
2178 3869 2242 3923 Et
2283 3869 2439 3932 dabo,
2472 3869 2667 3937 inquit,
2700 3869 2778 3922 eis
2819 3883 2915 3922 cor
2951 3883 3169 3932 novum,
3203 3868 3342 3937 quod
3376 3884 3474 3938 per

1883 3970 2161 4031 peccatum
2192 3959 2562 4030 perdiderant,
2590 3967 2644 4012 et
2680 3959 2926 4027 spiritum
2956 3967 3162 4012 rectum
3208 3958 3476 4014 innovabo

1885 4050 1938 4104 in
1972 4049 2224 4104 cordibus
2261 4062 2446 4102 eorum
2493 4046 2667 4118 (Psal.
2715 4046 2788 4118 L).
2821 4047 2886 4101 Et
2925 4047 3167 4100 auferam
3208 4063 3303 4102 cor
3337 4048 3472 4118 lapi-

1884 4142 2064 4206 deum,
2110 4152 2206 4196 cor
2246 4137 2499 4194 videlicet
2544 4137 2903 4192 iucredulum.
2955 4138 3022 4190 Et
3059 4137 3197 4192 dabo
3229 4153 3325 4192 cor
3349 4155 3473 4192 car-

1883 4247 2044 4289 neum
2087 4231 2246 4288 molle
2270 4239 2324 4286 et
2353 4240 2622 4296 tenerum,
2653 4230 2796 4300 quod
2840 4229 2933 4282 Dei
2980 4239 3248 4300 prmeepta
3295 4231 3470 4284 susci-

1882 4334 2019 4406 piat,
2053 4334 2127 4387 ita
2168 4340 2229 4387 ut
2267 4331 2545 4387 ambulent
2576 4333 2628 4385 in
2666 4330 2951 4401 praeceptis
2981 4330 3134 4394 meis,
3176 4339 3232 4385 et
3273 4329 3473 4386 faciant

1879 4423 2104 4494 judicia,
2135 4432 2256 4492 qua!
2281 4421 2428 4491 prius
2456 4420 2826 4491 neglexerant.
2857 4420 2925 4474 Et
2965 4421 3203 4475 habitent
3245 4420 3297 4473 in
3329 4429 3472 4475 terra

1885 4528 2049 4587 quam
2090 4514 2343 4569 dederam
2389 4509 2631 4582 patribus
2671 4512 2877 4574 eorum,
2920 4511 3191 4579 magistris
3223 4511 3475 4565 videlicet

185 4596 344 4651 sione
387 4602 441 4648 et
491 4595 708 4648 nomine
754 4593 965 4649 Domini
1010 4594 1342 4649 Salvatoris‘?
1384 4595 1457 4648 Ita
1505 4604 1563 4648 ut
1603 4595 1782 4649 omnis
1807 4594 1859 4652 D
1886 4619 2048 4678 atque
2077 4606 2404 4662 doctoribus,
2434 4603 2502 4657 Et,
2524 4617 2737 4656 rursum
2773 4603 2843 4656 sit
2876 4601 3103 4671 populus
3125 4601 3241 4666 Dei,
3272 4609 3325 4655 ει
3367 4601 3472 4655 Do-

185 4693 441 4742 creatitra
465 4695 778 4756 cognoscat,
807 4697 861 4740 et
891 4686 1264 4742 multitudines
1299 4687 1635 4758 angelorum,
1660 4704 1779 4756 qua:

187 4785 392 4833 tcrram
447 4777 690 4830 ambiunt
739 4776 930 4840 Israel,
985 4775 1126 4845 quod
1183 4777 1442 4832 Dominus
1493 4777 1781 4848 dissipatas

186 4868 543 4924 aditiCavcrit
572 4867 836 4931 civitates,
881 4877 936 4922 et
964 4868 1195 4922 incultas
1233 4869 1554 4939 plantavcrit
1602 4870 1779 4940 regio-

189 4977 310 5026 nes,
349 4970 405 5015 et
443 4960 582 5029 quod
621 4959 886 5028 pollicitus
939 4960 1115 5015 fuerat
1156 4975 1253 5030 per
1289 4961 1578 5032 prophetas
1616 4977 1779 5032 opere

189 5053 560 5122 compleverit.
600 5050 709 5104 Nec
739 5051 840 5104 hoc
861 5051 965 5105 erit
1010 5051 1350 5107 liberalitatis
1384 5069 1494 5108 sure
1529 5053 1580 5107 in
1612 5070 1779 5123 popu-

190 5145 324 5208 lum,
354 5157 513 5212 quem
545 5142 836 5197 salvaverit
873 5152 1160 5198 contentus
1198 5159 1440 5209 munere,
1482 5147 1573 5199 sed
1611 5146 1779 5200 multo

192 5234 396 5302 majora
426 5233 720 5302 prwstalit.
752 5232 1054 5287 lnvenietdr
1073 5235 1218 5287 enim
1243 5250 1269 5287 a
1292 5235 1449 5290 domo
1475 5235 1657 5301 Israel,
1687 5238 1777 5305 qui

191 5321 362 5381 multo
400 5335 640 5395 tempore
675 5330 931 5395 qua-situs
972 5325 1143 5379 fuerat
1183 5336 1368 5382 etnon
1407 5329 1672 5385 iuventus.
1714 5330 1780 5384 Et

191 5424 476 5489 postquam
526 5418 793 5471 invenerit
845 5432 1007 5481 eum,
1064 5418 1439 5489 multiplicabit
1492 5435 1584 5475 eos
1638 5422 1781 5475 sicut

192 5524 360 5564 oves:
395 5524 500 5562 non
547 5510 824 5564 brutormn
865 5512 1214 5565 animantium
1239 5554 1252 5576 ,
1299 5514 1389 5568 sed
1439 5529 1567 5568 oves
1607 5516 1780 5569 homi-

193 5615 346 5665 num,
378 5599 469 5668 qui
499 5595 724 5654 rationis
764 5600 1220 5669 confessionisqne
1270 5611 1395 5658 sunt
1434 5603 1594 5673 pleni,
1640 5607 1780 5660 sicut

193 5708 322 5746 oves
353 5700 664 5745 sanctorum
689 5700 740 5744 et
765 5707 952 5763 greges
981 5693 1332 5760 Hierusalem,
1361 5694 1411 5748 in
1438 5711 1537 5764 qua
1563 5697 1777 5766 proprie

197 5780 290 5840 Dei
323 5782 498 5836 cultus
530 5793 580 5837 et
614 5781 745 5836 visio
786 5783 934 5852 pastis
976 5793 1056 5839 est
1098 5785 1147 5838 in
1195 5786 1620 5842 sol.-nmitatibus
1661 5787 1777 5856 eius

1886 4698 2064 4752 minus
2090 4696 2170 4749 eis
2194 4700 2436 4748 vertatur
2454 4693 2506 4746 in
2530 4692 2717 4753 Deum,
2749 4707 2910 4761 quem
2941 4690 3091 4760 prius
3115 4688 3468 4745 offenderant.

1887 4787 2038 4842 Tunc
2067 4786 2422 4842 salvabuntur
2461 4784 2527 4838 ab
2565 4783 2832 4838 universis
2881 4782 3301 4852 inquinamentis
3338 4784 3470 4848 suis,

1885 4886 1940 4933 et
1969 4875 2411 4946 multiplicabitur
2430 4874 2508 4927 eis
2526 4872 2872 4937 frumentum,
2893 4873 2957 4926 de
2984 4888 3089 4940 quo
3111 4873 3339 4927 edicitur
3360 4890 3470 4928 rce-

1886 4970 2036 5025 lestis
2071 4969 2245 5038 panis,
2277 4975 2332 5022 et
2370 4981 2474 5019 non
2497 4965 2772 5036 patientur
2801 4963 2940 5018 ultra
2971 4964 3168 5019 famem
3202 4967 3470 5020 sermonis

1885 5061 2000 5115 Dei.
2031 5055 2553 5127 Etmultiplicabitur
2581 5055 2632 5107 in
2653 5053 2950 5123 cisliguum
2973 5056 3272 5124 sapientiae,
3294 5064 3346 5109 et
3371 5072 3461 5126 ge-

1885 5152 2086 5206 nimina
2121 5150 2172 5204 in
2217 5164 2402 5202 eorum
2433 5155 2648 5215 pectore
2697 5146 3127 5215 contplebnntur.
3161 5146 3269 5200 Nec
3307 5157 3460 5201 erunt

1885 5243 2025 5297 ultra
2049 5239 2400 5310 opprobrium
2429 5241 2481 5306 in
2504 5239 2772 5308 gentibus,
2796 5228 2887 5292 sed
2906 5247 3190 5306 postquam
3216 5238 3462 5292 misertus

1882 5352 2068 5392 eorum
2106 5333 2265 5388 fuerit
2303 5332 2462 5396 Deus,
2515 5330 2941 5384 recordabuntur
2990 5330 3196 5383 viarum
3244 5344 3461 5384 suarum

1883 5424 2258 5493 pessimarum.
2309 5419 2373 5472 Et
2408 5419 2579 5473 scient
2619 5419 2705 5472 ubi
2753 5418 2989 5471 fuerint:
3024 5431 3079 5473 et
3111 5418 3465 5487 displicebant

1883 5512 1982 5566 sibi
2016 5512 2068 5564 in
2116 5508 2489 5579 iniquitatibus
2519 5508 2651 5571 suis,
2693 5507 2834 5576 quod
2875 5507 3004 5561 dicit
3054 5509 3311 5564 Dominus
3356 5524 3462 5562 non

1882 5612 2098 5673 propter
2123 5601 2260 5665 illos,
2281 5601 2370 5654 sed
2401 5607 2618 5669 propter
2642 5615 2792 5654 suam
2815 5616 2874 5654 se
2897 5600 3074 5654 facere
3097 5598 3459 5671 clementiam.

1885 5695 2032 5750 Unde
2057 5703 2109 5746 et
2129 5694 2442 5747 cohortatur
2467 5701 2732 5755 errantes,
2765 5699 2821 5744 ut
2843 5691 3240 5746 confundantur
3267 5703 3321 5746 et
3345 5710 3468 5747 crus

1882 5787 2100 5844 bcscant
2133 5783 2184 5837 in
2223 5783 2321 5836 viis
2349 5782 2480 5849 suis,
2511 5791 2564 5835 et
2606 5781 2958 5836 restituantur
2987 5783 3039 5836 in
3081 5782 3240 5836 urbes
3273 5781 3461 5838 Eccles
