3936 6342
484 360 596 421 850

1125 359 1189 415 Β.
1226 358 1479 415 RABANI
1518 357 1736 416 MAURI
1774 357 2093 414 ARClIlEP.
2138 356 2446 415 MOCUNT.
2484 356 2767 415 OPERUM
2803 358 2983 416 PARS
3022 359 3062 415 ll

3673 362 3778 416 800

484 479 603 544 site,
633 487 753 549 quae
783 486 1010 531 rursum.
1025 473 1301 531 habitetur
1328 471 1397 530 ab
1423 474 1533 539 eis;
1565 479 1635 532 et:
1662 472 1842 527 omnia
1872 487 1992 541 qtae
2017 470 2073 525 in
2105 476 2149 533 Α
2185 491 2203 522 ι
2240 472 2467 527 ticinare
2493 480 2543 528 et
2568 471 2717 528 dices
2745 472 2810 526 ad
2831 484 2961 551 eos:
2990 471 3116 528 litcc
3147 470 3276 526 dicit
3300 471 3563 528 Dominus
3586 473 3777 529 Deus:

484 569 567 625 eis
594 573 936 629 corruerant,
980 564 1343 630 mdiﬁeentur,
1379 573 1440 622 et
1475 564 1542 619 ad
1572 563 1835 641 pristinas
1856 562 2080 641 redeant

487 656 859 715 caeremonias.
902 655 971 711 Et
1009 663 1152 710 terra
1178 655 1455 725 quondam
1480 640 1725 718 deserta,
1763 663 1885 723 quze
1926 668 2081 708 acco-

486 748 556 803 lis
596 755 653 803 et
698 745 1023 817 peregrinis,
1068 755 1125 800 et
1167 746 1359 801 mundi
1404 744 1561 813 hujus
1612 745 2078 800 conversationem

488 836 917 903 transeuntibus,
962 836 1077 891 visa
1124 833 1303 891 fuerat
1350 834 1623 900 desolata,
1668 843 1974 889 revertatur
2026 834 2079 887 in

486 926 776 997 pristinum
816 937 1046 983 statum.
1096 926 1407 996 Omnesque
1458 926 1723 979 mirentur
1762 935 1818 979 et
1854 926 2076 980 dicant:

487 1001 655 1074 Tirra
679 1019 768 1074 illa
798 1019 1022 1086 inculta,
1047 1027 1191 1075 terra
1221 1019 1454 1082 deserta,
1485 1018 1539 1072 in
1567 1034 1671 1089 qua
1698 1034 1887 1073 omnes
1910 1033 2083 1089 quone

487 1110 863 1183 dam‘periere
886 1110 1148 1175 virtutes,
1194 1126 1337 1165 nunc
1382 1109 1525 1165 facta
1571 1116 1657 1165 est
1695 1112 1851 1181 quasi
1893 1112 2082 1175 hortus

483 1200 783 1271 voluptatis
826 1211 885 1258 et
925 1203 1209 1274 paradisus
1245 1203 1359 1257 Dei.
1400 1203 1468 1257 Et
1514 1203 1766 1258 civitates
1808 1205 2081 1273 quondam

486 1291 733 1358 dese‘rtze,
764 1308 886 1365 qua:
915 1295 1083 1350 Deum
1114 1296 1380 1365 hospitem
1425 1310 1532 1350 non
1573 1295 1867 1361 habebant,
1897 1305 1950 1350 et
1990 1296 2085 1351 de-

486 1384 691 1441 stitutae
710 1395 865 1442 erant
904 1402 934 1441 a
973 1386 1177 1457 Spiritu
1210 1393 1399 1445 saneto
1426 1394 1481 1441 et
1523 1384 1764 1442 suﬁ‘osstc
1793 1387 2084 1442 increduli-

488 1488 602 1537 tate
643 1483 807 1537 nnitze
850 1493 1008 1537 erant
1065 1482 1169 1539 ﬁde
1216 1481 1437 1544 Christi,
1492 1488 1552 1535 ut
1584 1480 1759 1535 sciant
1788 1496 1978 1535 omnes
2026 1480 2081 1535 in

415 1558 418 1560 Ὺ
485 1570 741 1635 circuitu,
769 1574 911 1644 quod
939 1573 1197 1627 Dominus
1223 1569 1575 1625 aediﬁcaverit
1605 1568 1816 1623 animas
1850 1569 2082 1639 dissipa-

485 1671 573 1720 tas
592 1674 646 1718 et
667 1663 990 1733 plantavcrit
1018 1662 1071 1714 in
1101 1660 1203 1724 eis,
1231 1669 1395 1729 atque
1430 1659 1740 1715 conseverit
1763 1667 2089 1713 cunctantm

490 1750 748 1803 virtutum
788 1747 1029 1809 arbOres,
1058 1754 1112 1800 et
1138 1747 1251 1815 ipse
1283 1747 1445 1800 rebus
1466 1746 1802 1815 praestiterit,
1827 1761 1948 1816 qua:
1974 1760 2086 1801 εει-ι

2186 580 2204 613 r
2242 562 2381 619 Ecce
2413 578 2514 635 ego
2542 564 2783 633 aperiam
2819 564 3053 619 tumulos
3078 572 3305 631 vestros,
3337 573 3391 618 et
3416 564 3653 620 educam
3682 579 3784 618 vos

2186 673 2206 711 ς
2240 654 2306 709 de
2334 654 2596 725 sepulcris
2625 655 2842 721 veStris,
2873 654 3102 726 populus
3124 666 3293 720 meus,
3317 664 3373 711 et
3401 640 3659 710 inducam
3683 671 3783 711 vos

2184 763 2202 795 ‹
2244 744 2295 798 in
2346 751 2546 799 terram
2599 743 2807 799 lsrael:
2843 752 2899 799 et
2947 745 3131 799 scietis
3164 746 3289 816 quia
3340 761 3439 816 ego
3484 742 3778 807 Dominus,

2186 853 2205 885 ι
2245 850 2366 888 eum
2397 849 2658 905 aperuero
2698 833 2941 903 sepulcra
2970 842 3175 899 vestra,
3209 842 3264 889 et
3305 835 3544 890 eduxere
3571 850 3677 888 vos
3713 835 3784 889 de

2185 946 2206 979 ι
2245 926 2462 982 tumulis
2498 926 2709 995 vestris,
2741 924 2967 995 populus
2996 938 3168 988 meus,
3194 935 3249 979 et
3294 924 3489 980 dedero
3519 926 3784 994 spiritum

2186 1038 2207 1070 ε
2244 1035 2424 1075 meum
2458 1020 2510 1073 in
2548 1018 2718 1081 vobis,
2760 1027 2815 1072 et
2857 1017 3135 1081 vixeritis;
3180 1025 3235 1071 et
3281 1018 3624 1085 requiescere
3681 1033 3786 1070 vos

2186 1128 2207 1163 ι
2245 1110 2437 1165 faciam
2466 1125 2629 1179 super
2660 1110 2883 1165 humum
2913 1118 3171 1171 vestram,
3213 1116 3267 1160 et
3304 1108 3486 1160 scietis
3514 1109 3646 1176 quia
3678 1123 3786 1177 ego

2186 1222 2205 1253 ε
2244 1202 2503 1257 Dominus
2530 1200 2739 1256 locutus
2764 1215 2882 1254 sum
2910 1207 2962 1251 et
2989 1196 3116 1259 feci,
3160 1198 3236 1251 ait
3266 1197 3523 1253 Dominus
3551 1196 3725 1252 Deus.
3763 1218 3779 1244 ι

2178 1290 2453 1362 ’(Ηὶενοη.)
2480 1290 2705 1344 Famosa
2734 1298 2815 1345 est
2844 1289 3003 1354 visio,
3039 1296 3096 1343 et
3132 1288 3371 1341 omnium
3404 1288 3783 1341 Eccicsiarnm

2184 1381 2384 1437 Christi
2414 1380 2645 1435 lectione
2670 1380 2959 1435 celebrata.
2989 1378 3089 1447 Qui
3116 1394 3245 1449 ergo
3274 1388 3462 1447 putant
3494 1380 3561 1433 de
3595 1395 3785 1433 resur-

2184 1475 2446 1538 rectione,
2475 1489 2594 1543 qua:
2642 1474 2711 1528 ab
2752 1471 3001 1527 omnibus
3029 1479 3080 1525 et
3122 1469 3321 1525 Iudaeis
3348 1478 3403 1525 et
3446 1470 3787 1524 Christianis

2183 1568 2423 1625 creditur
2451 1567 2543 1622 Dei
2573 1580 2695 1620 esse
2728 1579 3055 1627 sermonem,
3092 1564 3204 1617 hzec
3231 1563 3406 1617 solent
3432 1564 3639 1625 dicere,
3670 1562 3781 1615 Fa-

2183 1667 2269 1715 eta
2297 1667 2381 1715 est
2409 1672 2570 1727 super
2588 1657 2903 1731 prophetam
2928 1669 3121 1708 manus
3147 1652 3379 1718 Domini,
3403 1654 3505 1707 hoc
3530 1661 3637 1716 est,
3671 1652 3785 1707 Do-

2185 1752 2369 1805 minus
2390 1758 2552 1819 atque
2578 1748 2825 1803 Salvator
2848 1764 2861 1801 :
2888 1760 3051 1815 super
3073 1761 3231 1815 quem
3252 1745 3416 1800 Pater
3436 1755 3631 1800 cuncta
3655 1761 3785 1814 0pc-

486 1854 648 1895 mone
669 1838 934 1909 promisit.
962 1838 1307 1907 Rursumque
1327 1838 1644 1891 cohortatur
1659 1851 1837 1891 sermo
1854 1837 2082 1907 prophe~
2112 1830 2156 1890 Β
2186 1851 2337 1897 ratus
2359 1851 2443 1896 est
2470 1859 2482 1895 :
2513 1858 2539 1893 τ
2566 1839 2757 1897 Omnia
2783 1840 2927 1895 enim
2974 1839 3042 1893 ab
3082 1853 3147 1893 eo
3190 1837 3332 1892 facta
3376 1838 3529 1901 sunt,
3558 1845 3613 1891 et
3656 1838 3781 1891 sine

493 1930 635 1985 ticus
675 1930 1020 2000 pmnitentes,
1060 1937 1119 1982 ut
1161 1928 1325 1983 etiam
1372 1942 1496 1983 cum
1529 1928 1758 1998 regressi
1793 1926 1995 1982 fuerint
2028 1927 2084 1981 in

488 2020 767 2085 ecclesias,
807 2031 1022 2089 semper
1062 2020 1341 2089 reQuirant
1380 2019 1668 2075 Dominum
1717 2028 1773 2074 et
1810 2020 2091 2073 inveniant

487 2127 612 2169 eum
654 2131 668 2167 :
711 2121 771 2168 ut
798 2112 1245 2182 zmultiplicentur
1290 2112 1629 2167 redeuntium
1674 2110 1846 2166 turbis
1894 2126 2084 2181 greges

487 2202 859 2268 Domini,~non
882 2203 1250 2273 jumentorum
1290 2210 1347 2257 et
1373 2200 1658 2257 brutorurn
1702 2200 2081 2264 animantium,

487 2296 800 2364 sedgreges
826 2293 1125 2357 hominum,
1156 2292 1248 2362 qui
1278 2290 1400 2345 ﬁdei
1424 2289 1759 2358 rationisque
1785 2289 1894 2344 sint
1920 2288 2091 2358 pleni,

490 2399 680 2458 greges
718 2384 914 2448 sancti,
962 2395 1152 2455 greges
1191 2382 1340 2437 urbis
1383 2380 1743 2445 Hierusalem,
1784 2380 1841 2434 in
1876 2381 2086 2435 cunctis

488 2474 942 2537 solemnitatibus,
983 2488 1119 2543 quas
1167 2470 1266 2527 Dei
1303 2471 1589 2527 clementia
1635 2478 1982 2541 receperunt,
2026 2478 2089 2526 ut

489 2575 775 2638 postquam
837 2565 1099 2621 civitates
1154 2562 1367 2619 Domini
1425 2559 1797 2630 hujuscemodi
1850 2547 2085 2632 gregum

491 2658 779 2714 multitudo
809 2655 1178 2729 compleverit,
1211 2663 1341 2709 tunc
1373 2654 1547 2709 sciant
1583 2668 1774 2709 omnes
1796 2653 1941 2725 quod
1972 2653 2088 2723 ipse

492 2750 565 2805 sit
586 2750 868 2806 Dominus.

1017 2856 1248 2915 CAPUT
1286 2856 1549 2913 XXXVII.

494 2948 571 3007 De
600 2948 1248 3034 generalinr‘esurrectione
1276 2965 1292 3002 :
1322 2949 1386 3001 de
1406 2946 1647 3034 C'hristo;
1678 2955 1726 3034 et
1751 2947 1892 3034 quod
1911 2948 1967 3001 in
1994 2958 2087 3034 ποτ

563 3017 786 3076 cissimis
808 3021 988 3075 diebus
1014 3020 1223 3089 recipiet
1264 3035 1380 3073 eum
1420 3017 1451 3071 J
1462 3018 1569 3071 uda
1595 3027 1641 3072 et
1665 3018 1959 3073 Jerusalem
1980 3058 1994 3083 ,
2036 3027 2087 3071 et

560 3092 665 3147 erit
697 3108 829 3145 unus
855 3090 1095 3161 populus.

2184 1932 2302 2003 ipso
2351 1931 2551 1986 factum
2595 1938 2679 1985 est
2719 1929 2877 1995 nihil,
2916 1929 3061 1999 quod
3093 1927 3294 1982 factum
3320 1935 3404 1982 cst
3441 1926 3622 1994 (Joan.
3660 1926 3723 1995 ι).
3758 1947 3775 1979 ι

2189 2043 2207 2075 ‹
2237 2022 2306 2076 Et
2363 2022 2549 2077 eduxit
2590 2037 2698 2085 me,
2748 2020 2943 2090 inquit,
2976 2020 3029 2073 in
3068 2019 3278 2097 spiritu.
3311 2018 3555 2081 Domini;
3592 2037 3609 2068 ι
3642 2019 3779 2072 sub-

2183 2116 2399 2170 auditur
2427 2126 2620 2171 manus
2650 2098 2881 2166 Domini.
2908 2110 3106 2166 Eduxit
3133 2118 3313 2165 autem
3340 2110 3392 2164 in
3422 2110 3633 2179 spiritu,
3670 2126 3777 2164 non

2184 2207 2517 2277 incorpore,
2560 2204 2655 2260 sed
2695 2212 2850 2260 extra
2880 2218 3094 2273 corpus.
3138 2202 3206 2256 Et
3243 2202 3422 2272 posuit
3466 2202 3615 2256 illum
3668 2203 3781 2257 sive

2185 2295 2390 2351 dimisit
2418 2295 2471 2350 in
2501 2294 2679 2350 medio
2701 2294 2903 2364 campi,
2931 2294 3022 2363 qui
3050 2292 3240 2362 plenus
3274 2300 3393 2347 erat
3413 2278 3669 2351 humanis
3698 2307 3782 2346 os-

2185 2390 2355 2444 sibus.
2386 2388 2497 2444 Nee
2524 2400 2649 2443 eum
2678 2396 2762 2443 est
2784 2402 2945 2458 passa
2983 2387 3349 2456 requiescere,
3378 2387 3473 2440 sed
3501 2385 3629 2441 fecit
3653 2401 3778 2441 ossa

2184 2480 2366 2535 omnia
2394 2479 2648 2543 circuire,
2670 2490 2791 2550 qua:
2814 2494 2920 2532 non
2946 2486 3104 2535 erant
3129 2485 3313 2548 operta
3343 2479 3530 2542 humo,
3562 2477 3655 2532 sed
3686 2493 3780 2532 su-

2185 2584 2283 2642 per
2304 2584 2550 2640 campum
2585 2570 2841 2639 jacentia.
2880 2567 2989 2623 Nec
3030 2568 3205 2623 solum
3257 2568 3444 2629 multa,
3484 2569 3577 2623 sed
3607 2567 3779 2621 multa

2186 2662 2370 2727 ninus,
2391 2667 2446 2716 et
2475 2670 2694 2731 propter
2717 2661 2974 2731 temporis
2994 2668 3317 2715 vetustatem
3345 2660 3493 2714 arida
3525 2662 3785 2729 siccaque

2187 2753 2555 2817 vehementer,
2586 2762 2641 2806 et
2669 2749 2803 2805 nih‘il
2850 2752 2903 2805 in
2940 2750 3185 2805 humoris
3216 2752 3487 2805 habentia.
3532 2751 3776 2819 Cumque

2187 2841 2575 2913 interrogasset
2613 2857 2736 2897 eum
2784 2848 2963 2896 sermo
3002 2840 3213 2895 divinus
3260 2847 3440 2894 utrum
3485 2841 3777 2895 aestimaret

2186 2935 2301 2989 haec
2321 2949 2445 2989 ossa
2471 2949 2628 3003 posse
2647 2934 2852 2996 vivere,
2882 2934 3160 3003 respondit
3186 2952 3197 2985 :
3230 2952 3247 2983 ‹
3282 2931 3508 2986 Domine
3537 2932 3698 2994 Deus,
3724 2940 3776 2983 tu

2187 3029 2369 3093 nosti,
2426 3049 2445 3081 ι
2498 3028 2587 3097 qui
2640 3027 2857 3097 plenam
2897 3027 3069 3088 habes
3120 3027 3402 3082 scientiam
3451 3025 3773 3080 futurorum.

2188 3117 2441 3186 Dixitque
2462 3117 2528 3171 ad
2555 3131 2679 3172 eum
2703 3116 2962 3170 Dominus
2988 3134 3001 3170 :
3033 3133 3052 3166 α
3074 3116 3379 3170 Vaticiuare
3411 3116 3477 3168 de
3497 3116 3729 3176 ossibus,
3755 3134 3770 3165 ι

568 3219 589 3253 ι
626 3203 795 3256 Facta
818 3216 901 3255 est
930 3217 1091 3270 super
1117 3215 1202 3253 me
1231 3213 1423 3252 manus
1454 3201 1684 3262 Domini,
1711 3206 1765 3251 et
1785 3197 1970 3251 eduxit
1999 3212 2085 3251 me
2113 3182 2156 3244 Ο
2189 3203 2301 3257 sive
2330 3182 2492 3272 super
2509 3217 2633 3256 ossa
2650 3202 2785 3266 haec,
2806 3220 2823 3251 ‹
2860 3212 2914 3256 et
2935 3200 3081 3255 dices
3101 3200 3165 3254 ad
3190 3215 3253 3254 ea
3280 3220 3291 3252 :
3322 3199 3455 3254 Ossa
3483 3200 3654 3263 arida,
3687 3215 3777 3252 au-

494 3309 517 3348 c
547 3285 605 3350 in
633 3293 826 3363 spiritu
855 3292 1067 3347 Domini
1100 3310 1114 3344 :
1148 3300 1201 3346 et
1242 3291 1446 3345 dimisit
1472 3306 1556 3345 mc
1584 3291 1637 3344 in
1674 3291 1850 3346 medio
1880 3292 2077 3361 campi,

496 3401 520 3441 ι
553 3386 644 3455 qui
671 3394 789 3439 erat
816 3384 1008 3456 plenus
1038 3384 1271 3447 ossibus,
1300 3392 1355 3437 et
1391 3382 1751 3437 circumduxit
1789 3398 1873 3437 me
1902 3397 1999 3451 per
2018 3397 2083 3436 ea

495 3494 516 3531 ι
551 3476 607 3531 in
636 3489 787 3545 gyro.
827 3474 995 3528 Erant
1044 3482 1221 3527 autem
1263 3473 1429 3527 multa
1466 3472 1631 3539 valde
1682 3488 1844 3542 super
1886 3472 2086 3527 faciem

498 3584 517 3617 ε
559 3565 756 3633 campi,
790 3565 1041 3634 siccaque
1073 3564 1436 3619 vehementer.
1470 3564 1539 3619 Et
1566 3564 1700 3617 dixit
1727 3565 1793 3618 ad
1825 3578 1909 3619 me
1940 3583 1951 3617 :
1981 3565 2081 3619 Fili

498 3680 514 3709 ι
552 3658 809 3722 hominis,
828 3666 1055 3727 putasne
1080 3658 1260 3711 vivent
1280 3673 1400 3712 ossa
1427 3658 1565 3711 ista?
1587 3656 1653 3711 Et
1678 3656 1787 3710 dixi
1814 3674 1826 3709 :
1857 3657 2083 3713 Domine

497 3770 516 3801 ι
553 3749 715 3815 Deus,
746 3757 801 3802 tu
834 3747 995 3803 nosti.
1029 3748 1095 3802 Et
1124 3748 1255 3803 dixit
1301 3752 1367 3803 ad
1410 3764 1496 3803 me
1523 3766 1537 3803 :
1569 3747 1876 3802 Vaticinare
1899 3747 1965 3801 de
1990 3761 2081 3801 os—

500 3860 517 3892 ι
554 3841 704 3895 sibus
728 3840 867 3903 istis,
895 3847 949 3894 et
970 3840 1116 3894 dices
1139 3840 1216 3894 eis
1242 3857 1252 3892 :
1284 3840 1415 3895 Ossa
1441 3840 1613 3904 arida,
1644 3839 1827 3893 audite
1857 3837 2083 3893 verbum

500 3952 518 3983 ι
557 3932 768 3989 Domini
796 3950 808 3986 :
840 3932 955 3987 haec
979 3931 1109 3987 dicit
1136 3933 1393 3987 Deminus
1416 3932 1629 3991 ossibus
1657 3932 1742 3985 bis
1771 3950 1783 3985 :
1820 3931 1959 3986 Ecce
1984 3946 2084 4001 ego

503 4046 517 4074 ι
559 4025 907 4079 intermittam
946 4025 1000 4079 in
1043 4040 1138 4079 vos
1176 4025 1457 4095 spiritum,
1493 4034 1547 4079 et
1588 4024 1809 4090 vivetis;
1846 4034 1902 4080 et
1945 4024 2085 4079 dabo

504 4136 521 4165 ι
562 4131 723 4185 super
744 4132 837 4171 vos
865 4131 1079 4181 nervos,
1109 4124 1161 4171 et
1185 4131 1525 4171 succrescere
1555 4115 1743 4170 faciam
1788 4129 1949 4184 super
1990 4131 2084 4169 vos

505 4226 522 4257 ι
560 4221 769 4270 carnes,
813 4217 866 4261 et
899 4208 1344 4276 superextcndam
1372 4207 1425 4261 in
1464 4208 1617 4260 vobis
1641 4215 1840 4271 cutem,
1866 4216 1919 4261 et
1949 4207 2086 4261 dabo

509 4316 525 4347 ί
564 4296 714 4351 vobis
753 4297 1000 4365 spiritum
1040 4306 1095 4351 ct
1121 4298 1334 4361 vivetis,
1374 4305 1429 4351 et
1473 4298 1654 4352 scietis
1697 4298 1821 4367 quia
1847 4313 1946 4367 ego
1975 4296 2085 4350 Do-

508 4408 523 4438 ι
564 4389 759 4442 minus.
802 4388 867 4442 Et
905 4390 1218 4459 prophetavi
1247 4390 1387 4443 sicut
1413 4401 1746 4458 praeceperat
1781 4387 1911 4441 mihi
1957 4404 1973 4444 :
2002 4387 2088 4440 ~fa-

509 4496 526 4526 ς
564 4484 682 4531 ctus
724 4485 807 4531 est
850 4487 1031 4531 autem
1074 4478 1304 4541 sonitus,
1350 4479 1709 4545 prophetante
1749 4492 1850 4539 me,
1878 4486 1932 4530 et
1959 4491 2087 4531 ecce

2186 3294 2297 3348 dite
2331 3294 2551 3348 verbum
2584 3290 2815 3347 Domini.
2865 3311 2883 3343 ι
2918 3291 2974 3344 ln
3007 3306 3113 3359 quo
3148 3289 3474 3353 mirandum,
3511 3291 3774 3359 quomodo

2187 3384 2254 3437 ad
2282 3378 2405 3438 ossa
2433 3383 2584 3437 arida
2617 3384 2687 3437 sit
2728 3382 2960 3445 locutus,
2993 3396 3113 3450 qua:
3148 3391 3271 3435 ante
3306 3397 3526 3443 nervos,
3563 3396 3774 3435 carnem

2187 3482 2241 3529 ct
2266 3483 2467 3539 cutem,
2501 3481 2557 3527 et
2602 3475 2853 3543 spiritum
2881 3474 3263 3537 viviﬁcantem,
3299 3474 3390 3527 Dei
3424 3483 3642 3543 possent
3678 3490 3769 3528 au~

2187 3566 2302 3620 dire
2346 3578 2673 3619 sermonem.
2705 3560 3055 3632 Primumque
3097 3578 3218 3619 ossa
3262 3579 3385 3617 cum
3424 3564 3547 3615 abis
3571 3563 3775 3617 ossibus

2187 3670 2475 3709 nervorum
2505 3654 2730 3709 vinculis
2753 3654 3091 3724 colligantur,
3122 3652 3318 3707 deinde
3351 3654 3641 3722 implentur
3661 3668 3775 3706 car-

2187 3747 2378 3802 nibus:
2408 3756 2462 3802 et
2491 3748 2723 3815 desuper
2757 3748 2825 3802 ob
2854 3746 3310 3817 pulchritudinem
3344 3748 3654 3800 extenditur
3687 3760 3775 3799 cu~

2188 3838 2279 3903 tis,
2325 3853 2446 3904 qua:
2492 3836 2757 3891 undarum
2805 3838 3051 3892 carnium
3091 3835 3305 3905 operiat
3348 3835 3665 3891 fmditatem.
3712 3837 3772 3891 Et

2186 3938 2316 3983 tunc
2357 3929 2630 3999 accipiunt
2680 3930 2963 3999 spiritum,
3009 3929 3100 3997 qui
3145 3928 3323 3982 vivere
3368 3943 3430 3982 ea
3481 3928 3682 3982 faciat:
3722 3937 3773 3981 ct

2187 4030 2475 4089 postquam
2517 4009 2780 4086 vixerint,
2824 4029 2949 4084 tunc
2996 4028 3325 4089 cognoscant
3371 4020 3514 4088 quod
3558 4020 3668 4087 ipse
3708 4018 3773 4071 sit

2190 4110 2465 4164 Dominus.
2514 4110 2734 4164 Dicente
2776 4110 2957 4177 itaque
3005 4110 3266 4177 propheta
3315 4109 3555 4177 (μιοάβὶ
3604 4107 3771 4160 fuerat

2190 4200 2535 4269 imperatum,
2564 4198 2746 4252 statim
2794 4208 2879 4252 est
2912 4198 3055 4252 facta
3099 4198 3419 4260 commotio,
3465 4212 3691 4265 ossaque
3722 4197 3769 4249 in

2190 4306 2343 4346 suam
2367 4299 2491 4345 sunt
2512 4290 2775 4359 applicata
2792 4303 3127 4359 compagem,
3155 4288 3376 4343 astricta
3399 4288 3597 4350 nervis,
3620 4287 3769 4356 plena

2190 4382 2457 4445 carnium,
2485 4380 2623 4450 pelle
2654 4388 2945 4450 cooperta,
2970 4378 3333 4448 jacebantque
3381 4380 3614 4433 humana
3652 4391 3766 4430 eor-

2191 4488 2347 4543 pora,
2377 4473 2624 4542 spiritum
2661 4487 2766 4525 non
2798 4470 3073 4525 habentia.
3110 4469 3315 4523 ideirco
3349 4470 3609 4537 propheta
3641 4476 3765 4518 vat:-

509 4584 527 4617 ι
566 4567 897 4621 commotio:
935 4575 989 4621 et
1030 4578 1377 4623 accesserunt
1420 4584 1541 4624 ossa
1596 4566 1663 4621 ad
1690 4582 1847 4631 ossa,
1890 4582 2089 4624 unum-
2118 4541 2168 4599 D
2195 4567 2407 4621 cinatur
2434 4565 2499 4619 ad
2532 4563 2804 4632 spiritum,
2850 4570 2907 4615 et
2945 4562 3062 4615 ait:
3102 4578 3121 4610 ι
3172 4560 3297 4613 Ηωο
3328 4560 3475 4613 dicit
3522 4559 3767 4613 Dominus

512 4675 530 4708 ι
568 4658 817 4727 quodque
863 4658 929 4711 ad
967 4654 1277 4724 juncturam
1318 4673 1489 4711 suam.
1522 4657 1588 4711 Et
1610 4658 1739 4721 vidi,
1763 4667 1818 4714 et
1849 4672 1976 4711 ecce
2003 4672 2088 4711 su-

510 4764 528 4797 ι
562 4761 661 4816 per
683 4761 747 4801 ea
774 4746 923 4801 nervi
960 4754 1016 4801 et
1046 4761 1238 4801 carnes
1276 4747 1656 4809 ascenderunt,
1680 4754 1737 4799 et
1762 4754 1979 4799 extenta
2006 4752 2091 4798 est

512 4858 530 4890 ι
568 4839 622 4893 in
651 4839 730 4894 eis
754 4839 892 4894 cutis
920 4838 1167 4908 desuper,
1198 4847 1253 4891 et
1282 4838 1528 4908 spiritum
1558 4852 1664 4891 non
1697 4837 1988 4891 habebant.
2022 4838 2090 4891 Et

512 4949 530 4981 ι
568 4929 704 4985 dixit
745 4930 812 4985 ad
859 4945 983 4985 me:
1015 4930 1319 4984 Vaticiuare
1356 4930 1423 4982 ad
1454 4930 1723 4997 spiritum,
1770 4928 2087 4991 vaticinare,

512 5043 530 5073 ε
570 5022 644 5077 ﬁli
675 5022 944 5086 hominis,
998 5024 1113 5077 hmc
1152 5022 1300 5075 dices
1348 5022 1415 5075 ad
1463 5021 1750 5089 spiritum:
1787 5019 1912 5074 llwe
1961 5020 2092 5075 dicit

514 5134 532 5166 ι
570 5116 828 5171 Dominus
884 5116 1061 5169 Deus:
1095 5114 1142 5168 A
1192 5123 1424 5184 quatuor
1454 5115 1629 5169 ventis
1658 5112 1801 5177 veni,
1845 5113 2086 5181 spiritus,

514 5226 532 5259 ι
567 5216 622 5261 et
646 5206 852 5261 insuﬁla
882 5222 1042 5276 super
1070 5206 1378 5259 interfectos
1400 5206 1551 5267 istos,
1573 5214 1628 5259 et
1656 5204 1998 5259 reviviscant.
2024 5203 2091 5257 Et

513 5317 533 5353 ι
570 5300 887 5370 prophetavi
918 5299 1059 5353 sicut
1086 5306 1415 5367 prmccperat
1443 5297 1595 5359 mihi,
1626 5306 1681 5351 et
1703 5298 1978 5366 ingressus
2008 5302 2090 5349 est

510 5407 530 5443 ι
566 5391 620 5447 in
654 5405 718 5445 ea
744 5390 982 5454 spiritus,
1015 5401 1062 5442 c‘.
1094 5389 1366 5451 vixerunt,
1389 5395 1761 5457 steteruntque
1803 5401 1964 5454 super
1998 5402 2090 5455 pea-

513 5500 536 5538 (
570 5488 667 5539 des
697 5499 845 5547 suos,
878 5482 1147 5537 exercitus
1179 5480 1395 5550 graniis
1441 5480 1602 5534 nimis
1645 5480 1827 5545 valde;
1872 5488 1925 5533 et
1955 5480 2090 5532 dixit

516 5593 537 5629 ι
568 5575 637 5632 ad
676 5590 804 5629 me:
843 5573 943 5627 Fili
992 5573 1244 5633 hominis,
1291 5586 1411 5625 ossa
1451 5572 1567 5625 hmc
1609 5572 1859 5624 universa
1900 5570 2090 5623 domus

516 5684 536 5717 ι
570 5663 730 5720 lsrael
759 5674 841 5719 est
870 5679 887 5717 :
920 5664 1016 5733 ipsi
1067 5663 1269 5716 dicunt.
1318 5660 1591 5715 Aruerunt
1644 5676 1763 5715 ossa
1810 5668 1993 5713 nostra
2038 5666 2091 5709 et

518 5773 537 5807 ι
576 5757 737 5826 periit
762 5771 884 5827 spes
919 5765 1123 5821 nostra,
1146 5762 1201 5807 et
1230 5752 1424 5806 abscisi
1451 5766 1656 5806 sumus.
1682 5750 1969 5821 Pmptcrea
1993 5764 2078 5802 va-

2195 4656 2356 4711 Deus.
2396 4654 2443 4708 A
2483 4662 2716 4724 quatuor
2740 4652 2913 4706 ventis
2941 4651 3083 4715 veni,
3116 4651 3369 4719 spiritus;
3414 4670 3432 4703 ι
3483 4665 3514 4703 a
3549 4658 3765 4718 quatuor

2193 4749 2445 4802 videlicet
2469 4745 2651 4801 mundi
2680 4744 2872 4815 plagis,
2907 4752 2963 4796 ut
2999 4742 3269 4811 quomodo
3310 4742 3362 4795 in
3389 4741 3559 4809 prima
3588 4738 3763 4793 condi-

2196 4838 2341 4893 tione
2384 4837 2636 4899 hominis,
2670 4832 2959 4888 insulllavit
2994 4834 3135 4896 Deus
3176 4831 3230 4885 in
3271 4829 3467 4885 faciem
3495 4830 3624 4899 ejus,
3659 4847 3677 4878 ι
3712 4836 3761 4880 ct

2192 4929 2370 4985 factus
2407 4938 2491 4983 est
2534 4927 2587 4981 in
2620 4926 2857 4980 animam
2907 4924 3179 4976 viventem
3226 4920 3378 4991 (Gen.
3433 4924 3525 4988 tt);
3560 4939 3577 4970 ›
3609 4920 3685 4971 sic
3714 4928 3761 4970 ct

2192 5021 2427 5079 secunda
2454 5017 2708 5082 conditio,
2753 5016 2805 5070 id
2844 5023 2947 5079 est,
2977 5012 3304 5067 resurrectio
3336 5019 3657 5065 mortuorum
3686 5010 3761 5063 ire

2191 5109 2438 5169 suﬁlante
2482 5108 2673 5178 spiritu
2724 5106 3049 5161 viviﬁeetur.
3097 5103 3197 5169 Qui
3239 5103 3513 5171 ingressus
3555 5109 3633 5154 est
3669 5100 3761 5154 hu-

2190 5219 2349 5259 mana
2373 5214 2597 5270 corpora
2626 5198 2915 5266 statimque
2943 5196 3216 5259 vixerunt,
3246 5212 3263 5243 ι
3285 5201 3651 5260 steteruntque
3677 5204 3757 5244 su-

2189 5307 2286 5364 per
2309 5291 2473 5361 pedes
2511 5303 2653 5343 suos.
2695 5307 2712 5340 ι
2748 5286 2901 5341 Unde
2933 5295 2986 5339 et
3029 5284 3355 5337 resurrectio
3391 5282 3579 5336 dicitur
3620 5294 3752 5332 mor—

2190 5392 2407 5437 tuorum
2452 5376 2798 5448 congregatio
2850 5376 2963 5428 sive
3014 5372 3240 5427 ecclesia
3286 5370 3487 5435 multa,
3528 5377 3667 5425 etut
3704 5368 3750 5421 in

2192 5472 2417 5527 Hebraeo
2465 5468 2645 5532 habet,
2690 5467 2903 5536 grandis
2947 5465 3221 5525 exercitus,
3272 5478 3443 5531 eoque
3476 5458 3760 5527 completur

2192 5572 2472 5629 tempore:
2512 5577 2530 5608 ί
2569 5558 2765 5611 Emitte
2792 5556 3039 5625 spiritum
3084 5563 3230 5607 tuum
3263 5564 3318 5606 ct
3344 5553 3679 5609 creabantur,
3706 5557 3752 5601 ct

2193 5650 2479 5707 renovabis
2529 5648 2720 5703 facient
2766 5654 2922 5701 terra:
2954 5644 3124 5714 (Psal.
3162 5645 3301 5712 cm).
3340 5662 3359 5694 ι
3388 5640 3531 5707 Quod
3585 5650 3749 5691 autem

2196 5745 2439 5815 sequitur
2476 5763 2488 5797 :
2524 5762 2541 5793 ι
2574 5742 2636 5795 Et
2669 5740 2801 5797 dixit
2829 5738 2892 5793 ad
2934 5749 3018 5789 me
3047 5750 3059 5788 :
3089 5736 3185 5792 Fili
3225 5735 3471 5798 hominis,
3500 5749 3617 5789 ossa
3649 5733 3749 5784 11.120
