3936 6352
160 400 275 469 86f

1090 400 1445 469 COMliEN’I'.
1486 409 1554 466 IN
1592 399 2047 468 EZECI'IIELEM.
2088 440 2157 453 —
2195 410 2323 469 LIB.
2364 404 2525 469 XIII-

3325 409 3431 466 803

161 533 412 590 universa
449 533 637 589 demus
664 522 967 598 Israel'est,
991 551 1008 585 ι
1040 532 1253 588 videtur
1280 531 1461 587 facere
1489 530 1743 601 quaestio-
1768 534 1816 594 Α
1846 545 1947 587 nos
1998 531 2451 587 resurrectionem
2474 539 2727 601 negare,
2768 529 2865 585 sed
2909 529 3033 584 haec:
3072 541 3198 583 nom
3228 528 3430 599 scripta

161 640 309 691 nem,
350 640 417 680 eo
443 625 586 695 quod
624 640 729 681 non
773 624 842 681 de
890 624 1125 695 generali
1172 624 1596 689 resurrectione,
1649 623 1746 679 sed

158 716 382 787 proprie
408 717 474 773 de
503 717 897 772 resurrectione
944 712 1156 771 dicatur
1188 716 1376 769 domus
1405 708 1746 784 Israel,.qu:e

158 807 306 862 dicat
332 823 346 861 :
380 824 400 859 ι
432 807 708 863 Aruerunt
730 822 856 864 ossa
877 810 1080 873 uestra,
1111 816 1166 863 et
1195 805 1358 876 periit
1382 813 1507 875 spes
1535 810 1743 869 nostra,

160 901 219 954 et
250 892 447 954 abscisi
476 913 665 955 sumus
700 915 731 955 a
764 908 907 954 terra
949 908 1151 982 nostra,
1190 912 1215 982 ξ·
1244 899 1362 954 sive
1395 898 1617 953 omnino
1647 898 1745 952 de-

158 990 519 1062 speravimus.
556 991 763 1059 Quibus
806 992 907 1047 ista
950 979 1253 1048 dicentibus
1297 991 1471 1045 tertio'
1494 988 1747 1044 Ezechiel

157 1083 489 1153 prophetare
545 1084 886 1153 compellitur
933 1086 989 1139 et
1045 1084 1231 1140 dicere
1274 1074 1486 1139 ossibus
1528 1080 1742 1136 aridis:

164 1191 191 1226 σ
218 1173 347 1230 Haec
379 1175 509 1231 dicit
540 1175 800 1232 Dominus
831 1168 975 1232 Deus
1004 1180 1017 1231 ξ
1050 1176 1192 1231 Ecce
1236 1186 1336 1246 ego
1382 1174 1625 1245 aperiam
1662 1178 1748 1228 tti-

158 1264 339 1321 mtlos
365 1274 593 1322 vestros.
630 1286 649 1320 ι
682 1265 740 1321 In
769 1282 875 1335 quo
898 1269 1178 1337 quaeritur,
1211 1266 1257 1321 si
1280 1266 1455 1337 aperit
1483 1258 1744 1330 tumulos,

158 1356 433 1427 quomodo
475 1372 636 1428 supra
674 1356 906 1412 dixerit:
942 1375 959 1410 ‹
988 1356 1158 1411 Erant
1185 1364 1365 1411 autem
1392 1354 1558 1409 multa
1592 1354 1749 1410 valde

157 1458 328 1521 Super
372 1448 566 1505 faciem
610 1450 821 1519 campi,
871 1448 1123 1518 siccaque
1166 1446 1533 1503 vehementer.
1571 1464 1589 1498 ι
1631 1463 1652 1497 ‹
1682 1442 1749 1501 Et

157 1540 407 1604 educam,
452 1540 654 1610 inquit,
701 1552 795 1595 vos
834 1538 901 1595 de
946 1538 1206 1610 sepulcris
1252 1538 1479 1602 vestris,
1521 1534 1749 1606 populus

157 1645 337 1687 meus.
370 1651 389 1685 ι
424 1630 730 1687 Secundum
770 1618 898 1687 illud
930 1628 1070 1700 quod
1098 1630 1359 1700 Scriptum
1383 1638 1467 1686 est
1487 1631 1540 1685 in
1569 1630 1751 1684 Evan-

157 1723 302 1794 gelio
323 1723 504 1795 (Joan.
532 1724 585 1793 v)
616 1742 627 1777 :
652 1742 669 1775 ‹
701 1724 858 1803 venit
888 1724 1042 1795 hora,
1062 1724 1278 1793 quando
1303 1724 1393 1793 qui
1412 1724 1463 1778 in
1488 1723 1750 1803 sepulcris

157 1825 309 1882 sunt,
358 1818 576 1871 audient
619 1832 805 1873 vocem
846 1803 967 1872 Filii
996 1806 1202 1882 Dci,'et
1236 1817 1459 1872 exibum
1487 1815 1579 1887 qui
1609 1802 1749 1870 bona

1845 623 1916 678 de
1957 624 2354 680 resurrectione
2385 622 2712 679 contendere
2735 661 2750 685 ,
2790 628 2846 677 et
2894 636 2993 692 per
3019 610 3433 679 resurréntionis

1844 714 2155 784 paraboiam
2186 714 2257 771 de
2289 702 2631 771 restitutione
2664 713 2832 769 Israel
2874 714 3203 786 prophetari,
3240 714 3435 783 quieo

1847 813 2087 876 tempore
2110 806 2500 876 captivus-erat
2551 805 2607 859 in
2638 804 2926 874 Babylone.
2963 803 3298 859 Nec-statim
3325 805 3435 865 lia-

1848 898 2035 953 reticis
2056 884 2697 960 occasionemdabimus,
2730 896 2776 951 si
2794 897 2918 951 haec
2948 898 3015 951 de
3035 896 3449 951 resurrectione

1846 988 2122 1044 communi
2172 978 2394 1060 intelligi
2431 988 2778 1059 denegemus.
2826 986 3108 1056 Nunquam
3144 995 3437 1055 poneretur

1847 1077 2141 1134 similitudo
2175 1079 2587 1134 resurrectionis
2610 1078 2677 1132 ad
2718 1076 3113 1133 restitutionem
3158 1075 3436 1130 Israelitici

1846 1170 2027 1241 populi
2060 1170 2487 1241 significandam,
2531 1166 2633 1226 nisi
2674 1179 2843 1225 staret
2870 1166 3347 1239 ipsaeresurreetio
3383 1174 3438 1220 et

1847 1250 2025 1315 futura
2073 1260 2419 1316 crederetur:
2452 1261 2576 1328 quia
2604 1273 2763 1315 nemo
2792 1261 2858 1314 de
2898 1259 3059 1313 rebus
3094 1256 3437 1311 exstantibus

1848 1352 2053 1407 incerta
2110 1342 2429 1416 conﬁrmat;
2470 1353 2686 1420 totaque
2713 1362 2897 1405 nostra
2926 1350 3017 1404 illo
3048 1351 3218 1403 tendit
3260 1361 3436 1405 asser-

1847 1442 1953 1507 tio,
1971 1442 2112 1511 quod
2137 1441 2405 1511 quomodo
2436 1442 2650 1496 videtur
2677 1440 3008 1495 incredulum
3039 1440 3181 1508 quod
3222 1439 3435 1497 ossibus

1848 1533 2014 1588 aridis
2037 1540 2092 1588 et
2121 1533 2287 1588 multa
2315 1540 2583 1588 vetustate
2608 1527 2871 1588 confectis
2911 1530 3087 1585 futura
3111 1530 3436 1585 resurrectio

1848 1625 2215 1695 promittatur,
2235 1633 2289 1679 et
2315 1631 2493 1679 tamen
2519 1624 2757 1678 futurum
2784 1629 2870 1677 est
2890 1622 3031 1691 quod
3054 1620 3392 1691 promittitur
3418 1637 3431 1671 :

1849 1710 1929 1772 sic
1943 1726 1996 1772 et
2006 1717 2339 1774 resurrectio
2355 1708 2535 1787 populi
2558 1704 2745 1781 Israel,
2761 1716 2851 1785 qui
2871 1714 3062 1770 ductus
3083 1723 3167 1769 est
3183 1714 3236 1768 in
3261 1712 3435 1782 ca'pti-

1849 1808 2071 1861 vitatem
2084 1808 2206 1862 etin
2225 1815 2335 1862 toto
2350 1808 2481 1862 orbe
2495 1808 2795 1877 dispersus;
2810 1806 3019 1862 videtur
3032 1807 3245 1877 quidem
3265 1806 3439 1861 incre-

157 1916 393 1978 bgerunt
415 1908 469 1962 in
497 1909 945 1963 resurrectionem
973 1909 1114 1963 'vilte.
1146 1928 1164 1960 ι
1198 1894 1269 1964 Et
1310 1881 1553 1963 iterum:
1591 1927 1609 1959 ‹
1647 1906 1749 1975 Qui
1780 1881 1825 1941 Β
1853 1897 2032 1953 dibilis
2062 1898 2255 1979 bisqui
2284 1898 2380 1953 DBi
2412 1905 2519 1953 non
2552 1908 2751 1953 norunt
2772 1900 3103 1968 potentiam;
3134 1899 3227 1953 sed
3260 1906 3439 1953 tamen

160 1998 437 2055 audierint
461 2000 664 2054 vivent.
705 2020 722 2053 ι
749 1998 816 2053 Et
851 2000 894 2055 si
936 2006 999 2055 ut
1034 1999 1275 2054 nonnulli
1314 1999 1649 2054 arbitrantur
1687 1999 1754 2055 de

158 2090 405 2163 generali
438 2091 837 2146 resurrectione
876 2089 1007 2147 dicit
1036 2104 1216 2145 sermo
1238 2089 1472 2154 divinus,
1496 2088 1624 2159 quid
1654 2102 1752 2144 ne-

160 2190 319 2238 Cesse
346 2169 445 2237 fuit
466 2181 771 2252 specialiter
794 2183 935 2239 dici:
971 2203 989 2235 ί
1019 2182 1089 2238 Et
1115 2183 1364 2240 inducam
1406 2198 1500 2238 vos
1547 2183 1603 2237 in
1642 2168 1751 2237 ter-

161 2289 285 2330 ram
316 2273 513 2329 Israel?
553 2292 573 2327 ›
600 2290 722 2330 cum
748 2274 802 2329 in
830 2275 975 2330 omni
1006 2273 1137 2331 orbe
1168 2270 1434 2331 terrarum
1470 2264 1754 2345 resurgere

159 2365 400 2420 debeant
437 2365 657 2431 mortui,
684 2375 751 2420 ex‘
783 2366 867 2421 his
904 2364 1037 2421 locis
1072 2366 1124 2421 in
1160 2366 1355 2435 Quibus
1382 2364 1750 2437 sepu1tisnnt.

160 2452 411 2524 Cumque
435 2456 548 2509 ait:
588 2473 605 2505 ε
639 2455 889 2510 Eduxero
924 2470 1020 2510 vos
1064 2454 1132 2511 de
1176 2454 1397 2510 tttmulis
1442 2455 1660 2520 vestris,
1701 2464 1758 2511 et

159 2542 368 2599 dedero
411 2542 659 2612 spiritum
707 2557 885 2596 meum
934 2542 985 2596 in
1028 2528 1181 2598 vobis
1218 2551 1274 2597 et
1318 2540 1585 2607 vixeritis,
1629 2552 1757 2599 tunc

164 2634 509 2705 requiescere
536 2638 633 2689 vos
661 2633 853 2689 faciam
897 2641 1059 2704 super
1088 2635 1314 2689 humum
1340 2643 1599 2700 vostram,
1640 2653 1659 2686 ι
1698 2644 1759 2688 ut

162 2735 454 2795 postquam
498 2725 877 2795 requieveritis
910 2726 962 2779 in
994 2712 1148 2779 terra
1176 2724 1361 2790 Israel,
1399 2733 1528 2780 tunc
1555 2734 1755 2796 cognm

162 2808 334 2876 scatis
383 2818 525 2888 quod
576 2819 687 2888 ipse
725 2818 828 2872 sim
878 2816 1151 2880 Dominus,
1194 2817 1285 2888 qui
1325 2817 1591 2887 promissa
1639 2824 1757 2872 mea

160 2924 331 2980 opere
362 2907 767 2977 compleverim.
811 2907 913 2975 Qui
950 2923 1079 2979 ergo
1122 2908 1187 2962 de
1229 2908 1471 2980 generali
1516 2923 1759 2964 resurre-

162 3001 347 3057 ctione
370 3001 485 3055 haec
505 2998 647 3055 dicta
676 2999 1002 3070 intelligunt,
1026 2996 1154 3055 illud
1176 2999 1317 3068 quod
1346 2997 1557 3053 videtur
1578 2998 1759 3056 facere

163 3092 523 3163 quaestionem
548 3109 562 3146 :
593 3112 611 3142 ι
635 3090 768 3146 Ossa
789 3092 904 3145 haec
926 3091 1178 3157 universa
1205 3089 1397 3168 domus
1418 3087 1581 3145 Israel
1606 3100 1690 3147 est
1707 3104 1753 3158 ;i

165 3186 237 3240 ad
266 3192 580 3239 sanctorum
624 3174 1079 3238 resurrectionem
1128 3172 1387 3247 referunt,
1435 3182 1502 3237 de
1548 3194 1655 3253 qua
1705 3190 1760 3239 et

162 3268 445 3347 apostolus
471 3272 708 3328 Joannes
747 3272 801 3326 in
838 3271 1160 3342 Apocalypsi
1192 3271 1431 3340 loquitur
1458 3290 1471 3325 :
1510 3291 1533 3325 ι
1561 3273 1759 3328 Beatus

160 3376 223 3423 ct
243 3374 464 3421 sanctus
486 3364 579 3435 qui
610 3364 771 3418 habet
797 3372 1005 3434 partem
1049 3364 1103 3417 in
1131 3363 1531 3419 resurrectione
1560 3362 1753 3434 prima,

162 3467 333 3528 super
346 3470 469 3515 eum
490 3455 726 3511 secunda
748 3470 894 3509 mors
914 3468 1020 3508 non
1043 3453 1209 3510 habet
1226 3462 1547 3524 potestatem
1572 3454 1755 3524 (Apoc.

163 3550 287 3621 xx),
326 3568 345 3601 ι
381 3547 535 3618 quod
561 3546 808 3602 videlicet
832 3546 933 3600 alia
986 3554 1321 3611 sanctorum,
1358 3546 1463 3599 alia
1506 3554 1761 3615 peccato-

164 3654 291 3697 rum
313 3639 384 3694 sit
399 3638 741 3693 resurrectio.
768 3636 921 3692 Unde
939 3636 1067 3692 etin
1079 3635 1297 3706 psalmo
1312 3652 1327 3690 ι
1344 3636 1573 3691 dicitur:
1601 3653 1620 3687 ι
1644 3634 1761 3691 Non

168 3736 464 3800 resurgunt
498 3727 648 3797 impii
675 3726 732 3780 in
751 3723 976 3793 judicio,
1005 3737 1180 3795 neque
1204 3733 1519 3794 peccatores
1555 3726 1608 3779 in
1632 3741 1763 3781 coni-

165 3818 297 3875 cilio
324 3817 618 3886 justorum.
658 3835 677 3869 ι
707 3814 928 3871 Terram
956 3822 1139 3869 autem
1170 3814 1356 3880 Israel,
1391 3828 1554 3884 quam
1588 3823 1763 3869 resur-

166 3910 422 3983 gentibus
454 3908 713 3964 Dominus
744 3894 1051 3976 pollicetur,
1090 3904 1239 3960 illam
1280 3920 1401 3961 esse
1441 3904 1763 3959 confirmant

169 4007 240 4062 de
269 4020 377 4075 qua
416 4002 676 4070 scriptum
724 4009 809 4054 est
836 4016 847 4050 :
878 4015 896 4048 ‹
934 3996 1081 4051 Beati
1123 3997 1299 4061 mites,
1355 3997 1610 4067 quoniam
1661 3996 1764 4066 ipsi

169 4095 525 4170 possidebunt
552 4102 765 4146 terram
810 4088 1025 4161 (Matth.
1069 4090 1121 4160 ν)
1157 4105 1171 4154 ;
1204 4096 1262 4143 et
1293 4106 1305 4141 :
1344 4108 1361 4139 ι
1397 4088 1625 4143 Placebo
1667 4088 1767 4142 Do.

173 4187 326 4243 mino
357 4186 410 4239 in
438 4183 653 4253 regione
670 4180 967 4235 viventium
993 4178 1165 4248 (Psat.
1191 4176 1359 4249 cxtv).
1393 4176 1519 4233 Haec
1544 4176 1765 4246 loquun-

174 4288 265 4334 tur
315 4276 407 4346 qui
466 4275 553 4329 de
594 4271 874 4343 generali,
927 4279 986 4325 ut
1036 4270 1269 4325 diximus
1298 4310 1312 4334 ,
1368 4268 1767 4323 resurrectione

174 4367 516 4427 Ezechielem
573 4364 856 4435 scripsisse
903 4367 1208 4417 autumant.
1250 4361 1350 4428 Qui
1387 4370 1566 4416 autem
1609 4361 1768 4416 aliter

175 4464 605 4531 interpretantur
655 4458 755 4511 ista
808 4466 912 4510 non
968 4455 1164 4510 debent
1210 4453 1366 4508 nobis
1405 4452 1584 4508 facere
1624 4452 1764 4507 invi-

172 4555 353 4615 diem,
410 4551 552 4620 quod
599 4550 761 4603 istum
812 4546 986 4602 locum
1021 4545 1179 4600 aliter
1218 4554 1547 4615 exponentes
1582 4559 1764 4599 resura-

174 4644 492 4700 rectionem:
524 4652 723 4709 negare
765 4635 1065 4691 videamur.
1129 4635 1341 4692 Scimus
1394 4636 1540 4691 enim
1597 4634 1765 4690 multo

178 4735 489 4791 robustiora
520 4729 826 4786 testimonia
850 4769 864 4793 ,
897 4736 952 4783 ct
994 4729 1048 4782 in
1089 4727 1284 4797 quibus
1324 4726 1470 4782 nulla
1514 4728 1583 4781 sit
1612 4726 1766 4780 dubi-

178 4833 317 4888 tatio
346 4832 401 4886 in
431 4828 727 4899 Scripturis
750 4826 969 4901 sanctis
996 4825 1240 4895 reperiri,
1268 4833 1327 4879 ut
1351 4834 1434 4880 est
1470 4822 1599 4878 illud
1624 4821 1723 4877 Job
1747 4828 1763 4875 ξ

182 4938 205 4979 ’t
255 4902 562 4982 Suscitabis
601 4923 811 4994 peilem-
848 4936 1022 4976 meam
1073 4918 1214 4990 (Job.
1259 4920 1410 4987 xix),
1448 4935 1467 4969 ι
1510 4922 1629 4985 quae
1664 4915 1764 4967 ista

179 5019 452 5081 sustinet;
507 5023 561 5070 et
612 5016 663 5069 in
704 5012 891 5069 Daniel
946 5026 959 5066 :
1008 5030 1027 5061 ί
1065 5008 1213 5064 Multi
1258 5008 1363 5078 qui:
1398 5006 1672 5064 dormiunt
1713 5004 1769 5057 in

184 5122 344 5170 terrae
365 5110 616 5180 pulvere,
662 5112 965 5175 rcsurgent,
998 5104 1083 5158 isti
1127 5104 1180 5156 in
1204 5102 1369 5156 vitam
1406 5108 1686 5161 aeternam,
1718 5103 1773 5151 et

185 5202 276 5258 isti
319 5202 376 5255 in
417 5195 761 5267 opprobrium
789 5204 843 5249 et
884 5193 1254 5247 confusionem
1303 5197 1560 5243 aeternam
1605 5185 1767 5257 (Dan.

187 5293 311 5367 in).
348 5312 366 5346 ι
402 5291 469 5345 Et
499 5291 552 5343 in
577 5286 897 5357 Evangelio:
934 5303 951 5334 ‹
989 5282 1163 5337 Nolite
1196 5280 1387 5334 timere
1413 5293 1508 5333 eos
1538 5277 1629 5348 qui
1656 5291 1775 5330 cor-

185 5401 292 5458 pus
319 5380 668 5443 interﬁciunt,
705 5386 761 5433 et
798 5379 1032 5431 animam
1074 5389 1179 5427 non
1229 5378 1454 5440 possunt
1496 5368 1770 5423 occidere:

194 5481 380 5535 timete
427 5483 609 5530 autem
640 5488 761 5527 cum
806 5469 978 5539 magis
1012 5468 1100 5536 qui
1132 5472 1308 5535 potest
1352 5471 1410 5516 et
1454 5462 1686 5515 animam
1722 5466 1775 5513 et

189 5581 390 5635 corpus
410 5563 633 5635 perdere
657 5561 708 5613 in
731 5559 1029 5629 gehennam
1055 5555 1202 5627 (Luc.
1231 5556 1351 5625 xu).
1374 5552 1440 5605 Et
1459 5552 1514 5605 in
1535 5548 1776 5619 apostolo

195 5659 398 5714 Paulo:
436 5675 453 5706 ι
487 5654 587 5722 Qui
616 5650 910 5707 viviticabit
950 5657 1004 5702 et
1051 5646 1295 5700 mortalia
1329 5653 1507 5697 vestra
1551 5653 1779 5709 corpora

193 5759 416 5824 propter
448 5745 835 5801 tnhabitantem
874 5740 1122 5811 spiritum
1166 5736 1282 5803 ejus
1330 5736 1381 5788 in
1424 5732 1775 5801 vobis(Rom.

206 5838 343 5911 uti),
381 5858 399 5893 ›
428 5837 687 5907 etnntlta
732 5832 865 5899 alia;
912 5848 975 5886 cx
1017 5844 1123 5900 quo
1165 5828 1509 5897 perSpicuum
1545 5831 1644 5887 est,
1674 5837 1779 5876 non

1793 4593 1844 4653 D

1853 1988 2037 2045 futura
2062 1998 2165 2053 est,
2201 1990 2327 2058 quia
2353 2004 2477 2060 ego,
2524 1990 2699 2059 induit
2739 1981 3018 2054 Dominus,
3047 1987 3258 2043 locutus
3296 1999 3439 2054 sum,

1854 2089 1909 2137 et
1938 2080 2129 2135 faciam
2162 2080 2302 2137 sicut
2330 2080 2617 2150 pollicitus
2651 2089 2791 2135 sum.
2821 2079 3059 2148 Denique
3083 2087 3138 2134 et
3183 2076 3442 2133 anteriori

1852 2170 2166 2241 prophetia,
2233 2170 2291 2223 in
2349 2185 2457 2239 qua
2514 2169 2786 2224 montibus
2834 2168 2997 2223 Israel
3048 2170 3302 2241 antiquus
3348 2181 3441 2227 re-

1852 2261 2186 2332 promittitur
2232 2258 2425 2315 status.
2476 2247 2543 2313 Et
2592 2255 2731 2314 dicit
2773 2259 2841 2315 ad
2870 2273 2964 2314 eos
2996 2258 3287 2313 Dominus:
3323 2275 3341 2309 ι
3375 2257 3444 2313 Et

1855 2358 2142 2408 convertar
2174 2350 2239 2405 ad
2265 2356 2384 2414 vos,
2412 2359 2466 2405 et
2486 2350 2793 2414 arabimini,
2819 2358 2874 2405 et
2902 2348 3179 2419 accipietis
3226 2361 3444 2403 senten-

1856 2451 1985 2508 tem,
2040 2450 2095 2496 et
2134 2440 2479 2512 muliplicabo
2528 2441 2593 2495 in
2625 2441 2776 2495 vobis
2816 2439 3079 2502 homines,
3120 2450 3445 2508 omnemque

1856 2536 2073 2590 domum
2102 2531 2288 2588 Israel.
2320 2550 2337 2583 ι
2374 2518 2442 2585 Et
2475 2536 2690 2585 rursum
2720 2532 2861 2600 quod
2889 2531 3079 2585 domus
3104 2527 3269 2584 Israel
3296 2525 3444 2583 habi-

1857 2637 1979 2684 tura
2008 2626 2079 2682 sit
2112 2626 2164 2680 in
2198 2629 2341 2679 terra
2364 2639 2482 2688 sua,
2515 2638 2633 2693 qua:
2675 2622 2948 2692 quondam
2991 2619 3216 2683 inculta,
3257 2624 3443 2688 postea

1855 2720 2037 2776 futura
2067 2721 2137 2775 sit
2157 2720 2310 2789 quasi
2340 2720 2531 2773 hortus
2544 2716 2925 2787 voluptatis,,et
2944 2713 3193 2769 civitates
3216 2711 3445 2769 deserta

1858 2819 1914 2867 et
1952 2810 2221 2866 destitutae
2267 2800 2603 2871 muniantur,
2642 2804 3108 2874 et‘multiplicctur
3143 2802 3198 2856 in
3233 2800 3313 2855 eis
3344 2800 3442 2854 do-

1857 2916 1979 2955 mus
2007 2899 2168 2955 Israel
2200 2900 2341 2954 sicut
2365 2914 2497 2968 grex
2522 2897 2726 2959 ovium,
2756 2902 2811 2950 et
2838 2903 3037 2949 caetera
3065 2906 3186 2961 quae
3212 2903 3443 2959 sequun-

1859 3000 1950 3044 tur
1992 2990 2059 3043 ad
2098 2989 2350 3043 eumdem
2399 3002 2619 3042 sensum
2657 2985 2931 3055 pertinere
2966 2998 2981 3036 :
3014 2983 3103 3051 qui
3155 2996 3295 3035 nunc
3344 2978 3445 3034 sub

1861 3081 2155 3151 tropologia
2194 3087 2250 3135 et
2277 3077 2529 3148 paraboia
2570 3076 2769 3132 dicitur
2810 3073 3085 3128 aridorum
3133 3069 3356 3133 ossium,
3392 3075 3448 3122 et

1862 3173 2078 3244 penitus
2105 3170 2307 3225 nullum
2354 3170 2635 3224 humorem
2674 3166 2796 3220 vita:
2824 3163 3136 3219 habentium
3170 3176 3184 3214 :
3227 3158 3445 3229 impleto

1863 3264 1956 3319 illo
1986 3262 2128 3333 quod
2168 3262 2222 3316 in
2261 3258 2553 3329 Evangelio
2591 3256 2852 3325 scriptum
2896 3260 2981 3309 est
3020 3269 3033 3302 :
3073 3269 3091 3303 ι
3129 3251 3256 3318 Qua:
3304 3248 3445 3318 apud

1861 3356 2109 3413 homines
2139 3352 2490 3424 impossibilia
2526 3352 2796 3413 videntur,
2834 3346 2975 3415 apud
3012 3345 3178 3398 Deum
3208 3338 3441 3412 possibi-

1859 3448 1931 3502 lia
1961 3455 2088 3503 sunt
2106 3444 2257 3517 (Lac.
2285 3443 2463 3515 XVIII).
2496 3461 2517 3495 ι
2546 3439 2715 3509 Eiecti
2742 3446 2868 3494 sunt
2892 3444 3071 3490 autem
3095 3434 3161 3488 de
3187 3428 3449 3501 sepuicris

1862 3540 1996 3604 suis,
2022 3540 2086 3593 de
2114 3532 2375 3607 sepuicris
2400 3530 2744 3604 captivitatis,
2776 3536 2831 3585 et
2861 3526 3089 3581 vinculis
3112 3525 3306 3594 quibus
3327 3533 3450 3577 ser-

1861 3631 2033 3685 vitute
2061 3627 2351 3697 Babylonia
2376 3626 2691 3679 tenebantur
2725 3620 2951 3675 astricti.
2984 3617 3090 3671 Sed
3124 3616 3238 3669 haec
3260 3609 3442 3668 omnia

1860 3717 2032 3777 Judaei
2057 3720 2142 3775 vel
2169 3720 2268 3774 sub
2296 3714 2613 3780 Zorobabei,
2645 3721 2705 3767 ut
2737 3712 2887 3782 prius
2916 3710 3047 3775 dixi,
3074 3707 3289 3778 expleta
3314 3721 3443 3760 con-

1862 3813 2104 3876 ﬁrmant,
2152 3807 2539 3879 quandofacta
2573 3812 2657 3861 est
2700 3817 2905 3874 magna»
2922 3800 3237 3861 commotio,
3270 3804 3325 3851 et
3359 3811 3450 3852 re-

1863 3919 2026 3975 gnum
2047 3894 2427 3965 Chaldaeorum
2458 3901 2513 3954 in
2545 3898 2727 3953 Medos
2766 3896 3065 3966 Persasque
3101 3892 3447 3962 translatum,

1862 3996 1947 4051 vel
1970 3996 2022 4049 in
2048 3994 2335 4065 praesentia
2356 3990 2559 4046 Christi
2588 3987 2669 4043 sui
2702 3994 2861 4056 quem
2888 3992 3079 4055 putant
3104 3996 3226 4037 esse
3250 3988 3436 4035 ventu.

1865 4100 2003 4140 rum.
2059 4084 2168 4139 Nos
2215 4091 2396 4136 autem
2442 4078 2756 4149 spiritaliter
2800 4084 2920 4147 post
2967 4082 3181 4129 crucem
3232 4069 3445 4125 Domini

1866 4177 2166 4233 Salvatoris
2206 4174 2469 4244 completa
2518 4184 2903 4233 memoramus,
2944 4176 2999 4222 et
3046 4165 3282 4235 quotidie
3326 4163 3444 4219 fieri

1866 4269 1921 4323 in
1970 4268 2057 4323 his
2093 4266 2179 4322 vel
2232 4266 2463 4324 maxirne
2504 4262 2595 4332 qui
2648 4262 2820 4316 instar
2860 4258 3049 4314 Lazari
3096 4264 3440 4327 peccatorum

1868 4377 2086 4418 suorum
2123 4359 2307 4414 fasciis
2344 4355 2579 4427 colligati
2618 4355 2685 4409 ad
2724 4366 2910 4409 vocem
2938 4350 3149 4407 Domini
3182 4348 3453 4403 suscitan-

1868 4461 1979 4515 tur,
2011 4460 2067 4505 et
2103 4463 2237 4504 vere
2282 4457 2407 4502 sunt
2454 4446 2645 4500 domus
2680 4443 2867 4507 Israel,
2903 4456 3062 4496 arens
3096 4439 3365 4509 quondam
3399 4448 3456 4493 et

1869 4543 2071 4599 nullam
2107 4555 2258 4612 spem
2289 4540 2494 4595 habens
2519 4536 2730 4599 salutis,
2764 4534 2859 4589 sed
2890 4533 3129 4587 intrante
3158 4531 3211 4583 in
3252 4544 3309 4584 se
3347 4528 3455 4597 spi-

1870 4636 1978 4691 ritu
2001 4634 2209 4705 gmtim,
2239 4638 2290 4685 et
2328 4624 2915 4699 porrigenteDomino‘
2944 4636 3183 4685 manum,
3232 4619 3298 4673 de
3333 4632 3456 4687 pro-

1868 4727 2036 4782 fundo
2084 4721 2279 4779 inferni
2332 4720 2677 4774 liberentur:
2722 4722 2779 4769 et
2820 4714 2911 4783 qui
2967 4713 3120 4782 prius
3168 4710 3453 4764 dixerant:

1868 4816 2094 4871 Domine
2118 4813 2280 4877 Deus,
2312 4819 2371 4865 tu
2401 4809 2563 4872 nosti,
2596 4808 2712 4861 haec
2734 4813 2920 4875 postea
2949 4803 3170 4857 audiant
3197 4797 3454 4856 liberati:

1871 4909 2091 4965 Modica:
2116 4906 2258 4972 fidei,
2291 4918 2458 4974 quare
2479 4894 2777 4957 dubitasti?

1946 5019 1964 5049 ι
2003 5000 2069 5053 Et
2097 4998 2269 5051 factus
2291 5002 2372 5049 est
2394 5004 2571 5048 sermo
2598 4988 2811 5044 Domini
2833 4988 2900 5043 ad
2924 5000 3009 5041 me
3031 4986 3215 5040 dicens
3241 5003 3253 5038 :
3278 4984 3347 5039 Et
3374 4992 3454 5050 tu,

1878 5114 1897 5147 ε
1939 5088 2015 5148 liii
2045 5090 2297 5153 hominis,
2322 5096 2473 5142 sume
2503 5084 2597 5139 tibi
2626 5084 2825 5153 lignum
2858 5094 3047 5143 unum,
3074 5087 3129 5133 et
3157 5076 3332 5132 scribe
3363 5090 3456 5130 su-

1880 5203 1901 5237 r
1944 5198 2042 5253 per
2070 5176 2380 5240 illudludae,
2404 5183 2459 5228 et
2480 5173 2709 5227 filiorum
2736 5168 2902 5225 Israel
2928 5168 3197 5222 sociorum
3224 5158 3374 5233 ejtfs;
3402 5172 3458 5218 et

1882 5295 1899 5326 ‹
1949 5274 2075 5329 tolle
2102 5271 2303 5340 lignum
2343 5266 2598 5327 alterum,
2629 5270 2683 5317 et
2711 5261 2890 5316 scribe
2921 5273 3079 5328 super
3106 5256 3234 5311 illud
3259 5254 3454 5323 Ioseph

1880 5386 1900 5417 ι
1944 5366 2144 5434 lignum
2192 5358 2467 5428 Ephraim,
2497 5363 2550 5409 et
2598 5361 2806 5409 cunctae
2856 5351 3035 5406 domui
3074 5347 3239 5402 Israel
3285 5346 3459 5401 socio-

1885 5473 1903 5505 ι
1948 5433 2175 5518 rumque
2196 5448 2330 5516 ejus.
2359 5445 2426 5499 Et
2456 5444 2683 5513 adjunge
2706 5442 2794 5495 illa
2822 5456 2988 5495 unum
3014 5438 3083 5492 ad
3108 5438 3333 5491 alterum
3362 5433 3459 5489 tibi

1886 5563 1903 5594 ι
1949 5544 2000 5596 in
2030 5540 2233 5609 lignum
2256 5551 2446 5598 unum,
2467 5543 2521 5588 et
2544 5540 2704 5587 erunt
2726 5533 2778 5585 in
2804 5530 3055 5584 unionem
3081 5529 3133 5581 in
3161 5542 3320 5580 manu
3346 5533 3461 5579 tua.

1888 5653 1905 5684 ι
1948 5632 2081 5686 Cum
2098 5638 2275 5681 autem
2299 5626 2533 5679 dixerint
2554 5623 2619 5676 ad
2648 5633 2696 5676 te
2723 5621 2815 5675 lilii
2842 5620 3023 5689 populi
3046 5618 3119 5671 tui
3144 5616 3459 5684 loquentes:

1890 5743 1907 5773 ι
1956 5720 2141 5774 Nonne
2166 5716 2374 5770 indicas
2401 5712 2556 5767 nobis
2576 5712 2701 5779 quid
2731 5710 2782 5763 iu
2806 5709 2889 5762 bis
2916 5708 3007 5761 tibi
3038 5705 3207 5761 velis?
3226 5699 3468 5771 loqueris

1891 5836 1911 5870 ι
1959 5814 2024 5869 ad
2051 5828 2143 5868 eos
2172 5830 2183 5865 :
2207 5809 2332 5865 llaec
2356 5807 2485 5863 dicit
2516 5804 2773 5860 Dominus
2806 5802 2972 5866 Deus,
3006 5800 3146 5855 Ecce
3174 5811 3276 5867 ego
3299 5809 3461 5853 assu-
