3936 6336
491 347 594 402 863

1151 355 1212 408 Β.
1256 353 1511 409 RABANI
1553 354 1770 412 IIAURI
1809 356 2134 414 ARCIIIEP.
2178 358 2488 414 MOGUNT.
2527 360 2812 419 OPERUII
2853 365 3032 420 PARS
3073 368 3134 422 II.

3682 375 3781 434 δα

495 483 512 516 ς
554 480 698 520 mam
729 465 929 536 lignum
961 464 1155 536 Ioseph
1185 467 1326 537 quod
1354 470 1528 523 est'in-
1550 474 1708 522 manu
1736 469 1992 538 Ephraim
2024 478 2078 524 et
2107 475 2155 531 Α
2182 471 2246 525 de
2294 471 2470 526 medio
2518 473 2809 528 nationum
2843 477 2910 529 ad
2952 493 3087 547 quas
3123 482 3323 550 captivi
3357 483 3505 538 ducti
3543 495 3688 545 sunt,
3726 497 3781 540 et

493 576 511 608 ι
557 557 730 613 tribus
769 556 954 623 Israel,
983 575 1101 628 quae
1125 557 1326 627 juncttr
1356 569 1483 615 sunt
1517 561 1586 625 ei,
1615 570 1662 615 et
1695 561 1835 615 dabo
1866 576 1959 615 eas;
1988 574 2083 629 pa-

493 669 510 701 ‹
558 650 692 704 riter
709 665 832 704 cum
855 650 998 721 ligno
1015 650 1174 716 Iuda,
1189 663 1242 706 et
1265 651 1455 707 faciam
1473 670 1566 707 eas
1587 654 1639 707 in
1661 653 1863 724 lignum
1889 669 2080 718 unum,

494 760 510 790 ‹
553 751 608 795 et
635 749 798 796 erunt
834 758 1001 796 unum
1033 743 1086 798 in
1116 758 1274 798 manu
1307 744 1442 815 ejus.
1490 745 1658 798 Erunt
1705 753 1886 818 autem
1936 745 2080 816 ligna

492 851 510 880 ι
555 847 717 900 super
742 849 862 903 qum
891 835 1177 904 scripseris
1205 837 1255 888 in
1291 853 1448 889 manu
1477 843 1562 889 tua
1593 837 1646 890 in
1672 836 1844 890 oculis
1864 852 2077 901 eorum,

493 939 510 970 ι
539 931 610 982 ,ει
639 922 786 976 dices
822 923 1032 977 ad'cos.
1080 925 1205 979 IIiL‘C
1252 924 1384 978 dicit
1428 925 1688 980 Dominus
1732 926 1876 980 Deus
1901 944 1912 979 :
1941 926 2081 980 Ecce

491 1030 508 1061 ι
556 1028 656 1083 ego
700 1029 974 1068 assum-am
1023 1015 1160 1069 filios
1203 1015 1362 1070 lsrael
1397 1018 1461 1069 de
1493 1016 1981 1071 medio-nationum
2012 1017 2079 1072 ad

490 1125 508 1156 ‹
553 1121 703 1176 quas
734 1099 1003 1172 abierunt,
1043 1118 1096 1163 et
1126 1110 1465 1179 congregatio
1491 1125 1585 1164 eos
1617 1109 1878 1178 undique,
1902 1119 1960 1164 et
1987 1111 2082 1164 ad-

489 1216 508 1248 ‹
553 1198 748 1253 ducam
768 1213 864 1255 eos
891 1199 958 1254 ad
986 1201 1207 1254 humum
1230 1217 1401 1254 suam.
1438 1201 1504 1255 Et
1527 1202 1726 1257 faciam
1749 1216 1843 1257 eos
1864 1213 2079 1273 gentem

489 1308 507 1337 ‹
552 1305 714 1343 unam
743 1291 796 1344 iu
827 1299 970 1345 terra
1003 1292 1054 1344 in
1088 1291 1360 1346 montibus
1390 1293 1572 1357 Israel,
1599 1302 1654 1348 et
1685 1309 1778 1347 rex
1803 1309 1946 1348 unus
1976 1295 2082 1348 erit

490 1398 508 1431 ‹
556 1381 1130 1451 omnibusimperans;
1165 1395 1216 1437 et
1245 1401 1350 1437 non
1378 1394 1538 1437 erunt
1563 1384 1698 1438 ultra
1724 1385 1842 1439 dum
1871 1393 2077 1455 gentes,

491 1493 509 1525 α
560 1490 659 1529 nec
701 1474 1006 1529 dividentur
1046 1476 1274 1544 amplius
1305 1477 1356 1529 in
1387 1477 1491 1530 duo
1523 1491 1707 1547 regna.
1735 1475 1936 1548 Neque
1967 1475 2082 1547 pol-

490 1587 508 1615 σ
554 1566 769 1622 Inentur
791 1566 931 1621 ultra
966 1569 1019 1622 iu
1055 1569 1210 1622 idolis
1240 1569 1374 1634 suis,
1399 1577 1452 1623 et
1481 1569 2000 1634 abominationibus,
2023 1581 2082 1626 et

493 1676 510 1707 ι
554 1659 764 1713 cunctis
791 1658 1168 1728 iniquitatibus
1204 1662 1317 1714 suis
1336 1703 1348 1724 ,
1378 1670 1431 1716 et
1460 1661 1637 1716 salvos
1663 1676 1758 1716 eos
1784 1660 1984 1715 faciam
2014 1663 2080 1718 de

490 1767 510 1799 ι
554 1749 822 1804 universis
845 1749 1063 1805 sedibus
1092 1752 1144 1806 in
1182 1753 1376 1820 quibus
1402 1761 1787 1822 peccaverunt,
1809 1762 1864 1809 et
1891 1769 2079 1808 emun-
2126 1751 2129 1754 ’

2186 563 2534 618 reducturum
2581 581 2676 621 eos
2715 567 2769 620 in
2819 576 3040 636 terram,
3071 581 3128 626 et
3174 575 3225 627 in
3269 585 3479 631 montes
3524 577 3783 635 Israelde

2183 654 2379 721 quibus
2410 670 2568 724 supra
2593 656 2844 726 legimus,
2869 668 2924 714 et
2945 661 3509 730 appellandamnnam
3543 678 3778 737 gentem,

2185 743 2449 813 uni-usque
2477 746 2617 815 regis
2642 749 2930 818 regendam
2957 751 3203 820 imperio,
3237 771 3255 803 ‹
3287 765 3345 808 ιιι
3372 755 3514 810 ultra
3541 774 3646 810 non
3676 758 3778 825 pel-

2181 832 2403 886 luantnr
2428 835 2480 888 in
2509 835 2667 890 idolis
2697 847 2753 891 et
2780 837 3279 897 almminalioni-bus
3309 846 3448 907 suis,
3475 866 3492 896 ι
3531 847 3626 900 sed
3657 864 3778 900 cum

2182 923 2385 978 fuerint
2411 926 2476 980 de
2501 927 3072 996 eaptivita—tissedibus
3098 934 3332 1002 liberati,
3357 939 3412 992 in
3434 941 3631 1008 quibus
3662 957 3784 1011 pce—

2182 1025 2462 1078 caverunt,
2491 1019 2745 1074 omnibus
2769 1021 2916 1076 vitiis
2946 1038 3067 1078 esse
3099 1029 3460 1094 mandandos,
3490 1042 3544 1085 et
3570 1031 3782 1087 futuros

2181 1107 2437 1178 populum
2470 1109 2584 1173 Dei,
2616 1110 2686 1164 ita
2727 1118 2787 1164 ut
2830 1110 3198 1170 Dominussit
3239 1117 3380 1173 Deus
3415 1136 3626 1176 eorum.
3667 1145 3694 1173 ιν
3720 1123 3786 1177 Et

2183 1212 2390 1260 servus,
2423 1200 2614 1268 inquit,
2649 1217 2799 1257 meus
2837 1205 3008 1259 David
3042 1222 3155 1267 rex.
3186 1224 3349 1278 super
3382 1227 3496 1277 eos,
3523 1233 3550 1264 »τ
3571 1214 3637 1267 de
3679 1229 3786 1283 quo

2182 1299 2237 1344 et
2264 1289 2486 1360 angelus
2517 1290 2756 1360 loquitur
2795 1296 2846 1348 in
2888 1296 3179 1366 Evangelio
3217 1297 3366 1369 (Luc.
3400 1303 3438 1373 ι)
3460 1343 3478 1364 ,
3505 1306 3652 1373 quod
3704 1319 3786 1357 re-

2183 1391 2448 1452 gnaturus
2475 1383 2546 1437 sit
2576 1400 2741 1456 super
2779 1387 3001 1442 domum
3037 1388 3230 1456 Iacob,
3261 1401 3318 1445 et
3344 1396 3493 1464 regni
3525 1398 3648 1465 ejus
3678 1412 3782 1450 non

2184 1474 2254 1528 sit
2283 1471 2424 1539 ﬁnis,
2458 1483 2730 1545 lanaeque
2768 1479 2870 1533 erit
2896 1479 3197 1536 clementia:
3227 1492 3285 1537 ut
3315 1501 3420 1537 non
3455 1487 3632 1540 solum
3664 1504 3784 1544 rex.

2185 1565 2280 1618 sed
2310 1573 2375 1618 et
2394 1574 2582 1634 pastor
2621 1570 2949 1638 appelletur,
2988 1587 3053 1628 eo
3081 1574 3225 1643 quod
3259 1577 3557 1645 superbum
3589 1596 3783 1634 nmncn

2185 1655 2396 1726 imperii
2428 1661 2663 1729 pastoris
2695 1664 3319 1738 voeabulomitiget,qui
3353 1685 3640 1742 pOStquam
3670 1672 3782 1726 l'ue-

2185 1743 2293 1798 rint
2325 1746 2377 1798 in
2411 1757 2625 1818 gentem
2658 1766 2844 1815 unam,
2877 1761 2931 1807 et
2962 1754 3014 1807 in
3050 1765 3191 1810 terra
3219 1757 3382 1812 Israel
3417 1777 3480 1814 ac
3511 1763 3782 1816 montibus

490 1858 513 1891 ρ
554 1840 693 1896 dabo
737 1856 852 1896 eos,
905 1841 970 1895 Et
1007 1852 1166 1898 οι-ωιι
1199 1845 1327 1897 mihi
1371 1843 1636 1914 populus,
1669 1855 1723 1899 ει
1753 1859 1854 1915 ego
1879 1860 1974 1900 ero
2003 1845 2082 1900 eis
2114 1841 2157 1900 Β
2187 1834 2579 1905 habitaverint,
2608 1840 2936 1897 ambulaturi
2986 1855 3115 1901 sunt
3162 1847 3215 1901 in
3266 1851 3518 1907 oumibus
3564 1854 3784 1922 judiciis

491 1951 510 1983 ι
559 1932 724 1998 Deus,
749 1941 804 1987 et
830 1948 1020 1989 servus
1051 1950 1200 1990 meus
1233 1935 1401 1990 David
1429 1950 1520 1988 rex
1553 1943 1715 2006 super
1747 1952 1869 1999 eos,
1903 1947 1958 1992 et
1984 1953 2083 2007 pu-

491 2043 510 2075 r
553 2035 682 2080 stor-
709 2041 848 2081 unus
883 2026 986 2080 crit
1036 2027 1276 2079 omnium
1327 2031 1536 2081 eorum.
1583 2027 1639 2081 In
1679 2025 1898 2095 judiciis
1948 2028 2084 2083 meis

493 2134 510 2165 ι
559 2115 932 2179 ambulabunt,
959 2125 1011 2170 et
1043 2118 1296 2196 mandata
1329 2134 1447 2172 mea
1474 2119 1782 2174 custodient
1803 2128 1857 2173 et
1885 2118 2084 2174 facient

492 2226 510 2258 ι
553 2221 637 2261 ea.
673 2208 740 2262 Et
785 2207 1108 2264 habitabant
1138 2226 1302 2278 super
1334 2221 1534 2265 terram
1582 2226 1745 2280 quam
1777 2213 1896 2266 dedi
1926 2229 2084 2268 servo

496 2317 514 2348 ι
561 2313 685 2354 meo
724 2296 893 2356 Iacob
932 2300 986 2354 in
1027 2316 1129 2371 qua
1174 2301 1556 2356 habitaverunt
1595 2312 1778 2371 patres
1811 2306 2006 2369 vestri,
2029 2316 2084 2360 et

494 2410 514 2440 ι
560 2390 882 2445 habitabunt
922 2408 1085 2462 super
1118 2407 1238 2447 eam
1279 2394 1399 2463 ipsi,
1432 2403 1486 2450 et
1522 2395 1616 2449 filii
1656 2411 1866 2461 eorum,
1893 2407 1950 2452 et
1987 2398 2081 2452 filii

492 2499 511 2531 ι
557 2481 791 2537 filiorum
820 2498 1006 2538 eorum
1041 2499 1211 2553 usque
1253 2485 1306 2539 in
1353 2484 1742 2555 sempiternum
1775 2496 1867 2543 :et
1911 2489 2082 2544 David

492 2589 509 2621 α
553 2587 745 2628 servus
763 2588 916 2632 meus
939 2574 1191 2649 princeps
1213 2590 1399 2634 eorum
1427 2579 1839 2650 inperpetuum.
1874 2580 1937 2635 Et
1959 2598 2082 2651 per-

491 2685 517 2719 e
554 2668 754 2723 entiam
783 2668 885 2724 illis
912 2668 1088 2724 fmdus
1118 2671 1288 2740 pacis,
1316 2680 1529 2740 pactum
1556 2672 1950 2742 sempiternum
1977 2673 2084 2727 erit

494 2775 517 2810 ι
558 2759 614 2814 in
663 2760 863 2816 eiszet
909 2761 1145 2816 fundabo
1191 2766 1285 2817 eos
1331 2772 1386 2816 et
1435 2763 1826 2834 multiplicabo,
1857 2773 1912 2819 et
1941 2765 2082 2820 dabo

496 2869 514 2901 ι
563 2852 1046 2909 sanctificationem
1077 2870 1252 2909 meam
1282 2855 1335 2908 in
1371 2855 1547 2910 medio
1575 2871 1764 2911 eorum
1799 2858 1851 2912 in
1884 2873 2069 2928 perpe-

491 2963 510 2994 ε
557 2954 727 2999 tuum.
766 2945 834 3000 Et
863 2947 968 3001 erit
1011 2947 1416 3002 tabernaculum
1466 2963 1645 3003 meum
1673 2950 1727 3004 in
1757 2950 1837 3005 eis
1859 2992 1872 3015 ,
1900 2960 1954 3006 et
1984 2967 2082 3006 ero

493 3056 512 3088 ι
556 3037 636 3092 eis
679 3037 845 3102 Deus,
875 3047 934 3093 et
979 3039 1077 3108 ipsi
1124 3048 1285 3094 erunt
1325 3041 1456 3095 mihi
1503 3041 1749 3111 populus.
1803 3043 1870 3098 Et
1907 3043 2081 3098 scient

492 3146 510 3179 ε
553 3137 739 3198 gentes
771 3128 898 3198 quia
928 3143 1027 3198 ego
1065 3131 1324 3187 Dominus
1351 3133 1724 3188 sanctificator
1759 3133 1924 3190 Israel
1955 3151 2079 3190 cum
2111 3192 2152 3214 Α

491 3234 512 3268 α
555 3197 718 3272 fuerit
750 3197 1106 3275 sanctificatio
1137 3237 1254 3276 mea
1290 3223 1342 3276 in
1374 3223 1554 3278 medio
1581 3238 1770 3278 eorum
1802 3224 1854 3280 in
1883 3241 2078 3295 perpe-
2108 3197 2151 3254 α

491 3327 510 3359 ι
555 3300 722 3364 tuum.
748 3329 766 3362 ι
797 3308 1069 3380 (Hieron)
1095 3312 1300 3381 Regum
1333 3322 1518 3368 narrat
1550 3313 1774 3370 historia
1803 3315 1922 3385 (III
1948 3315 2074 3387 Reg.

485 3398 588 3469 xu)
629 3399 732 3454 sub
774 3398 1016 3454 Roboam
1064 3400 1175 3456 filio
1217 3401 1524 3458 Salomonis
1569 3405 1852 3460 duodecim
1905 3407 2081 3462 tribus

483 3488 656 3546 fuisse
682 3490 882 3545 divisas
916 3500 972 3545 et
1006 3493 1165 3553 duas,
1197 3493 1298 3548 hoc
1347 3501 1430 3548 est
1460 3493 1660 3552 Iudam
1687 3503 1742 3549 et
1769 3495 2078 3566 Benjamin,

486 3589 610 3635 cum
643 3579 818 3636 levltis
841 3597 906 3638 ac
931 3583 1312 3639 sacerdotibus
1332 3594 1546 3639 secutas
1566 3600 1688 3641 esse
1718 3586 1961 3641 Itoboam
1987 3588 2080 3657 qui

485 3671 730 3740 regnavit
759 3671 812 3725 in
846 3671 1202 3739 Hierusalem,
1235 3685 1290 3728 et
1341 3690 1562 3745 regnum
1605 3675 1722 3746 ejus
1751 3676 2080 3747 appellatum

485 3768 568 3813 est
611 3759 766 3814 Iuda.
813 3760 961 3815 Alias
1011 3777 1142 3817 vero
1189 3763 1376 3818 decem
1423 3765 1597 3820 tribus
1642 3780 1762 3834 qua:
1803 3766 2076 3834 dixerunt,

490 3869 510 3902 ι
548 3866 655 3907 non
685 3860 768 3906 est
804 3853 958 3907 nobis
988 3869 1114 3923 pars
1148 3853 1201 3908 lu
1244 3854 1445 3919 David,
1477 3870 1653 3925 neque
1689 3858 1980 3913 hatreditas
2020 3859 2074 3913 in

484 3939 597 3995 tilio
622 3938 792 3997 Iesse.
816 3961 836 3994 ι
858 3941 1148 3998 Icroboam
1180 3944 1291 3999 tilio
1323 3944 1531 4000 Nabath
1561 3947 1628 4001 de
1652 3947 1792 4002 tribu
1819 3948 2078 4018 Ephraim

487 4030 580 4099 qui
607 4029 709 4085 fuit
737 4027 881 4086 (ilius
902 4030 1125 4102 Ioseph,
1153 4035 1469 4090 submisisse
1495 4037 1736 4092 cervices
1761 4042 1817 4092 et
1841 4041 2077 4095 servisse

484 4119 558 4184 ei,
600 4119 1002 4191 appellatasque
1028 4137 1095 4177 ex
1127 4123 1360 4178 maxima
1403 4137 1557 4196 parte
1602 4128 1826 4197 antiquo
1857 4130 2077 4185 nomine

483 4205 672 4272 Israel,
701 4217 758 4262 et
790 4209 961 4265 multo
1003 4219 1245 4283 tempore
1275 4228 1498 4283 regnum
1538 4213 1674 4273 Iuda
1703 4227 1759 4271 et
1793 4218 1956 4273 Israel
1981 4221 2077 4276 ad-

485 4312 702 4354 versum
733 4314 793 4355 se
823 4300 1078 4357 habuisse
1116 4305 1415 4359 certamina
1460 4308 1800 4378 propriisque
1829 4310 2075 4380 paruisse

487 4391 704 4462 regibus
729 4409 743 4446 :
765 4395 970 4462 primas
1001 4397 1187 4451 decem
1216 4400 1601 4470 tribus-captas
1633 4401 1702 4457 ab
1731 4403 1990 4476 Assyriis,
2020 4417 2076 4463 et

484 4492 608 4552 post
653 4483 988 4554 aliquantum
1041 4491 1297 4556 temporis
1357 4505 1451 4546 eas
1499 4507 1619 4561 quae
1665 4495 2074 4564 appellabantur

483 4576 621 4634 Iuda
648 4593 679 4634 a
712 4577 973 4637 Chaldaeis
1002 4583 1055 4636 in
1083 4581 1410 4654 Babylonem
1440 4585 1632 4641 ductas
1659 4602 1780 4644 esse
1807 4590 2071 4660 captivas,

479 4678 542 4726 et
563 4670 762 4726 tribum
786 4669 923 4726 Iuda
950 4681 1071 4742 post
1099 4690 1269 4729 annos
1291 4678 1628 4748 septuaginta
1651 4680 1886 4748 antiqua:
1915 4690 2074 4736 terra:

485 4764 749 4818 redditam
773 4779 788 4818 :
813 4765 999 4819 decem
1023 4774 1201 4820 autem
1225 4766 1395 4821 tribus
1415 4784 1533 4838 qua:
1553 4772 1883 4825 vocabantur
1907 4772 2073 4828 Israel

485 4867 657 4922 usque
683 4855 840 4910 hodie
869 4856 925 4910 in
969 4855 1244 4910 montibus
1291 4857 1621 4927 urbibusque
1653 4857 1925 4914 Medorum
1959 4876 2074 4916 ser-

483 4944 602 4999 vire
641 4945 902 5013 captivas.
949 4945 1193 5000 Praesens
1234 4947 1398 5018 igitur
1433 4949 1716 5018 prophetia
1745 4949 1859 5006 haec
1882 4965 1950 5006 ex
1977 4967 2073 5006 ore

487 5033 699 5092 Domini
730 5037 1012 5108 pollicetur
1039 5040 1182 5110 quod
1228 5049 1516 5112 utrumque
1556 5043 1658 5098 Sibi
1680 5043 1938 5116 jungatur
1965 5047 2070 5102 im-

486 5130 719 5200 perium,
747 5132 850 5186 hoc
877 5140 962 5185 est
1006 5147 1228 5202 regnum
1256 5131 1405 5187 Iudae
1428 5142 1480 5187 et
1507 5149 1730 5205 regnum
1759 5137 1944 5203 Israel,
1977 5137 2073 5194 tol-

486 5217 738 5287 laturque
777 5218 926 5290 virga
957 5219 1212 5289 Epitraim
1241 5222 1330 5289 qui
1360 5223 1425 5276 de
1453 5220 1652 5293 Ioseph
1695 5225 1867 5295 stirpe
1909 5221 2071 5297 gene-

486 5317 637 5366 ratus
665 5318 750 5365 est
776 5326 896 5364 cum
927 5311 1147 5380 reliquis
1174 5314 1420 5378 tribubus
1455 5329 1574 5384 quae
1598 5315 1648 5371 ei
1679 5318 1897 5372 sociata:
1919 5327 2069 5384 sunt,

483 5407 542 5456 et
558 5397 819 5470 jungatur
841 5401 1004 5471 virgae
1036 5399 1206 5468 Iudae,
1238 5415 1295 5458 ut
1316 5420 1654 5476 nequaquam
1687 5417 1908 5463 vocetur
1929 5409 2069 5464 Iuda

483 5501 541 5550 et
566 5492 754 5559 Israel,
787 5495 882 5550 sed
918 5511 1027 5550 uno
1057 5498 1272 5552 nomine
1313 5499 1647 5569 appellentur
1674 5499 1809 5553 Iuda
1836 5515 1850 5553 :
1878 5511 1932 5555 et
1968 5503 2068 5556 sub

484 5585 657 5658 ﬁgura
681 5588 956 5659 prophetae
982 5589 1070 5658 qui
1111 5592 1363 5659 put-cedit
1395 5593 1447 5644 in
1473 5600 1599 5662 typo
1633 5592 1842 5648 Domini
1876 5592 2069 5648 Salva-

484 5678 640 5742 toris,
668 5693 1003 5750 nequaquam
1049 5680 1257 5736 dualms
1288 5683 1535 5737 manibus
1554 5724 1567 5747 ,
1596 5683 1691 5738 scd
1719 5699 1823 5737 una
1866 5684 2067 5739 Christi

486 5778 774 5829 teneantur
799 5789 982 5828 manu.
1015 5774 1150 5830 Dicit
1175 5789 1318 5829 enim
1344 5790 1402 5831 sc
1433 5791 1709 5832 assumere
1736 5776 1874 5832 ﬁlios
1902 5775 2067 5831 Israel

2100 4549 2152 4608 D

2186 1924 2429 1989 Domini,
2472 1937 2526 1982 et
2574 1941 2842 2000 praecepta
2890 1933 3034 1989 illius
3083 1939 3433 2004 custodituri,
3488 1941 3780 2016 habitaturi

2185 2026 2366 2072 autem
2395 2035 2501 2074 non
2533 2021 2586 2074 in
2616 2022 2717 2076 alia
2751 2033 2916 2090 terra,
2950 2028 3046 2082 sed
3073 2029 3126 2082 in
3158 2044 3221 2084 ea
3248 2046 3412 2099 quam
3446 2033 3593 2086 dedit
3624 2049 3783 2089 servo

2184 2126 2282 2164 suo
2311 2110 2498 2176 Iacob,
2527 2116 2580 2168 in
2613 2132 2720 2185 qua
2752 2117 3132 2174 habitaverunt
3156 2131 3341 2190 patres
3383 2139 3571 2178 eorum
3603 2126 3777 2179 Abra-

2184 2200 2330 2264 ham,
2355 2202 2588 2259 Isaac-et
2630 2205 2798 2261 Iacob
2826 2218 2881 2261 et
2911 2208 3102 2278 reliqui
3135 2212 3310 2266 sancti
3338 2232 3349 2266 :
3378 2222 3431 2266 ct
3468 2216 3774 2268 nonsnlusa

2186 2293 2285 2361 ipsi
2336 2295 2627 2350 habitaturi
2671 2299 2800 2362 sint,
2835 2300 2928 2353 sed
2969 2311 3022 2354 et
3061 2301 3154 2356 filii
3195 2318 3385 2357 eorum
3431 2321 3493 2360 ac
3538 2317 3779 2375 nep-vtes.

2178 2386 2334 2456 juxta
2359 2388 2490 2448 illud
2521 2389 2882 2460 Virgilianum
2909 2410 2921 2445 :

2402 2531 2463 2584 Et
2485 2534 2580 2583 nati
2609 2541 2860 2600 natorum,
2887 2541 2937 2586 et
2962 2537 3043 2599 qui
3070 2543 3334 2588 nascentur
3362 2541 3425 2589 ab
3451 2541 3561 2590 illis.

2186 2657 2548 2728 Habitentque
2570 2675 2677 2713 non
2704 2660 2770 2715 ad
2794 2661 2955 2715 breve
2980 2664 3335 2732 tempus,th
3362 2664 3412 2717 in
3441 2672 3793 2735 perpetuum.

2184 2750 2359 2806 Vultis
2385 2761 2590 2816 autem,
2615 2753 2710 2816 ait,
2732 2754 2872 2808 scire
2895 2755 2985 2824 qui
3011 2756 3084 2810 sit
3104 2756 3204 2811 iste
3235 2773 3326 2812 rex
3355 2766 3408 2812 et
3430 2760 3649 2828 pastor?
3673 2758 3789 2829 Ipse

2181 2850 2268 2898 est
2295 2842 2360 2896 de
2385 2859 2492 2912 quo
2515 2857 2676 2913 supra
2700 2845 2831 2907 dixi,
2861 2864 2878 2894 ι
2913 2860 3102 2901 servus
3127 2830 3280 2903 mens
3301 2848 3619 2915 DJ\'I(I,.D—
3643 2871 3672 2901 «η
3693 2853 3795 2921 qui

2183 2951 2305 2991 cum
2340 2937 2392 2990 in
2421 2935 2594 2992 forma
2629 2938 2721 2992 Dei
2751 2946 2914 3001 esset,
2955 2955 3061 2994 non
3096 2949 3178 2994 est
3212 2942 3455 3010 rapinam
3489 2927 3788 2999 arbitratus

2182 3046 2304 3086 esse
2357 3044 2416 3085 se
2456 3031 2718 3100 aequalem
2769 3031 2915 3097 Deo,
2947 3034 3043 3088 sed
3093 3048 3152 3088 se
3197 3035 3523 3098 exinanivit,
3553 3032 3785 3091 formam

2182 3124 2326 3178 servi
2355 3123 2649 3194 accipiens,
2672 3131 2726 3180 et
2756 3123 2930 3178 factus
2957 3107 3043 3179 est
3068 3125 3327 3190 obediens
3349 3125 3497 3180 Patri
3519 3141 3692 3196 usque
3718 3129 3790 3182 ad

2183 3223 2434 3281 mortem,
2460 3225 2690 3272 mortem
2716 3227 2897 3272 autem
2925 3219 3105 3273 erucis
3129 3215 3351 3289 (Philip.
3387 3220 3469 3288 η).
3495 3239 3511 3270 ι
3539 3219 3788 3291 Cumque

2182 3310 2282 3364 sub
2308 3309 2400 3363 tali
2437 3325 2564 3381 rege
2615 3311 2835 3373 fuerint,
2867 3312 3168 3380 percutiam
3222 3311 3326 3366 illis
3379 3311 3556 3367 [ωιίιιε
3605 3314 3788 3382 pacis,

2182 3417 2524 3472 nequaquam
2571 3412 2632 3456 ut
2681 3403 2732 3456 in
2788 3404 2968 3458 Veteri
3021 3403 3390 3470 Testamento,
3419 3406 3790 3460 certaminum

2182 3503 2346 3562 atque
2399 3492 2685 3558 bellorum,
2721 3495 2814 3548 sed
2863 3503 3079 3561 pactum
3128 3495 3280 3564 pacis
3325 3511 3446 3566 quae
3493 3507 3787 3566 exsuperat

2181 3600 2398 3640 omnem
2428 3600 2668 3640 sensum.
2701 3585 2778 3640 De
2801 3601 2905 3654 qua
2936 3585 3188 3640 Salvator
3208 3586 3447 3655 loquitur
3475 3588 3541 3642 ad
3567 3598 3788 3657 aposto-

2181 3673 2261 3728 los
2279 3673 2460 3744 (Joan.
2480 3672 2624 3744 xxv):
2655 3693 2672 3725 ‹
2695 3673 2890 3728 Pacem
2915 3690 3092 3730 meam
3109 3675 3176 3731 do
3199 3677 3372 3741 vobis,
3393 3693 3579 3746 pacem
3606 3693 3783 3734 incam

2183 3763 2432 3834 relinquo
2460 3763 2632 3820 vobis.
2662 3784 2680 3816 ι
2718 3764 2784 3818 Ει
2816 3754 3093 3835 Propheta
3129 3765 3296 3821 dicit:
3327 3786 3345 3818 ι
3381 3767 3582 3822 Factus
3612 3781 3696 3823 est
3730 3770 3782 3823 in

2181 3867 2325 3924 pace
2343 3852 2492 3909 locus
2513 3853 2631 3922 ejus
2658 3854 2832 3924 (Psal.
2864 3855 3048 3926 Lxxv).
3086 3875 3104 3907 ι
3133 3855 3280 3923 Quos
3305 3871 3427 3911 cum
3459 3858 3513 3911 in
3538 3858 3781 3913 Ecclesia

2181 3945 2487 4001 fundaverit
2516 3955 2572 4002 et
2592 3947 2902 4013 stabilierit,
2931 3948 3004 4003 ita
3029 3955 3089 4002 nt
3113 3949 3324 4017 possint
3355 3950 3538 4004 dicere
3566 3969 3579 4003 :
3605 3970 3623 4001 ε
3656 3950 3781 4004 Sta-

2182 4038 2284 4090 tuit
2312 4052 2474 4106 supra
2514 4045 2737 4108 petram.
2762 4042 2928 4108 pedes
2959 4055 3110 4095 meos
3138 4039 3313 4110 (Ρσαι.
3347 4042 3560 4110 XXXIX),
3600 4063 3617 4093 ι
3655 4055 3783 4098 mne

2180 4127 2687 4198 multiplicabuntur
2717 4130 2801 4184 vel
2831 4131 3167 4186 credentium
3203 4147 3452 4196 numero,
3490 4133 3572 4187 vel
3605 4133 3784 4188 multi-

2177 4217 2470 4288 plicatione
2501 4220 2782 4274 virtutum.
2818 4220 2936 4276 (Et
2967 4222 3126 4286 dabo,
3161 4221 3361 4292 inquit,
3390 4224 3782 4278 sanctificatio.

2178 4324 2300 4364 nem
2353 4325 2548 4374 meam,
2577 4311 2693 4366 sive
2741 4311 3109 4366 sanctuarium
3159 4312 3213 4367 in
3264 4314 3443 4368 medio
3491 4330 3683 4368 eorum:
3724 4316 3777 4369 in

2175 4409 2517 4470 perpetuum.
2551 4419 2570 4452 ι
2610 4400 2764 4468 Quod
2791 4401 2962 4455 Iudaei
2991 4403 3058 4457 de
3091 4402 3292 4472 templo
3325 4405 3776 4474 interpretantur,

2178 4490 2319 4559 quod
2361 4489 2462 4545 sub
2488 4490 2792 4546 Zorobabel.
2810 4500 3146 4545 exstructum
3184 4502 3286 4547 est.
3347 4493 3454 4549 Sed
3503 4497 3775 4564 quomodo

2178 4591 2324 4647 stare
2371 4584 2571 4653 poterit
2614 4585 2718 4638 hoc
2761 4585 2904 4652 quod
2947 4583 3150 4638 dicitur
3179 4586 3233 4638 in
3275 4590 3622 4656 perpetuum?
3647 4604 3771 4642 eum

2177 4661 2436 4742 templum
2473 4674 2607 4728 illud
2644 4675 2786 4743 quod
2814 4689 2844 4727 a
2876 4673 3176 4730 Zorobabel
3216 4687 3552 4732 exstructum
3581 4690 3685 4740 est,
3717 4687 3774 4733 et

2175 4773 2364 4832 postea
2395 4780 2423 4816 a
2460 4764 2644 4819 multis
2683 4765 3064 4828 instauratum,
3100 4763 3350 4821 Romano
3381 4769 3502 4838 igne
3537 4785 3771 4822 succen-

2176 4868 2294 4907 sum
2327 4853 2435 4908 sit?
2465 4852 2594 4920 Quae
2622 4854 2802 4907 omnia
2849 4852 3130 4909 referenda
3167 4865 3294 4910 sunt
3333 4858 3401 4910 ad
3447 4858 3764 4920 Ecclesium,

2173 4950 2230 4995 et
2261 4943 2327 4995 ad
2353 4951 2596 5012 tempora
2624 4942 2943 5008 Salvatoris,
2974 4945 3190 5012 quando
3221 4946 3621 5000 tabernaculum
3650 4946 3767 5013 ejus

2174 5038 2406 5105 positum
2433 5042 2518 5091 est
2559 5035 2612 5088 in
2644 5034 2922 5100 Ecclesia,
2953 5033 3040 5087 ubi
3067 5033 3246 5090 factus
3272 5046 3354 5089 est
3381 5036 3520 5089 Deus
3551 5045 3759 5100 noster,

2173 5139 2228 5182 et
2268 5143 2364 5182 nos
2407 5128 2633 5197 populus
2673 5127 2813 5198 ejus.
2847 5126 3242 5198 Profectusque
3270 5130 3508 5184 omnium
3557 5139 3665 5191 est,
3701 5137 3762 5182 ut

2173 5220 2347 5276 sciant
2393 5222 2533 5288 quod
2583 5219 2697 5288 ipse
2745 5219 2816 5273 sit
2859 5218 3144 5284 Dominus,
3190 5227 3244 5274 et
3292 5221 3406 5288 ipse
3460 5221 3758 5274 sanctificct

2170 5311 2351 5374 Israel,
2378 5327 2482 5364 non
2501 5311 2656 5379 juxta
2686 5325 2925 5373 carnem,
2950 5311 3042 5365 sed
3060 5309 3215 5377 juxta
3245 5311 3491 5381 spiritum
3511 5330 3521 5363 :
3539 5312 3756 5381 quando

2172 5401 2527 5458 sanctificatio
2575 5402 2690 5471 ejus
2738 5403 2792 5455 in
2836 5403 3013 5456 medio
3053 5402 3390 5456 credentium
3435 5402 3566 5455 facta
3597 5401 3665 5454 sit
3694 5401 3749 5454 in

2171 5505 2513 5565 perpetuum.
2547 5494 2701 5560 Quod
2732 5505 2912 5549 autem
2945 5491 3204 5562 ahjecerit
3253 5496 3504 5549 Dominus
3551 5494 3750 5547 tribum

2172 5587 2447 5656 Ephraim,
2474 5596 2529 5641 ct
2557 5589 2779 5658 elegerit
2811 5590 3006 5642 tribum
3033 5587 3190 5654 Iuda,
3219 5599 3272 5644 et
3303 5591 3353 5643 in
3372 5588 3581 5660 psalmis
3609 5587 3746 5658 legi-

2172 5693 2292 5731 mus
2334 5678 2386 5731 in
2417 5680 2614 5746 quibus
2644 5680 2906 5749 scriptum
2945 5688 3067 5732 est:
3103 5701 3120 5729 ι
3159 5680 3226 5734 Et
3261 5680 3453 5750 repulit
3493 5680 3737 5732 taberna.

2171 5776 2350 5830 calum
2377 5775 2594 5846 Ioseph,
2621 5787 2671 5832 et
2691 5778 2888 5832 tribum
2905 5778 3140 5846 [Ephrem
3157 5794 3260 5832 non
3278 5777 3454 5848 elegit,
3478 5775 3560 5831 sed
3578 5771 3744 5841 elegit
