3936 6328
144 390 171 442 ε
182 391 250 442 "i3

1073 386 1424 443 COMMENT.
1470 386 1534 442 IN
1577 384 2030 442 EZECIIIELEII.
2068 374 2144 426 r—
2182 384 2308 440 LIB.
2352 385 2487 442 XIII.

3318 396 3431 451 ‘863

171 502 346 556 ribum
374 499 506 557 Iuda
539 498 712 572 (Paul.
744 501 970 571 Limn),
998 523 1014 553 i
1048 503 1111 556 de
1155 517 1260 570 qua
1291 503 1554 570 scriptum
1600 509 1684 555 est
1715 515 1736 554 τ
1764 505 1807 564 Α
1844 521 1861 551 ι
1911 501 2193 556 universos
2241 501 2636 556 multitudinem
2679 518 2948 574 magnam,
2981 504 3192 561 hastam
3233 520 3287 562 et
3322 509 3436 581 ely-

154 611 172 642 ε
212 589 332 645 Non
360 591 572 646 deficiet
607 592 858 661 princeps
882 609 941 645 ev
971 592 1126 655 :luda,
1157 608 1330 661 neque
1355 595 1459 645 dux
1485 592 1550 646 de
1574 591 1743 646 terno-

150 682 304 735 ribus
350 679 485 749 ejus,
520 682 692 734 donec
734 681 913 734 veniat
940 681 1025 733 cui
1076 681 1501 749 repositumest,
1533 691 1602 734 -ει
1629 680 1742 749 ipse

152 773 256 824 erit
289 773 620 840 exspectatio
643 771 883 840 gentium
919 770 1072 841 (Gen.
1102 774 1271 841 xus).
1299 790 1316 822 ›
1352 771 1490 826 Vere
1515 771 1659 825 enim
1689 771 1740 824 in

153 863 389 917 adventu
413 863 633 919 Domini
671 862 966 917 Salvatoris
999 864 1115 916 duze
1141 863 1327 933 virgas,
1351 871 1436 925 .et,
1465 863 1602 916 utin
1632 862 1742 916 Ile-

151 954 344 1007 ];raico
388 954 619 1023 positum
653 963 754 1016 est,
783 955 888 1007 duo
931 954 1073 1022 ligna
1113 954 1163 1006 in
1195 968 1359 1007 unum
1402 952 1588 1020 juncta
1619 962 1745 1008 sunt

151 1054 446 1114 sceptrum,
482 1054 534 1096 et
562 1045 612 1098 in
649 1045 967 1115 baptismate
1010 1045 1232 1110 Christi,
1266 1044 1464 1099 dudum
1497 1051 1743 1119 separata

150 1136 457 1198 sociantur,
489 1144 549 1188 ut
583 1134 715 1188 fiant
754 1136 805 1189 in
853 1153 1018 1190 unum
1061 1152 1258 1191 novum
1287 1136 1581 1199 hominem,
1609 1135 1742 1190 etin

151 1239 322 1276 unam
357 1232 590 1292 gentem.
616 1222 800 1295 Neque
821 1226 1130 1296 polluantur
1149 1227 1288 1280 ultra
1317 1228 1368 1280 in
1394 1227 1548 1281 idolis
1569 1236 1622 1280 et
1651 1227 1746 1280 ab-

147 1314 596 1380 ominationibus,
618 1315 712 1368 sed
732 1317 914 1370 mundi
939 1316 1153 1371 lavacro
1180 1317 1287 1372 sint
1307 1317 1533 1387 populus
1555 1317 1672 1382 Dei,
1693 1327 1747 1371 et

151 1404 387 1474 imperet
413 1405 491 1457 cis
521 1404 790 1470 Christus,
824 1413 876 1458 et
907 1407 1151 1461 habitent
1185 1422 1355 1477 super
1384 1416 1606 1471 terram,
1637 1417 1744 1462 ter-

149 1508 384 1564 ramque
420 1495 715 1549 viventium
761 1511 922 1564 quam
971 1497 1191 1552 dederat
1239 1513 1396 1552 servo
1436 1513 1532 1553 suo
1579 1498 1747 1554 Jacob

147 1587 246 1652 qui
277 1585 527 1655 populum
561 1585 721 1639 lsracl
756 1588 808 1640 in
836 1589 1026 1643 matris
1049 1597 1202 1642 utero
1233 1589 1614 1658 supplantavit.
1651 1589 1744 1642 Sin

148 1687 338 1729 autem
368 1676 689 1731 \oluct‘itnus
716 1677 872 1746 juxta
902 1680 1242 1748 prophetiam
1273 1678 1440 1742 Osem,
1471 1696 1589 1748 quae
1611 1695 1748 1749 perm

149 1770 338 1822 omnis
367 1771 431 1821 ad
461 1769 644 1822 decem
680 1769 853 1822 tribus
883 1771 1152 1840 dirigitur,
1189 1771 1242 1825 id
1263 1782 1345 1826 est
1371 1773 1436 1826 ad
1467 1771 1664 1842 Ioseph
1695 1781 1751 1826 et

149 1859 414 1928 Ephraim
443 1869 496 1913 et
523 1859 826 1914 Samariam
849 1870 903 1916 et
930 1861 1095 1916 Israel
1119 1862 1414 1932 intelligere
1440 1863 1554 1917 falsi
1583 1864 1750 1918 nomi-
1777 1869 1821 1928 Β

150 1949 242 2001 nis
271 1949 577 2012 scientiam,
609 1959 661 2002 et
691 1950 934 2005 diversas
980 1953 1166 2006 turbas
1215 1953 1614 2019 hmreticorum,
1647 1955 1750 2008 hoc

148 2041 424 2104 dicemus,
453 2043 596 2112 quod
630 2044 681 2096 in
719 2043 910 2098 ultimo
940 2052 1180 2114 tempore
1228 2047 1444 2114 quando
1480 2046 1753 2101 subintrao

147 2133 296 2185 serit
330 2132 605 2201 plenitudo
634 2135 897 2204 gentium,
933 2143 986 2188 et
1027 2136 1203 2189 omnis
1231 2136 1389 2190 Israel
1421 2136 1597 2190 salvus
1631 2135 1750 2191 fue-

148 2224 253 2286 rit,
287 2233 412 2278 tunc
441 2225 604 2278 etiam
635 2225 927 2280 adversarii
972 2227 1152 2297 populi
1182 2228 1270 2296 qui
1316 2237 1503 2282 cutura
1532 2228 1750 2282 domum

146 2317 345 2383 Iudae,
373 2328 428 2373 et
465 2321 862 2376 confessionem
912 2322 1167 2378 Ecclesiae
1203 2331 1609 2394 pugnaverunt,
1641 2331 1752 2396 traj

148 2410 292 2464 dant
344 2426 402 2466 se
447 2411 831 2467 ecclesiastica
877 2412 1023 2479 ﬁdei,
1061 2422 1116 2468 et
1164 2415 1429 2469 universis
1475 2413 1753 2468 erroribus

152 2501 460 2566 derelictis,
491 2510 545 2555 et
571 2503 904 2572 principibus
933 2505 1118 2558 mundi
1153 2504 1309 2558 istius
1349 2505 1438 2575 qui
1470 2505 1753 2558 destruan-

153 2602 268 2656 tur,
299 2603 354 2647 et
402 2594 730 2663 patriarehis
774 2594 886 2649 suis
935 2597 1022 2664 qui
1065 2611 1158 2650 eos
1200 2598 1251 2649 in
1293 2596 1752 2666 blasphemiarum

152 2683 477 2736 barathrum
499 2684 855 2747 deduxerunt,
873 2696 1198 2756 consurgant
1215 2695 1266 2740 et
1285 2687 1591 2756 relinquant
1612 2687 1751 2741 idola

153 2790 257 2827 sua
295 2775 725 2830 abominationes
752 2792 876 2830 suas
905 2793 1040 2847 quas
1065 2778 1130 2831 de
1158 2793 1255 2832 suo
1285 2779 1446 2833 corde
1477 2778 1753 2834 confinxe—

154 2874 302 2929 rant,
330 2875 384 2918 et
413 2866 478 2918 de
504 2867 713 2921 cunctis
758 2867 975 2921 sedibus
1020 2869 1134 2922 suis
1170 2869 1222 2922 in
1257 2870 1454 2938 quibus
1496 2884 1752 2938 peccave-

154 2965 286 3010 runt
327 2965 604 3009 transeant
646 2957 711 3009 ad
751 2958 1173 3014 ecclesiasticam
1200 2959 1382 3024 ﬁdem,
1415 2969 1468 3014 et
1498 2959 1752 3014 munden-

156 3055 268 3109 tur,
301 3056 354 3098 et
384 3047 490 3099 sint
519 3047 745 3116 populus
776 3047 998 3112 Christi,
1037 3060 1086 3102 et
1128 3050 1240 3118 ipse
1272 3051 1342 3104 sit
1373 3050 1510 3107 Deus
1540 3065 1747 3115 eorum,

155 3153 282 3206 quae
328 3137 539 3205 plenius
585 3139 636 3191 iu
679 3138 812 3191 Osca
849 3140 1112 3208 propheta
1155 3140 1432 3194 dictitasse
1475 3156 1562 3194 me
1600 3141 1743 3194 novi.

159 3228 318 3294 Quod
352 3227 396 3279 si
423 3227 591 3282 Judwi
618 3237 668 3281 ct
691 3228 982 3282 Christiani
1009 3229 1348 3297 judaizantes
1372 3229 1485 3283 hate
1515 3230 1580 3283 ad
1607 3228 1752 3284 mille
1779 3215 1825 3274 Β

158 3335 431 3373 annorum
474 3320 740 3374 voluerint
783 3319 986 3374 referre
1034 3336 1278 3390 regnum,
1310 3321 1633 3376 necessitate
1658 3335 1752 3375 co—

160 3419 384 3479 guutur,
413 3418 471 3464 ut
499 3411 798 3480 suscipiant
823 3426 1010 3464 omnes
1031 3412 1122 3481 qui
1153 3413 1284 3466 salvi
1317 3413 1518 3466 fuerint
1546 3413 1755 3467 habita»

161 3510 318 3556 turos
351 3502 401 3554 in
455 3511 594 3555 terra
650 3502 832 3562 Israel,
876 3502 1246 3557 aediﬁcandam
1271 3503 1632 3569 Hierusalem,
1658 3518 1753 3557 ex—

163 3593 487 3647 strueudum
517 3593 800 3661 templum,
819 3601 1042 3647 cunctas
1069 3593 1196 3664 legis
1220 3595 1573 3649 caeremonias
1602 3612 1756 3651 exer-

161 3684 380 3744 cendas,
417 3683 810 3738 observandum
868 3684 1173 3749 sabbatum,
1227 3685 1594 3754 accipiendam
1647 3688 1758 3740 cir-

162 3774 801 3842 cumcisionisinjuriam,
819 3773 1252 3828 manducandum
1279 3787 1332 3826 et
1359 3774 1679 3840 bibendum,
1704 3787 1755 3830 et

165 3864 482 3917 divitiarum
531 3863 920 3917 abundantiam
951 3878 1048 3932 pro
1088 3879 1298 3920 sumroa
1341 3864 1675 3920 beatitudine
1705 3876 1755 3919 et

165 3957 377 4010 cunctis
419 3956 608 4025 opibus
638 3954 1029 4009 mstimaudam.
1062 3954 1194 4008 Cum
1241 3953 1529 4023 Apostolus
1571 3957 1754 4010 dicat:

169 4067 190 4102 ι
223 4050 359 4103 Esca
392 4049 591 4114 ventri,
620 4056 676 4102 et
721 4058 910 4102 venter
937 4046 1106 4111 escis;
1141 4048 1279 4102 Deus
1308 4057 1484 4102 autem
1523 4055 1578 4102 et
1616 4048 1760 4102 hunc

165 4151 219 4193 et
243 4138 362 4192 illas
387 4137 628 4193 destruet
653 4137 705 4208 (1
731 4136 850 4192 Cor.
875 4139 972 4204 vi).
996 4160 1013 4189 ε
1045 4138 1322 4205 Quomodo
1349 4151 1526 4193 autem
1555 4139 1607 4193 in
1633 4148 1758 4211 typo

167 4231 587 4285 resurrectionis
611 4230 860 4300 superior
887 4245 1067 4284 sermo
1093 4231 1438 4300 propheticus
1463 4232 1761 4286 restitutio—

167 4338 290 4376 nem
324 4321 533 4377 Judaici
567 4320 747 4390 populi
777 4320 1188 4387 demonstravit,
1221 4337 1329 4376 non
1359 4321 1633 4376 carnalem
1665 4324 1758 4377 sed

167 4411 490 4481 spiritalem,
515 4411 590 4465 sic
616 4420 670 4464 et
693 4412 792 4465 ista
815 4411 1095 4481 prophetia
1124 4425 1462 4482 nequaquam
1487 4411 1552 4465 ad
1579 4412 1759 4466 carnis

166 4502 260 4556 sed
311 4502 377 4555 ad
435 4501 627 4557 animae
679 4503 914 4570 pertinet
961 4500 1305 4566 felicitatem,
1339 4510 1392 4557 et
1440 4504 1505 4557 ad
1558 4503 1756 4558 Christi

168 4591 352 4655 fidem,
386 4592 491 4660 qua
527 4592 853 4646 mundamur
883 4594 936 4646 in
970 4594 1313 4664 baptismate,
1343 4593 1498 4662 cujus
1527 4612 1753 4666 regnum
1786 4577 1832 4635 Ῑ)

166 4681 220 4736 in
251 4691 569 4754 perpetuum
597 4689 700 4744 est,
734 4692 791 4735 ut
823 4697 927 4736 non
962 4693 1336 4753 exspectemus
1375 4697 1598 4740 ventura
1639 4703 1758 4756 qua:

168 4781 440 4830 transacta
467 4782 521 4824 et
545 4771 784 4843 quotidie
817 4774 1039 4842 transigi
1071 4777 1338 4832 novimus.

689 4881 915 4936 CAPUT
955 4883 1240 4938 XXXV’lII.

169 4971 354 5026 Sermo
403 4971 612 5026 Domini
644 4983 823 5025 contra
858 4972 968 5042 συθ
997 4985 1044 5025 et
1077 4973 1302 5044 Mugog;
1331 4976 1392 5030 de
1420 4977 1632 5031 interitu
1665 4995 1755 5032 eo—

639 5058 750 5094 rum
775 5051 821 5094 et
851 5052 1060 5110 peccato
1090 5046 1290 5113 populi.

247 5179 264 5209 ε
303 5159 370 5213 Et
417 5160 593 5216 factus
623 5171 704 5216 est
746 5177 926 5216 sermo
955 5163 1167 5218 Domini
1200 5163 1265 5217 ad
1295 5179 1380 5218 me
1407 5164 1593 5218 dicens
1619 5181 1628 5215 :
1655 5162 1755 5216 Fili

241 5255 496 5319 hominis,
524 5270 664 5325 pone
697 5254 888 5311 faciem
940 5267 1084 5310 tuam
1113 5264 1297 5311 contra
1327 5256 1442 5328 Gog
1473 5267 1527 5310 et
1555 5267 1752 5310 terram

243 5346 430 5416 Magog
452 5348 749 5417 principem
775 5348 968 5417 capitis
996 5347 1212 5403 Mosoch
1244 5359 1299 5402 et
1323 5348 1556 5412 Tlmbal,
1577 5359 1630 5401 et
1661 5363 1753 5400 va-

246 5437 473 5492 ticinare
502 5437 566 5491 de
593 5453 679 5503 eo,
707 5450 762 5494 et
789 5439 936 5494 dices
966 5439 1031 5492 ad
1059 5455 1183 5494 eum
1211 5458 1222 5493 :
1253 5440 1380 5495 llaec
1411 5440 1539 5493 dicit
1567 5440 1752 5492 Domi-

243 5544 344 5581 nus
375 5527 534 5592 Deus,
567 5527 704 5583 Ecce
743 5544 843 5599 ego
887 5529 954 5582 ad
978 5538 1029 5583 te
1056 5529 1168 5600 Gog
1213 5531 1511 5599 principem
1557 5530 1750 5598 capitis

181 5634 198 5666 ‹
247 5615 462 5670 Masocb
493 5626 547 5671 ct
587 5615 819 5672 Tbubal.
853 5618 920 5672 Et
954 5619 1316 5691 circumagam
1364 5631 1415 5675 te
1459 5630 1514 5674 et
1557 5636 1752 5690 ponam

181 5724 199 5755 ι
247 5704 456 5760 frenum
496 5708 547 5762 in
578 5709 810 5763 maxillis
857 5711 983 5775 tuis,
1010 5719 1063 5764 et
1092 5713 1315 5766 educam
1353 5723 1402 5768 te
1438 5723 1490 5767 et
1538 5729 1754 5766 omnem

189 5814 204 5846 ι
245 5796 542 5851 exercitum
582 5806 760 5866 tuum,
796 5813 960 5870 equos
993 5808 1047 5856 et
1076 5802 1286 5873 equites
1317 5803 1538 5858 vestitos
1577 5802 1758 5859 loricis

1852 1434 1872 1466 1

1858 1983 1877 2015 1

1858 2075 1876 2108 1

1858 2350 1876 2382 1

1857 2626 1876 2657 1

1857 2901 1878 2933 1

1862 3176 1879 3205 1

1861 3361 1881 3392 1

1863 3453 1880 3482 1

1865 3635 1882 3662 1

1866 3817 1882 3845 1

1869 4089 1885 4120 1

1868 4368 1884 4397 1

1868 4459 1883 4488 ί

1867 4548 1884 4580 1

1867 5274 1886 5305 1

1868 5551 1885 5581 1

1912 610 2070 666 peum
2101 596 2473 665 arripientium
2500 602 2555 650 et
2582 595 2834 666 gladium.
2856 598 3054 663 PCl'Sﬂ),
3075 599 3354 671 AitbiOpes
3383 614 3435 657 et

1913 687 2108 758 Libyes
2136 702 2258 742 cum
2281 687 2361 742 eis
2388 702 2578 742 omnes
2605 690 2800 743 scutati
2831 700 2884 743 et
2913 692 3127 761 galeati.
3157 692 3357 748 Comer
3382 704 3439 748 et

1915 778 2166 833 universa
2183 779 2398 849 agmina
2413 778 2527 846 ejus
2549 797 2559 830 :
2581 779 2770 833 domus
2785 780 3088 850 Thogorma
3103 786 3268 838 latera
3284 785 3436 854 aqui~

1915 866 2154 931 lonis,-et
2183 875 2352 921 totum
2383 871 2545 922 robur
2571 869 2705 937 ejus,
2741 871 3024 940 populique
3053 873 3202 926 multi
3237 882 3435 927 tecum.

1917 958 2168 1028 Prtcpara
2185 969 2238 1013 et
2266 959 2470 1013 instrue
2490 970 2833 1013 lCClOlllltt‘lll
2864 963 3259 1017 multitudinem
3290 974 3436 1016 tuam

1917 1065 2036 1118 quae
2063 1059 2376 1106 coacervata
2403 1061 2485 1106 est
2507 1054 2570 1103 ad
2600 1063 2741 1113 ιιι,οι
2762 1061 2877 1106 esto
2900 1054 2977 1107 eis
3003 1055 3053 1107 in
3085 1064 3431 1124 praeceptum.

1913 1139 2050 1195 Post
2093 1141 2209 1196 dies
2253 1142 2451 1196 multos
2484 1143 2810 1198 visitaberis.
2860 1144 2913 1197 [n
2950 1147 3241 1200 novissimo
3271 1161 3437 1199 anno-

1916 1249 2035 1286 rnm
2085 1234 2268 1288 venies
2307 1235 2372 1287 ad
2403 1244 2621 1294 terram,
2650 1252 2767 1304 quae
2814 1251 3028 1289 reversa
3059 1248 3140 1291 est
3175 1253 3201 1290 a
3236 1237 3438 1307 gladio,

1918 1334 2243 1396 congregata
2276 1333 2357 1379 est
2385 1325 2448 1378 dc
2486 1326 2692 1393 populis
2722 1327 2901 1381 multis
2940 1327 3004 1380 ad
3036 1337 3245 1382 montes
3275 1328 3438 1382 Israel

1921 1416 2010 1485 qui
2041 1416 2260 1471 fuerunt
2290 1416 2486 1471 deserti
2509 1417 2726 1486 jugiter.
2761 1419 2883 1472 ll:ee
2915 1419 2979 1472 de
3008 1419 3456 1489 populis-educta

1915 1517 2019 1572 est,
2069 1519 2122 1563 et
2167 1510 2549 1562 habitaverunt
2598 1511 2647 1561 in
2694 1526 2753 1563 ca
2801 1510 3136 1564 confidenter
3181 1510 3434 1564 universi.

1842 1619 1871 1650 να
1917 1600 2228 1655 Asceudens
2258 1609 2435 1653 autem
2469 1602 2622 1669 quasi
2654 1609 2944 1667 tempestas
2971 1602 3175 1666 venies,
3196 1611 3244 1655 el
3283 1604 3436 1672 quasi

1842 1711 1874 1743 -‹
1921 1692 2090 1746 nubes
2114 1700 2172 1744 ut
2200 1692 2415 1761 operias
2451 1700 2647 1744 terram
2680 1703 2757 1755 tu,
2789 1702 2841 1745 et
2872 1692 3050 1744 omnia
3085 1693 3295 1762 agmina
3331 1702 3439 1755 tua,

1921 1793 1978 1838 et
2007 1783 2188 1852 populi
2234 1782 2386 1836 multi
2419 1792 2616 1837 tecum.
2666 1783 2789 1837 Ila-c
2817 1785 2946 1838 dicit
2974 1785 3228 1838 Dominus
3256 1787 3400 1840 Dens
3427 1804 3438 1839 :

1921 1873 1980 1926 In
2009 1873 2095 1927 die
2139 1872 2228 1927 illa
2263 1874 2553 1927 ascenderit
2584 1887 2861 1927 sermones
2886 1890 3046 1942 super
3071 1890 3164 1928 cor
3193 1884 3358 1939 tuum,
3391 1887 3446 1932 ct

1923 1963 2186 2034 cogitabis
2216 1964 2598 2033 cogitationem
2623 1964 2939 2034 pessimam,
2963 1976 3017 2019 et
3039 1965 3215 2020 dices:
3241 1967 3465 2021 Ascen—.

1923 2057 2043 2112 dam
2072 2056 2138 2110 ad
2172 2064 2372 2110 terram
2401 2055 2603 2126 absque
2635 2072 2808 2120 muro,
2836 2057 3051 2110 veniam
3080 2058 3144 2112 ad
3168 2059 3445 2128 quiescen-

1924 2154 2005 2202 tes
2061 2147 2477 2216 habitantesque
2519 2162 2745 2201 secure:
2783 2163 2970 2202 omnes
3025 2149 3270 2202 habitant
3321 2149 3443 2204 sine

1922 2253 2079 2292 muro
2105 2279 2117 2302 ,
2152 2248 2336 2292 vectes
2365 2246 2418 2291 et
2449 2247 2618 2306 portae
2669 2253 2774 2291 non
2815 2247 2940 2292 sunt
2977 2239 3086 2306 eis,
3117 2248 3174 2292 ut
3219 2239 3446 2309 diripias

1921 2330 2088 2400 Spolia
2120 2339 2170 2384 et
2191 2330 2422 2384 invadas
2452 2329 2710 2400 priedam,
2739 2341 2798 2384 ut
2826 2329 3028 2386 inferas
3055 2348 3269 2386 manum
3296 2343 3442 2386 tuam

1921 2435 2082 2490 super
2111 2435 2203 2476 eos
2232 2421 2321 2492 qui
2355 2421 2553 2475 deserti
2601 2419 2838 2484 fuerant,
2868 2429 2919 2475 et
2946 2432 3148 2491 .postea
3182 2425 3442 2488 restituti,

1920 2521 1975 2566 et
2001 2511 2164 2581 super
2188 2511 2438 2581 populum
2463 2514 2554 2579 qui
2581 2523 2663 2565 est
2689 2525 3046 2582 congregatus
3072 2529 3137 2568 ex
3166 2517 3439 2585 gentibus,

1845 2626 1876 2657 τί
1921 2605 2013 2674 qui
2063 2607 2341 2674 possidere
2389 2605 2582 2673 coepit,
2615 2613 2671 2658 et
2714 2619 2835 2658 esse
2883 2607 3156 2660 habitator
3205 2607 3443 2661 umbilici

1927 2708 2105 2752 terra}.
2140 2697 2279 2752 Saba
2309 2707 2362 2751 et
2394 2687 2690 2760 Dedan,‘et
2721 2701 3084 2768 negotiatores
3113 2699 3357 2765 Tharsis,
3391 2712 3445 2761 ct

1920 2805 2110 2845 omnes
2131 2790 2312 2845 leones
2339 2790 2450 2859 ejus
2473 2789 2653 2845 dicent
2679 2792 2794 2855 tibi,
2827 2791 3073 2860 Nunquid
3098 2795 3162 2848 ad
3186 2795 3446 2849 stituenda

1925 2883 2095 2952 spolia
2124 2891 2178 2935 tu
2207 2884 2390 2935 venis?
2415 2883 2554 2935 Ecce
2575 2884 2640 2935 ad
2664 2884 3024 2951 diripiendam
3053 2887 3294 2953 pnedanr
3317 2902 3441 2940 con-

1925 2972 2162 3042 gregasti
2218 2971 2615 3026 multitudinem
2664 2981 2832 3037 tuam,
2864 2983 2922 3026 ut
2973 2973 3127 3029 tollas
3159 2986 3443 3046 argentum

1850 3083 1876 3113 1
1925 3074 1978 3117 et
2002 3079 2214 3128 aurum,
2235 3063 2449 3119 auferas
2473 3064 2858 3132 supellectilem
2885 3073 3047 3132 atque
3065 3065 3446 3151 substantiam,

1927 3157 2249 3226 erdiripias
2297 3157 2586 3210 manubias
2637 3156 2893 3210 latinitas.
2935 3159 3226 3227 Propterea
3259 3161 3446 3215 vatici-

1929 3263 2077 3309 nare,
2114 3248 2184 3302 fili
2209 3249 2462 3314 hominis,
2483 3259 2534 3302 et
2556 3249 2704 3302 dices
2725 3249 2790 3302 ad
2812 3249 2944 3318 Cog,
2972 3249 3092 3304 llaec
3115 3251 3244 3312 dicit
3269 3253 3444 3307 Domi-

1926 3360 2023 3396 nus
2048 3343 2186 3397 Deus
2213 3358 2226 3395 :
2250 3341 2499 3414 Nunquid
2529 3361 2632 3397 non
2660 3347 2708 3396 in
2735 3346 2818 3396 dic
2843 3346 2953 3404 illo,
2976 3360 3095 3398 cum
3124 3345 3389 3398 habitaret
3408 3347 3447 3400 it

1924 3435 2149 3502 populus
2195 3451 2345 3490 meus
2395 3435 2557 3488 Israel
2602 3436 2954 3492 conﬁdenter,
2991 3438 3128 3490 Scies
3166 3445 3219 3490 ct
3262 3439 3448 3491 venies

1931 3525 1996 3578 de
2025 3524 2140 3579 loco
2167 3534 2257 3579 tuo
2280 3541 2307 3577 a
2337 3525 2592 3580 lateribus
2619 3526 2905 3593 aquilonis.
2934 3535 2985 3578 tu
3013 3536 3063 3580 et
3087 3527 3260 3595 populi
3295 3529 3446 3581 multi

1933 3626 2107 3671 tecum
2133 3633 2448 3673 ascensorcs
2466 3633 2724 3687 eqtnu‘um
2751 3620 3197 3673 umvershcretus
3223 3635 3444 3688 magnus

1926 3717 1980 3761 et
2003 3711 2272 3761 exercitus
2299 3709 2609 3764 vehemens.
2636 3707 2699 3760 Et
2726 3711 2984 3762 ascenies
3011 3724 3170 3776 snper
3193 3711 3445 3777 populum

1935 3814 2110 3852 meum
2157 3798 2346 3863 Israel,
2378 3801 2528 3868 quasi
2565 3801 2732 3851 nubes
2773 3809 2831 3850 ut
2871 3801 3083 3866 operias
3117 3809 3337 3851 terram.
3387 3800 3442 3854 lu

1929 3889 2238 3943 novissimis
2269 3889 2461 3943 diebus
2501 3889 2626 3954 eris,
2663 3901 2712 3942 et
2756 3889 3017 3943 adducam
3054 3899 3103 3942 te
3140 3905 3300 3958 super
3335 3899 3441 3944 ter-

1933 3996 2046 4034 ram
2079 3997 2252 4034 meam
2283 3991 2340 4035 ut
2367 3983 2534 4034 sciant
2563 3994 2751 4050 gentes
2796 3999 2878 4036 me
2911 3999 3031 4036 cum
3078 3982 3446 4037 s:‘mctiticatns

1935 4070 2088 4124 inero
2127 4071 2175 4123 in
2206 4080 2254 4125 te
2278 4071 2329 4124 in
2361 4070 2530 4124 oculis
2564 4086 2769 4134 eorum,
2797 4088 2828 4124 ς)
2855 4070 2984 4140 Gog.
3025 4071 3148 4125 II-ZDC
3176 4073 3304 4125 dicit
3335 4072 3441 4126 Do-

1932 4165 2107 4218 minus
2139 4163 2283 4217 Deus
2311 4181 2323 4216 :
2349 4163 2426 4216 Tu
2460 4180 2585 4233 ergo
2620 4164 2702 4217 il—Ie
2731 4181 2788 4218 cs
2818 4166 2880 4216 de
2913 4181 3016 4233 quo
3063 4165 3275 4220 locutus
3322 4180 3440 4218 sum

1854 4273 1884 4305 γι
1934 4256 1986 4308 in
2011 4255 2200 4309 diebus
2225 4255 2461 4323 antiquis
2489 4255 2538 4307 in
2571 4271 2727 4309 llllllll!
2754 4272 3029 4309 servorum
3059 4273 3294 4310 meorum
3319 4272 3443 4323 pro-

1931 4347 2216 4414 phetarum
2263 4346 2447 4410 Israel,
2504 4364 2591 4415 qui
2646 4350 3096 4416 prophetaverunt
3149 4349 3200 4399 in
3255 4347 3445 4401 dit-bus

1932 4438 2146 4493 illorum
2181 4448 2478 4505 temporum
2510 4449 2564 4490 ut
2601 4439 2924 4491 adducerent
2958 4447 3006 4490 te
3037 4453 3196 4507 super
3229 4453 3341 4491 cos.
3378 4439 3441 4490 lit

1932 4529 2039 4582 erit
2069 4529 2120 4582 in
2150 4529 2236 4582 die
2264 4528 2369 4590 illa,
2405 4528 2454 4579 in
2491 4528 2576 4580 die
2612 4526 2871 4582 adventus
2903 4527 3018 4598 Gog
3054 4543 3213 4598 super
3244 4538 3440 4580 terram

1865 4638 1885 4668 -ι
1934 4618 2114 4680 Israel,
2145 4619 2221 4670 ait
2253 4617 2506 4671 Dominus
2536 4617 2695 4681 Deus,
2722 4619 2975 4672 ascendet
3007 4619 3300 4688 indignatio
3328 4632 3444 4672 mea

1935 4709 1987 4760 in
2022 4707 2203 4760 furore
2247 4719 2368 4760 meo
2394 4715 2448 4760 et
2480 4707 2530 4759 in
2565 4708 2678 4760 zelo
2722 4723 2861 4762 meo.
2899 4709 2955 4761 In
3007 4709 3128 4779 igne
3174 4711 3266 4763 ine
3311 4727 3442 4763 meae

1934 4801 2142 4852 locutus
2173 4814 2316 4864 sum,
2347 4799 2469 4867 quia
2500 4799 2552 4851 in
2582 4800 2667 4853 die
2693 4799 2779 4852 illa
2809 4801 2911 4852 erit
2935 4803 3226 4855 commotio
3249 4819 3440 4871 magna

1932 4906 2094 4959 super
2143 4902 2343 4945 terram
2384 4891 2573 4952 Israel,
2601 4899 2656 4945 et
2705 4893 3184 4948 connnovebnntnr
3229 4909 3258 4948 a
3306 4894 3444 4946 facio

1931 4997 2046 5036 mea
2089 4983 2266 5052 pisces
2313 4979 2500 5045 maris,
2558 4992 2610 5037 et
2663 4983 2909 5038 volucres
2959 4985 3099 5049 cteli,
3162 4995 3215 5040 et
3257 4985 3442 5041 bestiae

1930 5074 2068 5143 agri,
2099 5084 2150 5128 et
2169 5089 2330 5128 omne
2363 5075 2552 5142 reptile
2575 5076 2715 5144 quod
2741 5086 2987 5129 movetur
3009 5091 3171 5145 super
3199 5077 3439 5140 lmmum,

1929 5166 2216 5234 cunctique
2256 5166 2504 5220 homines
2541 5167 2630 5234 qui
2675 5176 2798 5220 sunt
2843 5181 3003 5235 super
3035 5165 3229 5221 faciem
3262 5176 3436 5220 terrae.

1932 5255 2400 5310 Etsubvertentur
2425 5265 2654 5318 montes,
2682 5265 2735 5309 ct
2766 5256 2959 5310 cadent
2983 5271 3155 5324 scpes,
3181 5266 3234 5310 et
3265 5258 3441 5311 omnis

1931 5363 2115 5400 murus
2141 5355 2359 5400 corruet
2403 5347 2454 5400 in
2489 5357 2708 5401 terram.
2751 5347 2817 5400 Et
2848 5347 3155 5402 convocabo
3184 5347 3444 5401 adversus

1929 5453 2052 5492 eum
2083 5438 2133 5492 in
2169 5439 2378 5493 cunctis
2400 5438 2670 5493 montibus
2704 5439 2837 5492 meis
2866 5439 3122 5509 gladium,
3149 5439 3224 5491 ait
3256 5438 3441 5492 Domi-

1928 5546 2029 5584 nus
2057 5529 2222 5583 Deus.
2256 5529 2480 5586 Gladius
2511 5531 2934 5600 uniuscujusque
2962 5531 3014 5584 in
3040 5532 3257 5584 fratrem
3286 5544 3442 5582 suum

1934 5622 2216 5692 dirigetur.
2255 5622 2322 5677 Et
2349 5622 2602 5691 judicabo
2647 5639 2766 5677 cum
2798 5634 2945 5694 peste.
2977 5635 3030 5677 et
3063 5622 3341 5691 sanguine,
3386 5627 3441 5672 et

1934 5712 2102 5767 imbre
2130 5713 2432 5768 vehementi
2465 5722 2517 5766 et
2559 5713 2824 5783 lapidibus
2852 5713 3148 5768 immensis.
3181 5711 3361 5781 Ignem
3389 5719 3441 5762 et

1935 5805 2158 5875 sulphur
2181 5805 2359 5874 pluatn
2385 5823 2543 5877 super
2572 5822 2713 5873 cum,
2730 5815 2781 5860 et
2806 5820 2965 5876 super
2988 5807 3282 5860 exercitum
3303 5803 3442 5867 eius,
