3936 6324
519 354 624 410 8οἿ

1162 353 1224 407 Β.
1266 350 1520 408 RABANI
1554 346 1777 409 MAURI
1815 346 2139 408 ARCHIEP.
2181 344 2492 404 MOGUNT.
2534 346 2823 405 OPERUM
2861 348 3040 406 PARS
3074 349 3136 417 II.

3699 350 3797 409 838

507 487 544 524 ι
586 476 642 526 et
670 483 834 540 super
866 469 1092 540 pepulos
1123 468 1322 525 multos
1350 466 1443 538 qui
1473 475 1600 524 sunt
1626 481 1752 523 cum
1780 479 1867 523 eo.
1898 464 1968 520 Et
1991 478 2109 518 ma—
2135 466 2187 526 Α
2212 467 2304 516 tur
2331 461 2583 532 superbia
2614 470 2683 518 et
2702 459 2825 518 falsi
2863 463 3096 519 nominis
3133 465 3358 522 scientia
3396 481 3519 536 quas
3549 469 3711 539 erigit
3739 479 3798 520 se

522 583 542 618 ι
583 562 882 635 gnificabor
904 571 959 618 et
990 561 1374 619 sanctificabor
1393 601 1410 628 ,
1439 568 1495 616 et
1524 567 1684 616 notus
1723 573 1821 614 ero
1851 557 1903 612 in
1933 555 2108 612 oculis

511 673 544 709 .r
588 655 826 728 gentium
860 654 1177 721 multarum,
1207 661 1262 710 et
1288 652 1461 708 scient
1488 651 1619 722 quia.
1649 663 1751 720 ego
1775 648 2056 704 Dominus.
2081 667 2100 698 ι

517 746 784 819 (Ηὶενοη.)
801 747 1044 802 Primum
1072 747 1315 803 historia:
1343 745 1693 802 fundamenta
1702 734 1953 812 iacienda
1980 745 2108 796 sunt

513 837 901 909 sciendumque
923 838 1067 908 quod
1079 839 1147 893 ad
1160 836 1412 893 Ezechiel
1433 835 1756 907 prophetam
1780 833 1898 888 iste
1923 838 2107 885 extre-

513 944 636 985 mus
659 944 840 986 sermo
861 929 933 984 sit
953 929 1189 984 Domini.
1219 928 1408 999 Neque
1430 927 1573 988 enim
1603 934 1726 998 post
1754 925 1900 980 hunc
1929 921 2106 979 simile

511 1020 639 1090 quid
651 1035 939 1090 possumus
963 1020 1227 1084 invenire,
1246 1006 1444 1089 praeter
1457 1016 1587 1073 illud
1603 1016 1748 1087 quod
1762 1015 1816 1069 in
1839 1014 2102 1070 vicesimo

511 1111 701 1179 quinto
725 1125 866 1165 anno
897 1109 1157 1180 scriptum
1181 1118 1265 1163 est
1287 1105 1784 1176 transmigrationis
1800 1102 2100 1167 Jechonim,

496 1218 536 1253 .c
572 1199 713 1256 facta
737 1210 822 1257 est
852 1215 1022 1271 super
1052 1215 1139 1255 me
1181 1214 1374 1260 manus
1403 1196 1640 1262 Domini,
1677 1205 1730 1249 et
1757 1194 1984 1250 adduxit
2015 1206 2102 1248 me

491 1294 656 1360 .illuc,
683 1315 701 1348 ι
730 1294 831 1350 hoc
868 1303 955 1350 est
992 1294 1047 1352 in
1080 1292 1520 1358 terramIsracl,
1551 1289 1766 1361 quando
1813 1287 2101 1344 aedificatio

506 1387 693 1459 templi
721 1388 1062 1452 describitur,
1096 1397 1151 1444 et
1179 1385 1628 1442 caeremoniarum
1659 1382 1776 1451 ejus
1805 1381 1939 1437 ordo
1969 1396 2098 1436 nar-

486 1490 679 1537 ,ratur.
715 1481 848 1536 Dein
872 1480 1265 1536 observandum
1297 1478 1441 1548 quod
1463 1476 1686 1547 ponitur
1705 1476 1819 1530 sive
1845 1473 2102 1530 obfirma-

506 1581 595 1626 tur
622 1571 786 1628 facies
819 1575 1095 1643 prophetae
1125 1579 1312 1626 contra
1342 1570 1458 1641 Gog
1484 1579 1720 1632 terram,
1755 1567 1870 1622 sive
1895 1575 2098 1622 terram

504 1659 695 1731 Magog
719 1678 731 1712 :
758 1661 1136 1715 obfirmationc
1182 1659 1326 1713 enim
1357 1667 1413 1712 et
1451 1657 1619 1714 multa
1660 1656 2099 1712 consideratione

490 1749 686 1804 vultus
727 1765 863 1819 opus
909 1758 1012 1816 est,
1063 1759 1121 1803 ut
1165 1765 1287 1818 qua:
1328 1748 1582 1804 dicuntur
1620 1763 1780 1803 nosse
1826 1747 2097 1821 possimus

2211 558 2399 606 contra
2430 551 2680 608 notitiam
2710 553 2974 619 veritatis,
2998 553 3084 608 his
3119 555 3428 610 nominibus
3457 556 3801 612 demonstra-

2209 646 2318 693 tur.
2360 642 2472 696 Ista
2515 649 2641 696 sunt
2682 650 2824 697 tecta
2869 643 2935 698 de
2973 643 3172 714 quibus
3197 653 3252 699 et
3279 645 3449 701 Isaias
3479 645 3721 716 loquitur
3743 649 3798 703 in

2211 738 2418 795 visione
2451 748 2642 795 contra
2678 739 2873 795 vallem
2909 738 3079 796 Sion:
3111 760 3128 791 ι
3159 740 3299 810 Quid
3345 744 3440 798 tibi
3482 743 3686 800 factum
3716 757 3801 801 est

2207 845 2376 897 nunc,
2421 832 2676 900 quoniam
2703 832 3026 888 ascendistis
3056 848 3246 889 omnes
3277 835 3330 889 in
3364 845 3506 891 tecta
3552 821 3727 892 vana?
3767 857 3789 891 ο

2208 919 2542 993 Tectumque
2572 923 3052 994 interpretabimur
3095 914 3473 996 hmreticorum
3502 927 3796 998 principes,

2205 1013 2354 1069 etde
2383 1022 2665 1073 tectoxeos
2692 1017 2782 1086 qui
2827 1016 3042 1072 illorum
3075 1032 3366 1089 suscepere
3392 1019 3687 1075 doctrinas.
3730 1021 3798 1075 Et

2203 1103 2428 1174 pulchre
2449 1118 2575 1178 post
2601 1106 2798 1163 multas
2819 1115 2873 1172 et
2897 1107 3153 1179 mysticas
3170 1108 3224 1162 in
3250 1108 3352 1164 hoc
3378 1109 3648 1166 volumine
3673 1129 3799 1182 pro.

2191 1195 2438 1264 ,phetias,
2483 1205 2790 1260 extremum
2833 1196 3154 1254 vaticinium
3203 1206 3288 1255 est
3335 1210 3524 1254 contra
3574 1200 3691 1274 Cog
3741 1212 3797 1258 et

2199 1284 2410 1358 Magog.
2448 1286 2507 1344 Si
2542 1288 2688 1343 enim
2737 1298 2949 1359 tempus
2974 1289 3174 1360 'judicii
3219 1298 3322 1354 est,
3351 1289 3507 1358 juxta
3549 1291 3794 1358 Petrum,

2209 1395 2228 1429 ι
2266 1385 2327 1432 ut
2355 1379 2580 1449 incipiat
2606 1394 2634 1434 a
2666 1378 2826 1434 domo
2847 1377 2943 1434 Dei
2971 1378 3025 1452 (1
3047 1377 3190 1434 Petr.
3221 1381 3318 1452 iv),
3343 1401 3362 1433 ι
3391 1391 3444 1436 et
3465 1380 3625 1450 juxta
3651 1385 3794 1438 hunc

2202 1468 2455 1524 eumdem
2488 1469 2830 1525 Ezechieletn
2861 1471 2952 1540 qui
2980 1470 3078 1536 ait,
3108 1489 3127 1522 ι
3158 1480 3213 1525 et
3241 1487 3269 1525 a
3295 1473 3499 1528 sanctis
3543 1476 3682 1529 meis
3707 1475 3792 1529 in-

2203 1558 2367 1629 cipite
2402 1558 2619 1631 (Ezech.
2650 1561 2750 1632 ix),
2775 1579 2794 1613 ι
2829 1569 2887 1616 ct
2919 1561 3246 1616 novissimus
3271 1561 3522 1617 inimicus
3551 1563 3793 1620 destrue-

2203 1659 2293 1706 tur
2334 1667 2501 1708 mors.
2535 1653 2593 1707 In
2624 1652 2764 1708 Isaia
2795 1668 3013 1724 quoque
3041 1654 3250 1723 primus
3293 1669 3471 1708 sermo
3512 1655 3572 1709 fit
3603 1665 3790 1710 contra

2200 1741 2443 1797 Judaaam
2491 1742 2547 1797 in
2596 1758 2703 1814 qua
2746 1743 3017 1799 confessio
3061 1744 3274 1799 Domini
3305 1753 3408 1809 est,
3433 1753 3488 1799 ct
3516 1754 3791 1802 extremus

503 1844 800 1898 secundum
845 1843 998 1898 illum
1042 1842 1443 1912 apostolicum:
1475 1860 1492 1893 ι
1529 1840 1640 1897 Nos
1683 1851 1862 1896 autem
1904 1853 2096 1896 omnes
2123 1841 2170 1900 B
2200 1842 2390 1890 contra
2451 1834 2830 1914 quadrupedes
2867 1851 2987 1906 qua:
3045 1834 3098 1888 in
3161 1835 3380 1889 deserto
3434 1844 3581 1889 sunt.
3626 1836 3790 1891 Recte

503 1931 930 1989 revelatafacie
978 1933 1209 2004 gloriam
1257 1933 1476 1989 Domini
1521 1931 1992 2002 contemplantes,
2039 1931 2094 1988 in

499 2021 746 2076 eamdem
778 2021 1066 2093 imaginem
1111 2022 1522 2079 reformamura
1548 2022 1720 2095 gloria
1752 2023 1806 2078 in
1838 2023 2091 2092 gloriam,

500 2113 655 2184 quasi
693 2128 723 2167 a
765 2113 980 2169 Domini
1008 2114 1201 2184 spiritu
1225 2113 1278 2186 (1
1308 2113 1431 2169 Cor.
1464 2113 1570 2186 ιιι).
1591 2134 1612 2168 ο
1641 2113 1810 2184 Igitur
1837 2111 2009 2169 Judaei
2038 2121 2096 2169 et

501 2204 675 2259 nostri
701 2204 1044 2274 judaizantes
1070 2213 1263 2279 putant
1288 2206 1403 2277 Gog
1424 2213 1616 2277 gentes
1656 2221 1777 2263 esse
1807 2205 2094 2277 Scythicas

487 2293 766 2351 immanes
806 2305 863 2352 et
908 2297 1373 2360 innumerabiles,
1421 2312 1542 2367 qua:
1591 2306 1740 2353 trans
1789 2295 2090 2353 Caucasum

498 2397 760 2455 montem,
789 2398 843 2444 et
870 2389 1174 2447 Mmotidem
1199 2389 1477 2460 paludem,
1509 2398 1565 2445 ct
1595 2398 1816 2462 propter
1835 2389 2090 2460 Caspium

497 2493 650 2534 mare
675 2481 744 2534 ad
780 2481 988 2537 Indiam
1016 2497 1190 2553 usque
1221 2481 1546 2548 tendantur,
1571 2490 1628 2537 et
1657 2475 1909 2554 has'post
1943 2482 2091 2538 mille

497 2585 763 2630 annorum
790 2589 1016 2645 regnum
1048 2590 1170 2631 esse
1197 2591 1226 2629 a
1255 2576 1472 2633 diabolo
1499 2575 1940 2642 commovendas,
1969 2591 2090 2646 quae

496 2662 718 2717 veniant
747 2663 801 2718 in
844 2674 1043 2718 terram
1073 2665 1236 2721 Israel
1274 2674 1338 2723 ut
1363 2677 1604 2740 pugnent
1629 2676 1818 2722 contra
1845 2676 2084 2731 sanctos,

495 2752 681 2809 multis
705 2769 887 2810 secum
917 2756 1167 2827 gentibus
1197 2759 1554 2829 congregatis.
1591 2758 1837 2815 Primum
1865 2758 2086 2815 Mosoch

493 2843 889 2916 qquosephus
911 2848 1300 2920 interpretatur
1321 2850 1689 2920 Cappadocas,
1706 2849 1829 2905 dein
1853 2851 2082 2918 Thubal,

492 2952 631 3008 quos
661 2938 804 2995 idem
826 2938 1031 3006 Iberos,
1056 2941 1140 2994 vel
1167 2940 1458 3011 Hispanos,
1486 2940 1696 2996 Hebraei
1723 2940 1887 2996 Italos
1909 2941 2086 3010 suspi-

488 3039 708 3094 cantur,
742 3031 1003 3087 habentes
1033 3047 1214 3087 secum
1249 3033 1302 3086 in
1341 3034 1588 3088 exercitu
1621 3031 1836 3098 Persas,
1869 3031 2084 3087 [Ethio-

491 3132 592 3187 pas
637 3126 691 3172 et
739 3117 957 3190 Libyas.
1007 3120 1209 3175 Gomer
1255 3135 1473 3192 quoque
1503 3131 1558 3176 et
1594 3121 1901 3192 'l‘hogorma
1944 3136 2082 3192 quos

492 3205 713 3263 Galatas
753 3217 810 3264 et
842 3208 1081 3282 Phryges
1118 3210 1573 3279 interpretantur,
1607 3209 1826 3272 Sabzeos
1868 3225 2084 3282 quoque

493 3305 550 3352 .ct
597 3296 801 3361 Dedau,
835 3307 890 3354 et
937 3298 1396 3370 Carthaginenscs
1425 3301 1539 3362 sive
1575 3301 1828 3367 Tharsis;
1876 3303 2084 3357 ethoc

493 3398 576 3443 est
607 3390 748 3458 quod
781 3388 1018 3447 Joannes
1046 3407 1258 3463 quoque
1299 3394 1351 3446 in
1390 3408 1486 3453 sua
1533 3394 1684 3464 ponit
1711 3393 2035 3465 Apocalypsi
2065 3411 2077 3448 :

498 3501 517 3533 ι
552 3482 619 3536 Et
649 3499 771 3537 eum
803 3483 940 3541 finiti
983 3485 1187 3540 fuerint
1213 3486 1358 3546 mille
1389 3488 1536 3552 anni,
1565 3486 1805 3543 solvetur
1852 3486 2083 3542 Satanas

492 3575 560 3629 dc
590 3576 833 3630 custodia
865 3591 982 3642 sua,
1011 3585 1066 3630 ct
1107 3577 1415 3648 egredietur
1455 3587 1514 3632 ut
1547 3578 1769 3633 seducat
1803 3586 1993 3646 gentes
2028 3577 2083 3631 in

489 3678 728 3737 quatuor
774 3669 983 3739 angulis
1025 3677 1183 3728 terra:
1220 3669 1335 3739 Gog
1364 3678 1419 3725 et
1459 3670 1675 3743 Magog,
1707 3677 1768 3724 ut
1793 3677 2085 3740 congreget

494 3759 681 3814 eosad
711 3759 930 3824 bellum,
963 3774 1191 3832 quorum
1223 3775 1482 3815 numerus
1504 3771 1586 3820 est
1612 3761 1754 3815 sicut
1781 3775 1944 3816 arena
1975 3777 2084 3815 ma-

493 3854 591 3908 ris.
640 3853 706 3906 Et
749 3853 1112 3907 ascenderunt
1145 3868 1241 3923 per
1286 3853 1626 3911 latitudinem
1675 3861 1852 3917 terrae,
1880 3863 1935 3907 et
1979 3854 2086 3907 cir-

494 3944 886 4000 cumdederunt
907 3955 1085 3998 castra
1109 3953 1418 3998 sanctorum
1442 3953 1494 3998 et
1515 3943 1787 4004 civitatem
1804 3943 2079 4010 dilectam,

496 4043 552 4089 ct
578 4034 857 4090 descendit
903 4035 1044 4104 ignis
1067 4049 1098 4087 a
1130 4034 1240 4088 Deo
1273 4033 1339 4088 de
1365 4033 1503 4088 coelo
1533 4043 1589 4087 et
1631 4032 1911 4088 devoravit
1951 4046 2079 4088 eos:

491 4136 551 4179 et
579 4127 846 4193 diabolus,
871 4127 959 4196 qui
984 4127 1273 4181 seduccbat
1295 4141 1409 4190 eos,
1437 4127 1634 4180 missus
1655 4135 1737 4180 est
1755 4127 1806 4179 in
1833 4135 2081 4196 stagnum

495 4215 634 4287 ignis
658 4226 713 4270 et
741 4216 1014 4286 sulphuris
1042 4217 1130 4270 ubi
1155 4225 1274 4271 erat
1303 4217 1475 4271 bestia
1499 4224 1553 4269 et
1580 4215 2078 4286 pscudoprophetze,

495 4317 549 4361 et
581 4309 968 4363 eruciabuntur
1001 4308 1191 4363 diebus
1234 4320 1288 4362 et
1329 4309 1579 4363 noctibus
1608 4309 1660 4362 in
1692 4309 1886 4364 saecula
1915 4325 2084 4364 saccu-

491 4396 703 4461 lorum;
743 4419 760 4450 ι
794 4414 897 4452 non
945 4399 1306 4467 intelligentes
1335 4408 1507 4454 totum
1546 4399 1796 4455 volumen
1833 4399 2077 4464 Joannis,

495 4491 638 4560 quod
669 4491 1012 4545 rev-elationis
1041 4491 1194 4544 titulo
1230 4499 1583 4559 praenotatur,
1608 4505 1728 4546 esse
1761 4492 2077 4562 mysticum;

494 4586 550 4631 et
572 4575 897 4633 revelationc
915 4593 1012 4634 nos
1030 4579 1296 4648 indigere,
1314 4588 1372 4633 ut
1393 4579 1661 4648 possimus
1674 4596 1796 4635 cum
1816 4581 2082 4650 Propheta

497 4667 680 4723 dicere
707 4687 719 4722 :
753 4687 769 4717 ι
801 4667 1001 4728 Revela
1037 4669 1222 4724 oculos
1247 4685 1412 4734 meos,
1447 4679 1500 4725 et
1530 4673 1886 4728 considerabo
1917 4674 2084 4727 mira-

498 4757 626 4812 bilia
659 4757 723 4813 de
748 4757 865 4826 lege
895 4765 984 4810 tua
1017 4755 1189 4828 (Paul.
1220 4759 1431 4829 cxviu).
1461 4780 1478 4812 ι
1515 4759 1620 4814 Alii
1654 4777 1780 4816 vero
1810 4771 2084 4818 terrenum

497 4862 715 4903 sensum
749 4848 1131 4918 relinquentes,
1158 4858 1214 4937 et
1242 4848 1500 4904 Judaicas
1533 4861 1696 4920 atque
1731 4852 1902 4906 aniles
1933 4852 2085 4907 fabu—

497 4938 600 5001 las,
629 4953 748 5007 qua:
773 4939 944 4993 noxia:
969 4949 1115 5002 sunt,
1142 4947 1196 4993 ct
1230 4940 1635 5010 acquiescentes
1663 4942 1763 4997 sibi
1795 4943 2088 4997 detrahunt

498 5027 553 5081 in
581 5027 927 5096 profundum,
952 5028 1176 5082 nimium
1203 5030 1271 5083 ad
1293 5029 1398 5083 alta
1425 5034 1814 5097 conscendunt,
1841 5039 1895 5085 et
1917 5034 2087 5086 nmlto

499 5116 709 5188 pejores
724 5119 931 5188 lingunt
949 5119 1152 5174 naeuius
1177 5134 1191 5173 :
1219 5130 1278 5174 ut
1305 5122 1356 5174 in
1381 5121 1586 5176 cmlesti
1613 5121 1948 5179 Hierusalem
1975 5123 2089 5177 dia-

500 5210 628 5273 boli,
655 5219 708 5265 et
739 5212 915 5266 omnis
943 5213 1216 5268 exercitus
1242 5213 1360 5284 ejus
1382 5214 1520 5268 bella
1543 5215 1877 5280 describunt,
1911 5226 1965 5271 et
1987 5216 2086 5270 sub

499 5301 840 5372 ctymologiis
863 5304 1101 5372 gentium
1147 5305 1481 5376 singularum
1524 5308 1946 5377 interpretentur
1977 5310 2084 5378 spi-

503 5392 678 5450 ritalia
711 5395 964 5464 nequitize
989 5396 1040 5448 in
1067 5396 1396 5453 ewlestibus.
1425 5397 1553 5464 Qum
1582 5415 1681 5454 nos
1706 5401 1888 5454 omnia
1919 5401 2086 5455 lecto-

503 5486 582 5540 ris
621 5487 849 5540 arbitrio
894 5489 1248 5545 concedentes
1291 5507 1394 5545 non
1436 5501 1544 5546 tam
1587 5494 1759 5548 aliena
1802 5495 2082 5558 damnare,

502 5590 663 5644 quam
691 5576 1114 5632 ecclesiasticam
1145 5581 1581 5649 explanationem
1615 5585 1884 5641 allirmarc
1920 5601 2084 5640 cona-

505 5668 695 5721 lzillltll‘.
743 5666 856 5739 Gog
883 5668 1070 5724 Graeco
1099 5687 1346 5728 sermone
1377 5675 1540 5746 δῶμα,
1580 5676 1767 5732 Latine
1795 5689 1983 5732 lemma
2011 5678 2088 5732 di-

503 5759 660 5811 citur.
695 5760 861 5816 Porro
888 5762 1070 5833 .‘tlagng
1095 5764 1480 5834 interpretatur
1499 5767 1560 5821 de
1587 5779 1716 5822 (crto
1742 5786 1758 5832 ;
1786 5771 1962 5825 omnis
1988 5771 2083 5839 igi-

2197 1931 2254 1979 et
2287 1924 2376 1980 hic
2407 1925 2740 1981 novissimus
2773 1939 2953 1981 sermo
2989 1923 3050 1979 fit
3094 1934 3286 1984 contra
3314 1923 3431 1993 Gog
3478 1933 3533 1980 et
3577 1924 3788 1997 Magog,

2196 2014 2289 2084 qui
2330 2023 2644 2086 oppugnant
2690 2015 2967 2070 civitatem
3027 2015 3145 2080 Dei,
3192 2030 3354 2084 quam
3401 2013 3637 2070 ﬂuminis
3691 2017 3790 2070 im-

2194 2115 2352 2178 petus
2386 2106 2651 2174 laetiﬁcat,
2689 2115 2745 2162 et
2772 2116 2892 2178 quze
2919 2107 2975 2162 in
3015 2105 3153 2169 Isaia
3201 2094 3354 2171 dicit,
3388 2125 3406 2158 ι
3439 2106 3553 2178 Ego
3599 2107 3789 2164 civitas

2195 2199 2350 2255 firma
2398 2215 2519 2271 quae
2572 2208 2932 2272 oppugnatur,
2972 2217 2990 2250 ι
3017 2206 3072 2253 et
3113 2198 3181 2255 de
3227 2213 3334 2268 qua
3385 2199 3441 2253 in
3501 2199 3789 2271 Evangelia

2196 2298 2457 2368 scriptum
2507 2305 2593 2354 est
2647 2297 2882 2370 (Matth.
2931 2296 3002 2370 v)
3048 2312 3062 2352 :
3113 2317 3132 2349 ι
3189 2295 3307 2352 Non
3365 2304 3548 2368 potest
3597 2296 3790 2353 civitas

2192 2388 2456 2446 abscondi
2513 2403 2680 2460 super
2725 2399 2967 2444 montem
3027 2388 3225 2460 posita.
3281 2406 3300 2441 ι
3358 2388 3426 2442 Et
3471 2388 3685 2458 plenius
3731 2389 3786 2444 in

2191 2481 2400 2552 psalmo
2443 2496 2458 2535 :
2505 2498 2526 2533 ι
2576 2481 2914 2538 Hierusalem
2954 2495 3076 2552 quae
3113 2479 3417 2536 aedificatur
3460 2493 3519 2534 ut
3564 2480 3782 2547 civitas,

2189 2572 2344 2643 cujus
2369 2572 2712 2642 participatio
2755 2571 2872 2641 ejus
2901 2571 2954 2626 in
2997 2571 3230 2641 idipsum
3267 2589 3279 2623 :
3332 2578 3546 2625 montes
3585 2570 3635 2621 in
3681 2568 3786 2624 cir-

2189 2666 2337 2721 cuitu
2365 2665 2503 2737 ejus,
2533 2673 2591 2719 et
2629 2664 2887 2719 Dominus
2929 2663 2983 2717 in
3028 2662 3258 2717 circuitu
3290 2659 3472 2732 populi
3501 2659 3584 2713 sui
3612 2657 3779 2729 (Psat.

2187 2759 2392 2830 cxxiv).
2438 2778 2454 2810 ι
2491 2758 2664 2814 Porro
2709 2757 2852 2827 quod
2895 2755 2950 2811 in
2983 2755 3226 2810 exercitu
3273 2752 3389 2823 Gog
3423 2752 3536 2807 sive
3566 2750 3783 2821 Magog,

2187 2849 2302 2917 qui,
2328 2847 2484 2916 juxta
2527 2844 2906 2917 Septuaginta,
2939 2843 3324 2916 Symmachum
3363 2851 3416 2897 et
3461 2834 3782 2896 Theodotio-

2185 2955 2335 3007 nem,-
2380 2941 2630 3010 prineeps
2660 2947 2744 2994 est
2791 2937 2902 2993 Res
2933 2937 3172 3002 Mosoch,
3205 2946 3258 2992 ct
3295 2935 3522 2999 Thubal,
3555 2934 3782 3005 primam

2184 3039 2400 3100 gentem
2430 3028 2535 3083 Ras
2567 3027 2758 3099 Aquila
2785 3028 3177 3098 interpretatur
3207 3037 3385 3096 caput,
3415 3014 3576 3095 quem
3611 3034 3666 3079 et
3690 3041 3784 3081 nos

2186 3121 2357 3177 secuti
2388 3137 2596 3185 sumus,
2637 3127 2704 3188 ut
2729 3119 3024 3191 sit.scnsus
3054 3136 3066 3172 :
3096 3118 3397 3190 principem
3435 3116 3630 3185 capitis
3671 3116 3783 3173 Mo-

2111 3191 2156 3254 C
2188 3213 2318 3267 soch
2367 3219 2423 3266 et
2449 3209 2678 3266 Thubal.
2733 3210 2800 3264 Et
2844 3223 3033 3265 revera
3085 3223 3189 3272 nec
3233 3207 3286 3262 in
3339 3206 3446 3261 alio
3495 3205 3786 3276 Scriptura

2184 3305 2325 3371 loco,
2363 3319 2465 3359 nec
2490 3304 2542 3358 in
2572 3302 2806 3373 Josepho
2828 3301 3046 3372 quidem
3071 3299 3184 3371 (qui
3214 3301 3459 3361 omnium
3488 3298 3781 3353 Ilebraica-

2188 3417 2307 3455 rum
2353 3401 2593 3473 gentium
2645 3400 2698 3454 in
2728 3399 2906 3470 primo
2954 3398 3341 3468 antiquitatum
3389 3395 3531 3454 libro
3563 3397 3784 3465 exponit

2185 3488 2427 3563 nomina)
2473 3491 2612 3545 hanc
2637 3497 2854 3562 gentem
2898 3487 3172 3558 potuimus
3227 3487 3503 3543 invenire.
3551 3485 3628 3539 Ex
3680 3501 3786 3554 quo

2186 3581 2531 3637 manifestum
2555 3592 2657 3646 est,
2692 3576 2774 3635 ros
2814 3595 2922 3634 non
2959 3589 3178 3655 gentem
3199 3579 3530 3650 significare,
3569 3579 3663 3633 sed
3694 3595 3784 3632 ca-

2184 3682 2297 3742 put.
2323 3672 2455 3726 Illud
2486 3687 2702 3751 quoque
2728 3671 2967 3726 breviter
2999 3669 3369 3726 adnotandum
3409 3669 3552 3740 quod
3579 3667 3631 3721 in
3656 3667 3786 3722 Ilie-

2186 3762 2392 3818 zechicl
2422 3760 2538 3831 Gog
2584 3763 2838 3833 princeps
2888 3769 3071 3825 terrae,
3115 3758 3306 3829 Magog
3351 3771 3474 3812 esse
3527 3758 3782 3812 dicatur;

2183 3854 2536 3925 Apocalypsis
2595 3868 2723 3909 vero
2763 3861 2817 3907 et
2862 3851 2979 3922 Gog
3025 3861 3081 3906 et
3135 3850 3323 3922 Magog
3371 3851 3621 3910 nationes
3667 3862 3784 3907 esse

2186 3950 2597 4008 commemoret,
2651 3957 2771 4012 quae
2801 3942 3154 4013 egrediuntur
3183 3943 3249 3996 de
3296 3948 3532 4011 quatuor
3573 3941 3785 4009 angulis

2187 4046 2382 4091 terra}:
2415 4044 2470 4090 et
2492 4036 2764 4106 quomodo
2803 4035 2870 4090 ab
2897 4033 3086 4100 Jacob,
3131 4034 3222 4110 qui
3255 4043 3444 4103 postea
3485 4032 3782 4102 appellatus

2185 4137 2269 4187 est
2292 4129 2479 4194 Israel,
2506 4129 2683 4184 omnis
2712 4127 2940 4198 pepulus
2968 4125 3342 4192 Hebraeorum,
3372 4125 3538 4179 Israel
3562 4124 3782 4178 sortitus

2187 4227 2269 4273 est
2294 4233 2487 4273 nomen
2516 4237 2528 4271 :
2557 4228 2611 4283 ct
2637 4218 2703 4271 ab
2726 4217 2891 4271 Aram
2922 4216 3112 4287 Syria,
3150 4231 3182 4269 a
3215 4215 3468 4274 Mesraim
3493 4214 3780 4285 Egyptus,

2185 4324 2416 4380 quorum
2447 4308 2500 4363 in
2524 4307 2721 4363 Genesi
2744 4309 2946 4377 scripta
2973 4315 3098 4362 sunt
3125 4306 3344 4361 nomina
3370 4324 3382 4359 :
3410 4307 3491 4361 sic
3511 4315 3568 4360 et
3587 4322 3615 4359 a
3636 4305 3780 4374 prius

2188 4403 2305 4474 cipe
2335 4401 2467 4472 Gog,
2502 4417 2691 4456 omnes
2729 4401 2820 4470 qui
2847 4401 2896 4454 ei
2941 4399 3140 4460 subditi
3175 4406 3323 4462 sunt,
3356 4397 3553 4468 Magog
3595 4396 3779 4467 appel-

2189 4493 2403 4547 lantur:
2467 4493 2682 4548 Illnsoch
2743 4502 2923 4547 autem
2989 4493 3383 4562 interpretatur
3438 4492 3671 4546 amentia
3727 4499 3780 4552 et

2113 4544 2163 4603 Β
2190 4583 2396 4640 'I‘hubal
2421 4593 2529 4637 tota
2560 4584 2641 4637 vel
2669 4584 2873 4639 omnia.
2905 4544 3164 4652 Princeps
3200 4583 3366 4652 igitur
3395 4591 3452 4638 et
3491 4590 3655 4651 caput
3691 4596 3778 4635 su-

2188 4675 2484 4747 perbicntis
2508 4676 2761 4730 amentiae
2789 4684 2844 4730 et
2868 4675 3108 4730 omnium
3138 4675 3404 4728 malorum
3429 4675 3585 4744 juxta
3626 4671 3771 4737 illud,

2189 4767 2333 4836 quod
2359 4769 2622 4835 scriptum
2647 4776 2726 4820 est
2752 4783 2764 4818 :
2801 4785 2817 4816 ι
2867 4765 3096 4826 Mundus
3122 4764 3175 4819 in
3205 4764 3441 4836 maligno
3468 4765 3674 4834 positus
3695 4773 3774 4820 est

2191 4855 2242 4927 (I
2274 4854 2434 4908 Jorm.
2460 4854 2535 4925 v),
2570 4877 2585 4908 ι
2615 4855 2728 4925 Gog
2750 4864 2804 4910 et
2833 4855 3022 4925 illagog
3051 4854 3412 4926 appellantur,
3442 4871 3562 4924 qua:
3591 4863 3777 4925 gentes

2191 4945 2423 5000 inimica:
2471 4945 2906 5014 adversarimqne
2961 4955 3270 4999 sanctorum
3309 4945 3660 5015 egrediuntur
3708 4945 3775 4996 ab

2191 5037 2402 5106 angulis
2427 5046 2606 5108 teme,
2639 5046 2844 5091 rectam
2885 5036 3082 5098 lineam
3114 5036 3483 5108 relinquentes
3515 5047 3569 5090 et
3591 5034 3773 5105 dispo-

2190 5129 2444 5188 sitionem
2491 5138 2792 5191 castrorum
2836 5129 2930 5186 Dei
2961 5145 3082 5198 qua:
3133 5138 3387 5187 narratur
3422 5130 3473 5182 in
3504 5126 3769 5189 Numeris.

2191 5221 2256 5275 Et
2284 5220 2414 5276 illud
2443 5221 2810 5275 testimonium
2861 5223 3164 5282 nescientes
3189 5241 3204 5289 ;
3237 5241 3254 5272 ι
3291 5222 3442 5276 Multi
3469 5223 3533 5276 de
3565 5220 3773 5274 oriente

2189 5321 2242 5367 et
2269 5312 2548 5375 occidente
2577 5321 2631 5365 et
2677 5314 3043 5382 septentrione
3087 5323 3140 5378 et
3188 5314 3414 5368 meridie
3457 5313 3682 5371 venient,
3718 5317 3771 5362 et

2191 5401 2532 5463 discumbent
2558 5418 2679 5457 cum
2709 5391 3005 5470 Abraham,
3051 5404 3200 5459 Isaac
3231 5412 3288 5458 et
3311 5403 3495 5468 Iacob,
3525 5403 3576 5456 in
3603 5415 3769 5469 regno

2191 5494 2286 5547 Dei
2319 5493 2530 5564 (.llault.
2563 5495 2699 5564 vin).
2739 5515 2756 5546 ι
2805 5496 2869 5562 Et
2913 5497 2962 5548 in
2993 5496 3099 5549 alio
3139 5495 3294 5550 loco:
3335 5514 3353 5545 ι
3395 5495 3570 5548 Dicam
3596 5489 3766 5557 Aqui-

2191 5587 2298 5641 loni
2331 5585 2508 5651 Alfer;
2541 5597 2596 5641 et
2623 5587 2826 5653 Africo,
2880 5587 2999 5642 Noli
3048 5589 3353 5657 prohibere.
3398 5587 3577 5640 Aalduc
3621 5580 3765 5633 filios

2191 5692 2340 5732 meos
2375 5679 2440 5732 de
2482 5687 2622 5732 terra
2661 5679 2969 5750 longinqua,
3010 5689 3064 5732 ct
3095 5678 3230 5732 filias
3259 5694 3406 5732 meas
3436 5679 3501 5730 alt
3527 5682 3765 5729 curetum

2192 5782 2370 5837 terr-ar,
2435 5787 2623 5828 omnes
2679 5774 2768 5842 qui
2813 5771 2985 5827 vocati
3037 5780 3158 5826 sunt
3203 5771 3420 5824 nomine
3475 5781 3586 5821 meo
3622 5759 3759 5830 [ἔτι.
