3936 6374
205 409 315 466 869

1131 408 1484 467 COMMENT.
1524 410 1590 466 IN
1630 410 2088 467 EZEClllELEM.
2128 440 2198 451 —
2235 410 2362 468 LIB.
2404 412 2541 468 Xlil.

3348 416 3469 471 ‘870

206 519 386 593 mn).
422 540 441 575 ι
474 520 581 577 Sed
606 536 711 576 non
752 520 886 576 tales
907 519 1085 592 anguli
1115 529 1292 585 teme,
1322 521 1387 576 de
1410 521 1606 591 quibus
1627 536 1780 592 egre-
1816 525 1861 583 Α
1888 536 2081 590 quosa,
2110 521 2164 577 in
2193 521 2390 590 quibus
2419 521 2665 576 diabolus
2706 520 3147 579 locum'invenire
3188 538 3292 578 non
3318 532 3467 595 pote-

203 612 429 668 diuntur
454 608 567 680 Gog
596 619 652 665 et
684 610 891 681 Magog,
923 610 1079 678 juxta
1109 626 1245 681 quos
1276 610 1499 681 angulos
1529 620 1637 665 stat
1670 626 1784 665 me—

203 704 377 758 retrix
428 704 481 759 in
508 702 814 758 Proverbiis
858 688 1040 773 (Prov.
1068 702 1190 772 vn),
1234 715 1353 771 qua:
1400 710 1787 771 prmtereuutes

203 794 403 850 stultos
433 792 659 862 juvenes
706 808 803 864 per
850 792 1074 863 plateas,
1123 792 1412 863 perlatam
1456 792 1706 848 videlieet
1732 800 1788 847 et

201 886 500 957 spatiosum
530 885 695 953 viam,
737 899 856 953 qua:
878 883 1024 938 ducit
1056 883 1123 938 ad
1168 890 1396 937 mortem
1429 881 1645 955 (Matth.
1687 882 1786 954 vn),

203 982 456 1052 decipere
483 979 699 1035 festinat
729 996 740 1032 :
775 978 967 1033 scriba:
1011 990 1226 1046 quoque
1262 984 1318 1029 et
1344 959 1604 1029 Pharisaei
1630 982 1788 1030 orant

203 1074 260 1127 in
307 1070 519 1142 angulis
568 1070 869 1141 platearum
916 1077 975 1123 ut
1020 1067 1088 1122 ab
1126 1066 1435 1131 hominibus
1462 1065 1783 1133 videantur;

202 1163 299 1234 qui
351 1171 671 1231 receperunt
724 1161 1048 1218 mercedem.
1081 1156 1213 1227 Quae
1256 1165 1342 1213 est
1388 1156 1552 1227 igitur
1597 1166 1787 1210 contra

198 1255 319 1326 Gog
355 1253 735 1309 comminatio?
774 1269 792 1303 ι
845 1240 1225 1319 Οἰτευηιθςξιιιι
1276 1256 1348 1312 te,
1400 1249 1514 1303 sive
1562 1262 1786 1304 conver-

201 1356 336 1412 tam,
370 1355 424 1400 et
447 1360 640 1415 ponam
664 1343 873 1399 frenum
910 1344 960 1399 in
991 1341 1226 1396 maxillis
1260 1342 1384 1396 tuis.
1426 1361 1444 1393 ι
1478 1340 1719 1397 Primum
1756 1356 1786 1395 a

199 1437 471 1492 sententia
522 1444 610 1490 tua
667 1434 926 1491 fluctuare
977 1442 1027 1491 te
1057 1431 1251 1490 faciam
1304 1441 1468 1504 atque
1522 1434 1783 1488 converti.

203 1547 222 1578 ι
264 1528 333 1581 Et
362 1542 557 1597 ponam
587 1525 797 1585 frenum
840 1526 895 1581 in
928 1524 1161 1579 maxillis
1194 1522 1320 1579 tuis.
1358 1542 1375 1575 ι
1424 1523 1498 1579 De
1520 1539 1628 1593 quo
1651 1523 1788 1578 seri-

198 1625 353 1689 ptum
392 1625 513 1673 est:
549 1634 570 1669 ι
605 1615 663 1671 lu
692 1631 847 1675 catno
877 1624 931 1670 et
976 1616 1130 1671 freno
1172 1615 1419 1671 maxillas
1445 1619 1788 1669 eorumcon-

199 1708 432 1778 stringe,
456 1706 547 1778 qui
579 1720 685 1762 non
726 1706 1104 1777 approximant
1130 1708 1196 1761 ad
1238 1717 1293 1761 te
1334 1703 1507 1775 (Ρδαι.
1554 1703 1728 1774 xxxi),
1762 1721 1781 1753 ι

198 1807 263 1851 ιιι
286 1794 585 1853 indomitus
603 1812 776 1867 equus
814 1806 977 1867 atque
1010 1797 1299 1869 lasciviens
1326 1805 1382 1852 et
1406 1810 1666 1851 corruens
1692 1809 1786 1865 per

1890 612 1994 676 rat,
2056 612 2181 683 quia
2234 612 2411 666 vocati
2464 610 2677 665 fuerant
2726 613 2793 666 ad
2844 612 3122 677 salutem;
3180 620 3237 667 et
3281 623 3469 683 postea

1889 703 2188 774 adsumptis
2232 703 2354 758 aliis
2384 712 2586 772 septem
2622 703 2970 759 rdzemonibus
3019 704 3371 776 nequiorihus
3410 719 3468 761 se

1888 809 2137 850 reversus
2164 804 2246 850 est
2289 795 2342 849 in
2375 794 3019 863 uentum-suant.(dlatth.
3067 794 3208 875 xu),
3235 795 3303 851 ad
3340 808 3478 868 gen-

1889 893 1997 938 tem
2028 884 2277 963 videlicet
2314 884 2499 941 Israel.
2535 904 2553 936 ι
2589 884 2734 949 Haec,
2780 885 2973 955 inquit,
3006 886 3071 942 de
3096 881 3308 957 popinis
3331 885 3468 941 edu—

1891 986 1975 1029 cta
2003 986 2106 1041 est,
2146 994 2166 1029 ι
2200 975 2521 1033 subauditur
2555 986 2753 1031 .terra:
2809 978 2925 1032 sive
2956 978 3064 1033 .hie
3113 978 3180 1033 de
3222 977 3475 1048 gentibus

1888 1066 2118 1120 eductus
2171 1073 2288 1130 est,
2342 1075 2399 1120 ut
2446 1066 2775 1136 intelligatur
2812 1066 3167 1122 reredentium
3212 1066 3473 1139 populus.

1888 1156 1981 1225 qui
2011 1155 2277 1211 habitavit
2306 1155 2520 1227 inpace
2550 1165 2616 1211 ~et
2642 1157 2865 1212 conlidit
2892 1156 2946 1211 in
2971 1156 3218 1215 Domino.

1958 1245 2272 1301 Aseendens
2321 1258 2501 1301 autem
2550 1245 2665 1317 Gug
2712 1262 2837 1302 cum
2878 1248 3026 1302 omni
3058 1249 3301 1305 exercitu
3346 1262 3471 1317 suo.

1887 1336 2043 1404 quasi
2096 1343 2389 1406 tempestas
2420 1337 2620 1400 veniet,
2659 1346 2714 1391 et
2756 1338 2911 1407 quasi
2945 1339 3117 1394 nubes
3160 1348 3220 1395 ut
3261 1341 3475 1411 operiat

1890 1434 2090 1481 terram
2124 1425 2478 1482 credentium.
2518 1427 2649 1493 Quis
2695 1428 2839 1485 enim
2892 1428 3290 1495 luereticorum,
3333 1446 3474 1502 quo-

1888 1535 2005 1573 rum
2032 1520 2282 1590 princeps
2318 1521 2565 1576 diabolus
2597 1529 2699 1585 est,
2745 1538 2850 1577 non
2882 1510 3047 1593 quasi
3068 1534 3359 1595 tempestas
3384 1541 3479 1585 ve-

1885 1610 1967 1665 uit
2014 1619 2203 1665 contra
2254 1609 2585 1675 Ecclesium,
2634 1619 2689 1666 et
2732 1615 2873 1667 nube
2916 1606 3209 1669 verborum
3256 1626 3477 1672 suorum

1887 1701 2158 1772 simplices
2188 1718 2431 1774 quosque
2460 1703 2798 1759 credentium
2844 1706 3151 1775 opprimere
3179 1718 3234 1762 et
3260 1709 3476 1779 operire

1887 1790 2151 1846 festinat?
2178 1792 2331 1848 Unde
2376 1793 2573 1847 dicitur
2600 1794 2671 1850 ad
2703 1810 2825 1851 eum
2860 1813 2873 1850 :
2909 1806 3168 1865 quantum
3196 1797 3249 1852 in
3293 1807 3347 1855 te
3372 1810 3477 1863 est,

196 1887 498 1960 prtecipitia
530 1885 683 1943 freno
717 1886 930 1943 Domini
961 1888 1303 1958 subjugctur.
1344 1885 1424 1940 Ad
1471 1898 1787 1956 quempro—
1820 1873 1864 1931 Β
1892 1892 2087 1939 cuncta
2136 1884 2351 1954 operies
2405 1892 2461 1939 tu
2500 1892 2556 1939 et
2600 1886 2779 1960 omnia
2812 1889 3027 1958 agmina
3076 1900 3185 1954 tua,
3216 1900 3269 1945 et
3297 1892 3478 1962 populi

192 1978 364 2048 pheta
400 1976 565 2031 dicit:
596 1996 615 2029 ι
644 1978 893 2033 Aseende
914 1992 1076 2047 super
1095 1993 1265 2047 equos
1281 1988 1423 2043 tuos,
1442 1985 1495 2053 et
1518 1976 1786 2046 equitatio

194 2077 292 2123 tua
316 2067 462 2123 salus
502 2066 729 2140 (Habac.
760 2067 865 2142 tu).
904 2088 922 2120 ι
946 2069 1023 2123 Ἐι
1051 2069 1119 2123 ad
1142 2068 1243 2124 Job
1270 2084 1367 2138 per
1397 2068 1568 2124 nubes
1592 2076 1647 2123 et
1668 2075 1785 2121 tur-

193 2159 382 2214 binem
413 2160 648 2217 dicitur:
682 2177 701 2211 ι
754 2159 834 2227 'l'u
881 2160 1283 2227 circumdedisti
1326 2174 1465 2231 equo
1512 2158 1788 2215 fortitudi-

191 2264 327 2304 nun
373 2248 513 2319 (Job.
576 2239 785 2319 χχχιχ).
828 2268 846 2300 ι
901 2248 1059 2305 Tales
1108 2257 1264 2307 erant
1307 2250 1431 2319 equi
1480 2258 1536 2304 et
1578 2250 1789 2318 equites

191 2358 431 2413 quorum
474 2341 873 2397 multitudinem
919 2341 1154 2398 Joannes
1187 2343 1317 2397 vidit
1347 2343 1401 2397 in
1441 2343 1600 2397 emlo.
1648 2342 1788 2396 Dieit

194 2449 333 2504 ergo
375 2433 443 2487 ad
487 2432 603 2503 Gog
651 2451 663 2491 ;
705 2450 723 2484 ι
765 2434 1003 2489 Edneam
1030 2474 1044 2499 ,
1092 2434 1209 2489 sive
1250 2435 1590 2505 congregabo
1637 2441 1689 2488 te
1734 2441 1789 2486 ct

192 2538 415 2580 clunem
442 2525 738 2579 exercitum
768 2525 849 2579 vel
878 2524 1249 2580 fortitudinem
1275 2534 1440 2580 tuam.
1480 2543 1497 2576 ›
1527 2524 1627 2591 Qui
1659 2522 1789 2578 edu‘

193 2617 359 2677 citur,
398 2624 453 2670 et
494 2616 559 2670 de
593 2614 926 2685 dispersione
970 2626 1348 2687 congregatur,
1394 2614 1690 2668 retrahitur
1717 2613 1788 2667 ad

192 2705 643 2763 salutem..Juxta
677 2705 803 2760 illud
834 2706 976 2775 quod
1006 2706 1059 2760 in
1091 2706 1229 2777 Lege
1251 2705 1588 2777 promittitur
1619 2722 1632 2761 :
1671 2721 1690 2754 ι
1729 2703 1786 2758 Si

194 2796 365 2853 fuerit
387 2796 649 2865 dispersio
681 2805 768 2850 tua
802 2811 831 2850 a
863 2796 1173 2855 summitate
1197 2796 1317 2852 cceli
1352 2811 1521 2869 usque
1547 2797 1615 2851 ad
1643 2810 1788 2850 sum-

178 2884 447 2941 .mitatem
501 2882 617 2958 ejus
664 2886 791 2940 inde
835 2887 1177 2956 congregabo
1232 2894 1284 2941 te
1337 2886 1513 2958 (Deut.
1571 2885 1723 2956 xxx).
1761 2905 1781 2937 ι

195 2975 383 3046 Equos
429 2992 645 3047 quoque
693 2978 810 3048 ejus
858 2987 909 3032 et
938 2980 1151 3050 equites
1193 2981 1418 3035 vestitos
1458 2978 1660 3044 loricis,
1693 2980 1787 3049 qui

194 3067 481 3121 imitantur
523 3077 854 3123 armaturam
901 3070 1141 3139 Apostoli
1175 3070 1389 3141 (Ep/tes.
1423 3056 1538 3141 γι),’
1565 3080 1621 3125 et
1653 3069 1789 3127 lori-

194 3174 291 3214 cas
314 3159 542 3228 justitim
580 3162 778 3215 habere
811 3176 869 3217 se
886 3160 1121 3231 jactaut,
1153 3162 1440 3217 multitudo
1484 3162 1653 3219 nimia
1680 3170 1782 3225 est,

1892 1972 2045 2027 multi
2076 1983 2273 2030 tecum.
2317 1974 2660 2049 Pulchreque
2687 1979 2988 2034 ascendens
3017 1979 3133 2051 Gog
3175 1997 3281 2036 non
3319 1982 3483 2039 habet

1888 2064 2125 2135 pluviam
2161 2066 2538 2131 voluntariam,
2574 2083 2703 2123 non'
2724 2069 2954 2125 imbrem
2988 2079 3395 2141 temporaneum
3426 2085 3483 2129 et

1890 2155 2210 2222 serotinum,
2241 2156 2334 2227 qui
2381 2158 2589 2211 arentia
2622 2172 2751 2214 arva
2778 2158 3029 2215 laetificat
3061 2180 3073 2214 :
3124 2163 3219 2218 sed
3269 2172 3478 2235 tempe-

1890 2255 2085 2301 statem
2136 2254 2192 2301 et
2224 2247 2532 2318 caliginem,
2570 2256 2629 2305 ut
2676 2259 2871 2305 concta
2919 2254 3159 2309 tenebris
3200 2262 3255 2309 et
3296 2272 3482 2311 errore

1890 2336 2206 2393 confundat.
2276 2337 2572 2409 Promerea
2636 2340 2755 2398 hmo
2820 2343 2872 2397 ei
2924 2342 3164 2413 loquitur
3223 2345 3485 2402 Dominus

1890 2427 2031 2484 Deus
2062 2447 2075 2482 :
2116 2448 2132 2480 ι
2166 2429 2223 2484 lu
2260 2429 2352 2485 illo
2382 2439 2641 2502 tempore,
2688 2433 2792 2491 hoc
2821 2441 2904 2489 est
2944 2435 2998 2489 in
3036 2436 3225 2492 diebus
3252 2437 3483 2492 novissi-

1890 2519 2015 2585 mis,
2063 2521 2358 2576 ascendent
2402 2537 2680 2579 sermones
2711 2539 2875 2593 super
2903 2539 2998 2579 cor
3028 2534 3200 2591 tuum,
3247 2535 3302 2582 et
3332 2526 3481 2596 cogi-

1892 2610 2031 2665 tabis
2084 2611 2465 2681 cogitationem
2515 2602 2845 2689 pessimamj
2889 2613 3169 2684 Scriptura
3219 2617 3474 2673 dicente:

1891 2699 1950 2754 Si
1994 2701 2218 2771 spiritus
2252 2709 2591 2774 potestatem
2643 2704 2893 2763 habentis
2928 2706 3221 2761 ascendere
3249 2708 3482 2764 voluerit

1891 2804 2054 2858 super
2087 2799 2160 2852 te.
2205 2791 2386 2848 locum
2426 2801 2577 2848 tuum
2619 2809 2688 2849 ne
2716 2794 3064 2864 derelinquas
3097 2794 3295 2867 (Eccle.
3336 2797 3413 2870 ι).
3453 2816 3472 2849 ι

1848 2882 1931 2936 τειΕ
1960 2884 2234 2941 contrario
2259 2893 2440 2939 autem
2482 2885 2536 2939 in
2566 2885 2741 2943 sancti
2794 2899 2889 2938 cor
2929 2886 3174 2945 ascendit
3202 2887 3364 2951 Deus,
3413 2888 3483 2942 de

1889 2988 1996 3040 quo
2024 2972 2284 3042 scriptum
2312 2984 2432 3029 est:
2471 2992 2489 3024 ι
2526 2974 2888 3029 Ascensioues
2933 2974 2987 3039 in
3013 2976 3186 3035 .eorde
3226 2991 3325 3035 suo
3370 2978 3481 3032 dis-

1888 3064 2069 3135 posuit
2114 3062 2285 3137 (Ριαι,
2315 3065 2570 3136 unm).
2609 3084 2628 3116 ›
2663 3066 2911 3134 Dicitque
2945 3066 3079 3137 Gog,
3121 3084 3139 3117 ι
3176 3066 3478 3123 Ascendam

1890 3158 1959 3211 ad
1990 3166 2192 3211 terram
2223 3157 2426 3227 absque
2460 3173 2636 3222 muro,
2679 3178 2697 3210 ›
2745 3158 2857 3213 sive
2902 3155 3219 3230 ptojectam,
3258 3160 3360 3217 hoc
3404 3172 3489 3220 est

192 3266 497 3322 omnesque
552 3253 820 3323 arripiunt
876 3265 1066 3309 contra
1115 3256 1401 3313 ecclesiam
1451 3255 1697 3326 clypeum
1731 3265 1783 3311 et
1816 3226 1859 3291 Ο
1892 3266 2011 3318 qua:
2062 3249 2153 3307 Dei
2202 3234 2403 3303 auxilio
2467 3250 2724 3306 destituta
2777 3260 2880 3316 est,
2927 3268 3027 3308 nec
3080 3246 3485 3311 dialecticorum

190 3346 451 3424 gladium.
480 3347 547 3405 Et
584 3357 707 3405 sunt
735 3357 925 3422 gentes
972 3348 1284 3407 setissimze
1330 3360 1385 3406 et
1432 3349 1664 3406 inimiete
1708 3348 1785 3406 ls-

191 3444 333 3508 racl,
356 3444 556 3507 l‘ersse,
590 3442 893 3511 Ethiopes,
928 3451 981 3496 et
1004 3442 1220 3513 Libyes,
1245 3457 1475 3512 quorum
1498 3442 1787 3498 adversum

192 3535 451 3605 populum
478 3535 570 3590 Dei
598 3534 736 3589 bella
766 3544 1074 3589 narrantur.
1118 3533 1319 3590 Gomer
1357 3549 1570 3605 quoque
1613 3535 1789 3603 etde-

196 3643 319 3682 mus
350 3628 675 3699 Tbogorma,
719 3628 810 3697 qui
847 3628 1069 3682 veniunt
1108 3627 1174 3681 de
1202 3626 1463 3681 lateribus
1500 3626 1785 3696 aquilonis,

194 3718 289 3787 qui
322 3725 407 3771 est
436 3725 626 3771 ventus
652 3715 1055 3786 frigidissimus,
1078 3724 1131 3770 et
1154 3716 1372 3773 nomine
1397 3715 1599 3772 Dexter
1626 3731 1788 3771 voca-

196 3820 308 3874 tur,
358 3816 643 3877 towmque
675 3808 841 3861 robur
889 3806 1077 3878 Magog
1123 3814 1178 3861 et
1220 3822 1409 3861 omnes
1440 3807 1531 3876 qui
1560 3805 1785 3874 subjecti

194 3913 321 3958 sunt
351 3902 400 3955 ci
426 3900 607 3970 populi
637 3900 856 3957 venient
896 3913 1017 3953 cum
1050 3898 1139 3955 illo
1170 3899 1237 3953 ad
1279 3898 1545 3969 praelium.
1577 3896 1676 3955 Cui
1704 3898 1788 3953 di-

194 3995 341 4047 citur
366 4008 463 4063 per
506 3993 727 4069 ὶρωνὶαν,
763 4009 780 4040 ι
816 4005 1059 4060 praepara
1110 3998 1162 4043 te
1190 3998 1245 4043 et
1298 3990 1523 4051 instrue,
1568 3995 1625 4042 et
1666 4003 1789 4042 om-

196 4100 323 4138 nem
367 4082 770 4135 multitudinem
821 4088 993 4144 tuam,
1022 4095 1155 4151 qua:
1201 4079 1309 4134 tuis
1340 4087 1493 4147 paret
1521 4077 1789 4148 imperiis,

197 4188 462 4229 eoacerva
486 4173 552 4225 ad
579 4184 647 4226 te.
674 4192 692 4223 ι
722 4170 829 4226 Sed
862 4172 998 4227 scito
1023 4171 1163 4239 quod
1193 4178 1312 4241 post
1344 4169 1543 4227 multos
1567 4170 1682 4225 dies
1705 4169 1788 4223 vi-

198 4265 476 4327 sitaberis,
511 4264 665 4332 juxta
698 4246 825 4317 illud
856 4264 997 4331 quod
1027 4262 1285 4331 scriptum
1318 4270 1401 4316 est
1432 4278 1445 4314 :
1493 4281 1512 4313 ι
1546 4260 1791 4316 Visitabo

223 4376 255 4411 ιι
285 4356 437 4427 virga
472 4355 785 4423 iniquitates
815 4368 1024 4418 eorum,
1058 4361 1113 4406 ut
1138 4353 1189 4407 in
1224 4351 1543 4407 verberibus
1567 4359 1790 4420 peccata

203 4462 391 4503 eorum
428 4444 599 4517 (l’sal.
627 4443 912 4515 Lxxxvm).
954 4462 972 4496 ι
999 4460 1095 4493 -ι
1130 4442 1190 4497 In
1244 4443 1556 4505 novissimo,
1590 4441 1786 4510 inquit,

199 4554 468 4595 annorum
523 4537 742 4602 venies;
808 4556 828 4588 ι
900 4534 1052 4591 Unde
1111 4543 1167 4588 et
1219 4532 1455 4587 Joannes
1508 4532 1785 4601 loquitur:

1891 3340 2365 3410 argumentatione
2411 3342 2638 3397 munita.
2704 3361 2725 3392 ι
2772 3340 2997 3403 Veniam
3043 3344 3110 3398 ad
3145 3344 3487 3413 quiescentes

1891 3432 2197 3489 habitantes
2217 3450 2323 3504 que
2338 3449 2555 3501 secure,
2580 3453 2597 3485 ι
2621 3434 2734 3489 sive
2759 3435 2811 3487 in
2834 3449 2997 3503 pace:
3020 3451 3112 3491 rex
3136 3437 3279 3493 enim
3303 3445 3488 3493 noster

1886 3522 2149 3593 pacificus
2177 3531 2285 3588 est,
2311 3532 2365 3578 et
2388 3524 2441 3577 in
2472 3539 2607 3593 pace
2636 3524 2789 3581 locus
2825 3524 2961 3596 ejus.
2994 3544 3011 3579 ι
3057 3525 3123 3581 Hi
3160 3541 3369 3593 omnes,
3401 3530 3485 3597 in-

1890 3614 2025 3684 quit,
2059 3614 2307 3669 habitant
2332 3615 2449 3670 sine
2480 3631 2635 3671 muro
2669 3634 2681 3668 :
2714 3625 2895 3671 vectes
2928 3624 2982 3671 et
3018 3625 3187 3685 portae
3216 3633 3325 3672 non
3356 3626 3487 3681 sunt

1889 3703 1987 3757 eis.
2022 3722 2040 3753 ι
2079 3702 2191 3758 Hoc
2239 3702 2481 3758 diabolus
2508 3704 2760 3776 princeps
2803 3705 3183 3760 haereticorum
3214 3706 3476 3777 loquitur,

1888 3795 2031 3867 quod
2064 3794 2209 3848 nulla
2231 3795 2430 3850 habeat
2466 3796 2802 3851 munimenta
2836 3796 3099 3859 Ecclesia,
3126 3811 3228 3853 nec
3257 3799 3478 3868 sapiens-

1890 3887 2023 3941 tiam
2054 3886 2391 3953 smeularem,
2430 3902 2549 3959 qum
2580 3888 2721 3965 apud
2773 3887 2943 3942 Deum
2991 3888 3219 3944 stultitia
3266 3898 3369 3955 est,
3422 3900 3483 3953 ut

1890 3979 2111 4048 diripiat
2148 3978 2341 4049 spolia,
2374 3987 2429 4035 et
2459 3980 2680 4034 invadat
2721 3981 2958 4049 praedam
2998 3981 3276 4048 Ecclesize,
3317 3992 3369 4037 et
3402 3984 3481 4038 in-

1891 4068 2033 4125 ferat
2081 4085 2300 4124 manum
2332 4084 2487 4125 suam
2516 4085 2682 4141 super
2709 4085 2824 4136 eos,
2867 4072 2961 4141 qui
2982 4064 3209 4126 deserti
3241 4073 3477 4139 fuerant,

1891 4160 2105 4230 quando
2146 4161 2241 4215 Dei
2270 4160 2517 4215 notitiam
2546 4176 2654 4215 non
2686 4161 2975 4228 habebant,
3025 4173 3078 4218 et
3104 4169 3293 4233 pestea
3328 4164 3484 4219 resti-

1892 4253 1990 4307 tuti
2032 4267 2131 4326 per
2167 4251 2466 4317 Christum,
2496 4253 2719 4307 veniant
2760 4254 2826 4309 ad
2856 4253 3096 4319 Patrem,
3129 4257 3215 4310 cui
3246 4255 3485 4325 loquitur

1890 4343 1944 4398 in
1982 4342 2272 4414 Evangelio
2318 4343 2500 4414 (Joan.
2548 4344 2722 4415 xvn):
2762 4363 2780 4395 ι
2831 4344 3013 4411 Pater,
3062 4348 3241 4403 revela
3287 4363 3483 4403 nomen

1891 4444 2041 4488 tuum
2066 4434 2393 4493 hominibus.
2436 4453 2452 4485 ι
2506 4435 2574 4490 Et
2603 4444 2661 4488 ut
2690 4436 2924 4490 sciamus
2952 4420 3229 4507 populum,
3261 4439 3352 4507 qui
3390 4440 3483 4493 de-

1893 4535 2070 4579 sertus
2109 4525 2303 4589 fuerat,
2337 4536 2390 4580 et
2417 4535 2603 4595 postea
2638 4528 2919 4583 restitutus
2961 4529 3269 4599 significare
3302 4546 3479 4600 popu-

204 4589 955 4693 i-‘lf-ili‘o—liﬂmci,novissima
1008 4625 1141 4681 hora
1196 4632 1283 4680 est
1310 4623 1362 4695 (1
1426 4589 1597 4677 101m.-
1638 4628 1722 4691 ιι).
1762 4641 1782 4674 ι
1821 4589 1867 4653 D
1896 4614 2005 4670 lum
2053 4589 2446 4695 Christianum,
2501 4618 2781 4687 sequitur:
2830 4638 2847 4669 ι
2895 4618 2961 4679 Et
3004 4589 3167 4689 super
3198 4589 3475 4690 μουῖιιιῖηιν

197 4726 269 4781 Et
303 4723 533 4796 populus
566 4723 805 4794 gentium
853 4722 1137 4778 undecima
1178 4722 1245 4775 ad
1285 4720 1617 4793 operandam
1657 4735 1789 4775 con-

200 4816 419 4871 ducitur
444 4814 677 4868 vineam.
712 4814 793 4868 Ad
843 4828 1071 4883 quorum
1118 4820 1338 4878 terram,
1374 4812 1426 4867 id
1455 4819 1559 4876 est,
1593 4820 1792 4871 terram

200 4906 437 4971 mitium,
458 4913 769 4973 terramque
791 4910 1121 4965 sanctorum,
1139 4918 1261 4972 qua:
1282 4901 1441 4957 affert
1466 4911 1720 4957 centenos
1743 4912 1798 4957 et

200 5008 505 5064 sexagenos
537 5001 590 5045 et
623 4991 857 5047 tricenos
889 4992 1112 5057 fructus,
1138 4993 1287 5047 venit
1324 4992 1441 5063 Gog
1478 5009 1793 5067 expugnan-

200 5085 488 5155 dam,qu.'e
516 5100 735 5141 reversa
759 5095 863 5151 est,
884 5087 998 5141 sive
1027 5102 1214 5143 aversa
1238 5102 1268 5141 a
1292 5087 1489 5159 gladio.
1513 5087 1627 5143 Scit
1651 5089 1795 5143 enim

200 5176 500 5245 scriptum:
526 5194 544 5227 ι
566 5175 801 5245 Dissipa,
817 5176 1060 5243 Domine,
1088 5188 1297 5249 gentes,
1314 5194 1432 5247 qua:
1458 5178 1597 5235 bella
1615 5180 1799 5236 volunt

205 5265 384 5335 (Paul.
412 5264 601 5339 cxvii).
634 5286 653 5319 ι
689 5268 753 5321 Ει
782 5271 837 5327 in
863 5282 995 5337 pace
1019 5260 1284 5328 consistit.
1323 5287 1340 5322 ί
1377 5270 1441 5323 Ει
1470 5280 1793 5343 congregata

203 5356 372 5414 estde
392 5358 603 5427 populis
624 5365 677 5412 et
698 5358 945 5428 gentibus
968 5359 1171 5424 multis,
1194 5379 1209 5411 ι
1231 5368 1290 5415 ut
1310 5361 1586 5414 nationum
1609 5376 1796 5416 errore

204 5458 517 5517 contempto
545 5450 757 5503 veniret
785 5450 851 5503 ad
882 5460 1093 5505 montes
1116 5450 1299 5516 lsrael,
1346 5451 1685 5521 patriarchas
1711 5451 1792 5510 vi-

206 5540 405 5594 delicet
432 5548 488 5594 et
530 5541 845 5609 prophetas,
881 5541 971 5609 qui
1013 5540 1231 5596 fuerunt
1275 5542 1547 5612 quondam
1592 5542 1794 5596 deserti

201 5628 405 5700 jngiter
429 5628 546 5683 sine
588 5630 704 5699 lege
749 5630 841 5685 Dei
869 5640 923 5685 et
968 5630 1271 5700 praeceptis.
1304 5630 1401 5685 Cui
1448 5638 1634 5701 postea
1662 5630 1796 5685 dici-

211 5727 340 5771 tur:
384 5736 402 5767 ι
459 5716 647 5773 Plures
680 5719 775 5774 filii
807 5720 1033 5775 deserue
1078 5721 1274 5791 magis,
1310 5736 1472 5790 quam
1516 5719 1631 5788 ejus
1678 5736 1796 5790 quae

210 5808 375 5865 habet
403 5809 578 5863 virum
610 5809 752 5881 (Gal.
802 5812 895 5882 tv).
930 5832 948 5865 ›
1005 5811 1110 5867 Ista
1154 5820 1279 5866 sunt
1326 5811 1537 5867 deserta
1586 5821 1635 5865 et
1684 5811 1795 5864 ina—

1899 4706 1988 4773 qui
2017 4714 2099 4759 est
2130 4715 2489 4777 congregatus
2514 4722 2581 4761 ex
2609 4708 2880 4777 gentibus,
2935 4710 3026 4778 qui
3057 4710 3285 4780 populus
3316 4712 3484 4780 possi-

1897 4794 2025 4848 dere
2062 4795 2226 4864 coepit
2256 4796 2623 4851 haereditatem
2654 4795 2883 4864 Christi,
2936 4808 2990 4853 et
3037 4814 3159 4854 esse
3211 4800 3487 4855 habitator

1898 4886 2134 4943 umbilici
2167 4896 2355 4953 terrae;
2395 4908 2416 4939 ι
2449 4889 2515 4943 de
2557 4904 2661 4959 qua
2698 4890 2962 4960 scriptum
2986 4901 3070 4946 est
3102 4906 3117 4946 :
3158 4911 3176 4943 ι
3215 4891 3486 4962 Op‘eratus

1898 4986 1983 5031 est
2028 4977 2257 5033 salutem
2301 4978 2354 5033 in
2398 4979 2575 5034 medio
2608 4990 2788 5049 terrm,
2822 4981 3027 5044 veritas
3056 4982 3200 5038 enim
3230 4984 3297 5038 de
3340 4992 3482 5038 terra

1902 5079 2018 5129 orta
2044 5080 2130 5124 est
2169 5068 2341 5141 (Psal.
2384 5072 2629 5141 LXXXIV),
2667 5091 2685 5124 ι
2722 5087 2841 5142 quae
2885 5074 3015 5128 dicit
3046 5074 3102 5128 in
3148 5072 3479 5145 Evangelia:

1905 5181 1923 5214 ι
1954 5162 2064 5232 Ego
2108 5177 2228 5215 sum
2275 5163 2381 5226 via,
2432 5172 2486 5217 et
2523 5164 2649 5227 vita,
2689 5173 2745 5218 et
2791 5165 2993 5219 veritas
3050 5165 3231 5237 (Joan.
3286 5164 3419 5237 xlv).
3459 5184 3477 5217 ι

1899 5251 2025 5307 llaec
2074 5251 2163 5306 illo
2210 5254 2483 5324 cogitante
2511 5263 2673 5323 atque
2716 5254 2951 5320 dicente,
2996 5264 3050 5310 et
3085 5256 3482 5325 possessionem

1898 5346 2153 5400 Ecclesia:
2184 5361 2377 5416 rapere
2409 5346 2716 5411 festinante,
2772 5355 2959 5417 gentes
3010 5362 3131 5416 quae
3180 5348 3247 5402 ab
3296 5361 3485 5403 errore

1900 5440 2129 5511 pristino
2157 5455 2433 5496 eonversm
2480 5440 2695 5496 fuerant
2736 5443 2804 5497 ad
2834 5442 3080 5507 salutem,
3116 5441 3259 5496 Saba
3285 5452 3339 5496 et
3379 5441 3485 5496 De-

1904 5537 2026 5598 dan,
2051 5543 2103 5588 et
2126 5534 2487 5603 negotiatores
2512 5533 2755 5599 Tharsis,
2778 5534 3138 5605 Carthaginis,
3158 5534 3271 5588 sive
3294 5532 3478 5591 maris.

1904 5627 1992 5695 qui
2028 5626 2170 5679 inter
2210 5624 2391 5679 szeculi
2440 5623 2600 5693 hujus
2646 5622 2840 5679 fluetus
2869 5625 3024 5679 bonis
3062 5623 3315 5694 operibus
3338 5638 3471 5691 qua»

1904 5726 2029 5772 runt
2060 5715 2429 5778 mercimonia,
2461 5722 2515 5766 et
2544 5729 2733 5768 omnes
2760 5714 2898 5767 villa:
2924 5729 3131 5777 earum,
3163 5712 3275 5766 sive
3300 5709 3481 5766 leones

1906 5820 1995 5864 aut
2024 5807 2183 5863 (ntuli
2234 5806 2471 5871 leonum,
2520 5816 2576 5860 ut
2621 5806 2673 5859 in
2723 5805 2985 5861 llebraico
3032 5805 3375 5866 continetur,
3404 5802 3480 5859 lo-
