3936 6338
459 385 559 443 871

1099 377 1161 431 Β.
1203 373 1457 430 RABANl
1494 369 1717 428 MAURI
1757 365 2078 423 ARClllEP.
2124 360 2434 419 MOGUNT.
2475 359 2761 424 OPERUM
2801 358 2984 416 PARS
3025 360 3085 416 ll.

3654 356 3757 413 ετξ

458 506 696 568 qucntur
741 513 790 551 ct
837 509 958 565 qua:
1012 504 1332 564 sequuntur.
1376 491 1567 547 Dicent
1608 503 1740 560 ergo
1797 485 1940 542 Saba
1995 492 2052 538 et
2078 485 2127 544 Α
2155 487 2405 538 movetur
2434 495 2599 551 super
2624 490 2849 543 terram,
2875 477 3179 546 cunctique
3212 475 3466 532 homines
3502 454 3757 544 qut‘snnt

461 589 644 648 Dedan
670 596 726 644 et
764 585 1130 656 negotiatores
1156 583 1402 659 Tharsis,
1428 591 1482 637 et
1515 595 1704 636 omnes
1733 578 1929 641 sancti,
1955 577 2045 646 qui

459 676 870 734 leonumtcatuli
906 673 1265 745 appellantur,
1297 672 1384 727 vel
1414 681 1561 728 certe
1593 669 1730 724 villa:
1761 667 2051 723 habitatio-

459 785 665 841 nesque
695 769 1057 824 credentium.
1091 765 1136 822 Ο
1179 766 1315 837 Gog,
1367 763 1610 833 nunquid
1642 761 1845 817 idcirco
1874 758 2046 822 venis,

461 873 522 918 ut
572 861 742 930 spolia
787 860 969 929 rapias
1014 859 1293 920 Ecclesize,
1362 865 1418 912 et
1475 856 1597 911 ideo
1650 852 2050 910 multitudinem

460 950 823 1024 mngregasti,
849 959 909 1005 ut
935 950 1138 1018 Christi
1169 948 1442 1018 possessio
1487 954 1576 1000 tua
1604 943 1699 998 fuit
1725 942 2054 1002 bzereditas?

461 1046 565 1097 Aut
606 1051 765 1112 putas
803 1052 854 1095 te
896 1050 1181 1111 argentum
1230 1048 1284 1093 et
1339 1052 1554 1098 aurum,
1585 1034 1730 1105 quod
1759 1035 1811 1087 in
1838 1033 2056 1102 eloquio

461 1149 734 1203 sensuque
755 1133 1093 1202 intelligitur,
1124 1131 1375 1186 Ecclesite
1395 1144 1794 1199 possessurum,
1820 1135 1878 1180 ut
1901 1124 2053 1182 aufe-

461 1243 554 1286 ras
588 1226 1008 1298 suppellectilem
1040 1237 1366 1292 omnemque
1411 1219 1794 1283 substantiam,
1835 1227 1890 1272 et
1929 1216 2059 1270 diri—

462 1318 582 1390 pias
616 1315 898 1382 manubias
938 1313 1195 1378 infinitas,
1242 1311 1445 1367 Christi
1481 1308 1726 1364 victoriis
1756 1321 2056 1376 congrega-

464 1410 927 1478 tas?Propterea,
971 1422 1013 1460 ,ο
1057 1405 1320 1477 propheta
1368 1401 1648 1465 Ezechiel,
1696 1400 1791 1469 qui
1844 1400 1896 1452 in
1935 1406 2059 1468 typo

463 1499 666 1554 Christi
708 1497 1004 1568 appellaris
1047 1495 1190 1550 filius
1218 1493 1472 1558 hominis,
1502 1491 1725 1561 loquere
1749 1491 1814 1544 ad
1842 1487 1977 1558 Gog.
2006 1497 2063 1542 et

466 1591 552 1645 dic
576 1589 670 1643 ei:
711 1607 729 1640 ι
766 1588 891 1643 llzec
918 1586 1047 1641 dicit
1076 1585 1336 1640 Dominus
1369 1583 1530 1647 Deus,
1583 1602 1600 1633 ι
1637 1580 1856 1650 quando
1897 1579 2062 1634 totius

467 1681 653 1736 tnnndi
718 1693 906 1732 errore
961 1675 1174 1737 sublato
1225 1674 1454 1744 populus
1520 1687 1675 1726 meus
1730 1668 1915 1737 Israel,
1971 1670 2062 1736 qui

467 1781 649 1828 mente
677 1771 851 1830 cernit
894 1769 1086 1833 Deum,
1133 1766 1461 1824 habitaverit
1510 1767 1565 1820 in
1602 1763 1850 1820 Ecclesia
1891 1762 2064 1818 confi-

2153 586 2318 642 super
2345 569 2541 626 faciem
2576 579 2756 625 terrm.
2808 567 2966 635 Quod
3009 565 3299 620 manifeste
3327 565 3395 619 de
3427 561 3758 641 habitatori-

2152 663 2255 718 bus
2302 661 2561 716 Ecclesiae
2589 660 3011 723 demonstratur,
3065 673 3296 729 quorum
3343 656 3435 711 alii
3485 665 3547 710 ut
3580 656 3762 725 pisces

2153 756 2344 821 maris,
2385 754 2476 808 alii
2524 761 2585 808 ut
2614 757 2860 808 volucres
2904 751 3048 817 cmli,
3089 751 3180 806 alii
3224 762 3280 806 ut
3313 751 3504 806 bestia:
3533 750 3676 820 agri,
3707 759 3764 804 et

2155 846 2338 901 omnia
2383 845 2598 916 reptilia
2639 859 2760 914 qua:
2805 852 3096 900 moventur
3123 858 3286 914 super
3312 851 3542 906 terram,
3575 827 3767 894 alii'ut

2156 939 2455 1006 retinentes
2501 936 2736 992 hominis
2787 935 3103 1006 dignitatem
3157 935 3406 990 habitant
3465 948 3632 1003 super
3683 932 3766 984 fa-

2157 1003 2297 1087 ciem
2339 1039 2517 1084 terrae.
2569 1030 2723 1098 Quod
2754 1040 2937 1087 autem
2977 1044 3204 1083 .morutn
3251 1026 3543 1089 diversitas
3591 1025 3764 1079 variis

2159 1125 2406 1195 signetur
2447 1121 2777 1189 nominibus,
2809 1131 2862 1176 et
2895 1119 3186 1190 Apostolus
3233 1121 3423 1174 scribit
3465 1121 3531 1173 ad
3561 1119 3768 1174 Corin-

2158 1214 2386 1287 tltios_(l
2417 1212 2543 1269 Cor.
2575 1212 2687 1286 xv),
2721 1214 2814 1284 qui
2854 1213 2958 1267 alia
2996 1225 3226 1281 corpora
3253 1219 3374 1280 post
3403 1210 3770 1265 resurrectio-

2161 1321 2284 1363 nem
2317 1307 2446 1362 dicit
2489 1322 2610 1361 esse
2639 1305 2902 1371 coelestia,
2933 1305 3038 1359 alia
3084 1313 3323 1367 terrena,
3371 1303 3518 1357 aliud
3564 1319 3768 1372 corpus

2163 1399 2349 1470 piscis,
2391 1399 2535 1454 aliud
2567 1397 2823 1464 volucris,
2863 1398 3008 1452 aliud
3047 1397 3367 1463 bestiarum,
3412 1395 3554 1450 aliud
3597 1397 3769 1464 repti—

2164 1493 2318 1554 lium,
2347 1500 2402 1545 et
2434 1490 2582 1545 aliud
2609 1491 2910 1554 hominum,
2941 1487 3034 1557 qui
3065 1502 3262 1542 nomen
3308 1488 3598 1558 pristinum
3648 1503 3769 1541 ser-

2165 1591 2448 1638 vaverunt.
2484 1581 2541 1637 ln
2588 1582 2801 1638 actibus
2836 1595 3053 1651 quoque
3099 1578 3483 1657 Apostolorum
3529 1578 3767 1633 linteum

2169 1674 2302 1730 illud
2347 1673 2491 1742 quod
2542 1681 2776 1742 quatuor
2804 1670 3086 1741 principiis
3130 1670 3292 1724 tertio
3321 1668 3490 1723 Petro
3519 1669 3768 1740 apostolo

2170 1765 2576 1820 demonstratur
2606 1761 2746 1834 (Act.
2771 1761 2854 1832 ιι),
2881 1761 3201 1838 varietatem
3227 1758 3563 1814 credentium
3583 1752 3770 1830 ‘signi-

465 1862 830 1927 denter,..sive
860 1860 914 1916 in
959 1874 1115 1930 pace,
1148 1867 1275 1914 tunc
1303 1858 1466 1924 scies,
1507 1857 1620 1913 sive
1644 1870 1939 1927 consurges
1959 1897 1974 1920 ,
2014 1863 2068 1908 et
2098 1859 2143 1919 Β
2172 1857 2324 1922 fleat,
2353 1872 2476 1927 quas
2525 1857 2578 1910 in
2615 1871 2742 1912 area
2771 1871 2986 1926 quoque
3015 1857 3200 1912 diluvii
3238 1855 3563 1912 continetur.
3615 1856 3771 1909 Tunc

454 1957 654 2011 .vcnics
682 1955 748 2010 de
778 1954 896 2009 loco
925 1961 1036 2008 tuo.
1085 1952 1188 2019 Qui
1238 1951 1311 2006 sit
1359 1961 1541 2015 autem
1592 1950 1746 2005 locus
1794 1947 2064 2005 haeretica:

452 2049 776 2119 pravitatis,
806 2061 1043 2116 sequens
1085 2059 1267 2099 sermo
1295 2045 1636 2098 demonstrat
1670 2062 1680 2092 ;
1716 2041 1761 2093 A
1807 2039 2071 2094 lateribus

471 2143 762 2213 aquilonis,
791 2142 884 2211 qui
911 2154 1126 2194 onmem
1157 2136 1398 2192 calorem
1449 2134 1789 2190 credentium
1843 2131 2070 2201 refrige-

459 2244 902 2292 rareconatur.
953 2233 1296 2300 Venientque
1335 2216 1480 2285 cum
1529 2243 1594 2282 eo
1657 2225 1836 2296 pepuli
1891 2225 2067 2291 multi,

461 2349 497 2380 .t
535 2343 723 2384 omnes
751 2339 1069 2381 ascensorcs
1112 2337 1398 2392 equorum,
1434 2340 1451 2372 ι
1490 2319 1557 2376 de
1583 2322 1778 2390 quibus
1806 2319 2068 2388 scriptum

456 2429 560 2476 est
597 2439 608 2473 :
647 2438 680 2470 .i
746 2419 959 2488 Equum
1007 2425 1064 2470 et
1126 2427 1474 2468 ascensorem
1537 2411 1765 2482 projccit
1812 2411 1868 2466 in
1920 2425 2071 2466 mare

458 2509 674 2581 (Exod.
709 2511 820 2577 xv).
862 2527 878 2558 ι
913 2507 1100 2562 Cmtus
1123 2517 1352 2576 magnus
1377 2510 1432 2558 et
1455 2504 1728 2557 exercitus
1755 2502 2068 2564 vehemens,

478 2598 828 2669 cunrquibus
863 2618 879 2649 ‹
915 2596 1235 2660 ascendens,
1265 2597 1358 2657 ait,
1390 2609 1553 2665 super
1591 2593 1847 2662 populum
1889 2607 2070 2647 meum

480 2691 665 2756 lsrael,
710 2690 866 2761 quasi
915 2689 1085 2746 nubes
1114 2698 1170 2743 et
1212 2689 1409 2760 caligo,
1454 2697 1514 2742 ut
1561 2688 1774 2758 operias
1809 2705 1827 2736 ι
1870 2694 2072 2740 terram

481 2800 682 2848 meam,
715 2784 782 2838 de
811 2798 915 2852 qua
967 2796 1129 2850 supra
1173 2779 1379 2837 dictum
1431 2787 1544 2844 est;
1600 2798 1616 2829 ι
1671 2767 1728 2847 lin
1765 2776 2076 2832 novissimis

471 2875 672 2934 alicbus
716 2875 845 2937 eris,
890 2891 905 2922 ι
958 2859 1173 2941 quando
1207 2870 1528 2941 Evangelica
1573 2867 1905 2939 prmdicatio.
1947 2885 1966 2918 ι
2010 2866 2076 2921 Et

481 2965 744 3018 adducam
782 2971 834 3018 te
864 2977 1025 3031 super
1056 2970 1252 3015 terram
1283 2975 1478 3014 meam.
1522 2979 1539 3010 ι
1577 2958 1804 3029 Oportet
1831 2958 1996 3023 enim,
2021 2966 2076 3012 et

477 3055 864 3110 luurescsessc
898 3051 948 3123 (Ι
975 3050 1099 3105 Cor.
1133 3054 1228 3122 xx),
1265 3069 1281 3102 ι
1319 3058 1377 3104 ut
1412 3051 1623 3120 proliati
1667 3050 1868 3120 quique
1897 3049 2072 3102 mani-

480 3144 605 3200 festi
637 3145 791 3209 fiant,
823 3152 876 3196 et,
903 3142 999 3196 Dei
1034 3141 1310 3195 voluntate
1357 3145 1722 3214 Ἀναγὼνιστος
1748 3140 1996 3196 diabolus
2023 3147 2076 3194 et

478 3244 536 3292 et
563 3235 741 3288 omnia
770 3232 1144 3303 perversitatis
1187 3232 1436 3302 dogmata
1471 3231 1725 3285 derelicta
1761 3238 1903 3284 sunt.
1955 3250 1972 3280 σ
2007 3229 2075 3286 Ut
2103 3217 2147 3277 Ο

482 3321 658 3379 sciant
684 3339 870 3376 omnes
897 3330 1104 3394 gentes,
1136 3329 1190 3376 et
1243 3320 1544 3391 intelligant
1574 3335 1678 3385 me,
1712 3336 1836 3374 eum
1883 3320 2078 3374 sancti—

485 3419 678 3472 ficatus
706 3417 857 3472 fuero
885 3418 935 3471 iu
977 3428 1028 3471 te
1065 3417 1118 3471 in
1148 3414 1320 3470 oculis
1367 3402 1576 3479 eorum,
1632 3428 1665 3468 ο
1713 3413 1850 3483 Gog,
1905 3432 1920 3463 ι
1974 3413 2077 3467 hoc

495 3517 600 3572 est,
667 3524 787 3563 cum
857 3507 1032 3576 pomis
1098 3506 1207 3560 tuis
1263 3520 1348 3559 me
1392 3503 1757 3572 intellexerint
1817 3501 2074 3570 iudicem.

486 3601 557 3657 Et
594 3600 723 3653 facit
774 3598 1155 3667 apostropham
1199 3598 1274 3650 ad
1313 3595 1487 3663 ipsum
1519 3592 1634 3662 00g
1668 3612 1678 3646 :
1715 3613 1731 3644 ι
1788 3592 1974 3648 Nonne
2021 3603 2074 3646 tu

489 3689 579 3745 ille
609 3703 670 3742 es
691 3688 756 3742 de
782 3703 889 3755 quo
920 3674 1130 3741 locutus
1157 3701 1275 3740 sum
1308 3685 1361 3738 in
1391 3683 1580 3738 diebus
1609 3685 1846 3753 antiquis
1875 3684 1926 3737 in
1966 3698 2080 3737 ma-

491 3779 648 3833 nibus
701 3792 984 3832 servorum
1054 3791 1298 3831 meorum
1365 3775 1751 3844 prophetarum
1808 3773 2006 3829 lsrael?
2054 3795 2072 3826 ι

489 3869 661 3942 Moysi
694 3869 965 3932 videlicet,
1012 3868 1103 3938 qui
1141 3867 1218 3920 ait
1251 3867 1305 3920 in
1346 3865 1705 3920 Numerorum
1756 3865 1915 3928 libro,
1949 3866 2079 3920 dun-

491 3971 641 4016 taxat
677 3960 834 4029 juxta
877 3961 1228 4029 Septuaginta
1258 3973 1272 4012 :
1310 3979 1326 4009 ς
1370 3957 1690 4028 Egredietur
1718 3959 1879 4013 homo
1905 3957 1970 4012 de
2002 3972 2084 4011 sc—

491 4061 638 4115 mine
671 4055 810 4125 ejus,
843 4065 895 4110 et
923 4055 1287 4109 dominabitur
1325 4054 1563 4125 gentium
1612 4054 1998 4122 plurimarum,
2028 4061 2083 4107 et

489 4149 792 4204 elevabitur
813 4147 927 4218 Gog
959 4162 1183 4216 regnum
1206 4145 1342 4215 ejus,
1378 4155 1431 4200 et
1459 4156 1670 4201 crescet
1693 4161 1913 4215 regnum
1941 4145 2082 4200 illius

487 4241 680 4310 (Nam.
707 4243 876 4310 XXIV).
903 4239 1371 4310 iCmterumjuxta
1397 4238 1719 4293 llebraicum
1738 4239 1809 4291 ita
1823 4239 2083 4307 scriptum

489 4331 665 4402 reperi
698 4349 711 4384 :
747 4350 765 4383 ι
805 4331 1047 4393 Tollatur
1069 4338 1351 4400 propterea
1373 4328 1489 4400 Gog
1511 4329 1701 4401 [Agag]
1735 4344 1828 4383 rex
1860 4330 1997 4398 ejus,
2031 4337 2086 4382 et

494 4421 774 4478 auferetur
813 4437 1036 4491 regnum
1074 4421 1236 4485 illius,
1269 4440 1286 4472 ›
1322 4434 1388 4475 eo
1412 4421 1552 4490 quod
1588 4436 1809 4490 regnum
1840 4418 2003 4474 Israel
2033 4420 2083 4472 in

487 4513 657 4573 Saule
694 4521 912 4582 prepter
931 4511 1080 4581 Agag
1107 4526 1288 4581 regem
1310 4511 1530 4565 Amalec
1552 4510 1882 4566 destructum
1907 4510 1992 4563 sit.
2020 4509 2087 4565 Et

493 4604 546 4658 in
580 4602 686 4656 alio
729 4581 885 4658 loco:
917 4621 935 4653 ι
973 4599 1250 4659 Mundabit
1293 4611 1494 4656 terram
1542 4600 1719 4670 populi
1753 4601 1855 4654 sui.
1903 4620 1920 4650 ι
1967 4597 2084 4654 Joel
2112 4581 2162 4639 Ῐ)

500 4708 717 4765 quoque
765 4695 818 4747 in
867 4693 1005 4746 valle
1058 4691 1342 4763 .losapltat,
1395 4694 1497 4748 hoc
1523 4701 1604 4747 est
1629 4691 1816 4760 judicii
1843 4692 1962 4755 Dei,
1996 4690 2084 4744 de-

494 4785 684 4840 scribit
711 4784 936 4855 populos
963 4785 1369 4854 congregandos
1393 4783 1550 4855 (Joel.
1580 4782 1690 4855 ut);
1722 4784 1954 4843 etlsaias
1975 4798 2088 4836 om-

495 4889 697 4943 nesque
726 4875 1004 4944 propltctm
1025 4874 1077 4928 in
1117 4865 1347 4943 quorum
1375 4874 1621 4928 manibus
1649 4882 1703 4929 et
1724 4873 1880 4928 bonis
1906 4875 2088 4943 operi-

495 4965 596 5018 bus
630 4979 807 5018 scrmo
832 4964 1139 5018 fitDomini.
1163 4964 1295 5017 Cum
1328 4965 1492 5034 igitur
1515 4964 1730 5019 veneris
1771 4979 1933 5033 super
1974 4973 2080 5018 ter-

498 5071 616 5109 ram
672 5055 869 5118 lsrael,
908 5075 925 5105 ‹
973 5055 1227 5110 ascendet
1290 5055 1588 5125 indignatio
1625 5071 1743 5110 mea
1791 5055 1846 5109 in
1897 5055 2081 5110 furore

496 5161 618 5200 tneo
648 5152 835 5222 contl'a
862 5152 933 5204 te.
967 5155 1020 5200 et
1045 5146 1098 5199 in
1130 5144 1248 5202 zelo
1287 5160 1408 5200 meo
1447 5161 1544 5214 pro
1566 5145 1765 5215 populo
1795 5161 1934 5200 meo.
1967 5165 1985 5197 ‹
2022 5146 2078 5200 lo

500 5232 624 5300 igne
656 5231 749 5284 irae
780 5245 913 5284 mea:
960 5231 1171 5285 locutus
1211 5245 1352 5293 sum,
1393 5249 1410 5281 ι
1461 5231 1550 5299 qui
1597 5231 1781 5285 omnia
1825 5231 2078 5286 vitiorum

499 5332 717 5392 tuorum
756 5323 897 5394 ligna
938 5331 1244 5378 consumat.
1273 5343 1290 5374 ι
1329 5321 1443 5387 illo,
1472 5323 1664 5392 inquit,
1691 5331 1934 5394 tempore
1980 5323 2083 5377 erit

503 5430 698 5485 magna
737 5417 1026 5469 commotio
1053 5428 1213 5483 super
1253 5422 1454 5468 terram
1483 5413 1668 5468 lsrael.
1707 5433 1725 5465 ι
1756 5413 2084 5468 lmmittentc

501 5506 646 5559 enim
692 5505 906 5560 diabolo
951 5504 1145 5568 crebra
1191 5511 1381 5558 contra
1427 5502 1724 5568 Ecclesiam
1782 5504 2085 5573 persecutio

506 5596 597 5650 (let
627 5612 640 5650 :
678 5613 796 5666 quae
836 5597 1051 5667 quando
1077 5597 1253 5667 sopita
1304 5594 1483 5658 fuerit,
1519 5604 1573 5650 et
1604 5596 1699 5650 Dei
1726 5597 1869 5651 victa
1900 5596 2087 5666 praesi-

506 5688 614 5751 dio,
647 5699 770 5742 tunc
795 5690 1272 5743 cummovcbuntur
1297 5703 1328 5741 a
1361 5687 1494 5742 facie
1523 5687 1640 5756 ejus
1681 5688 1857 5757 pisces
1900 5688 2083 5752 maris,

507 5789 558 5832 et
590 5779 832 5834 volucres
851 5780 991 5846 coeli,
1019 5791 1072 5836 et
1095 5779 1282 5837 bestia:
1307 5779 1447 5850 agri,
1473 5787 1526 5835 et
1551 5794 1710 5834 omne
1735 5778 1922 5848 reptile
1946 5779 2087 5848 quod

2171 1959 2354 2005 autem
2393 1965 2423 2004 a
2479 1949 2619 2005 facie
2669 1951 2904 2016 Domini,
2936 1960 2990 2008 et
3034 1966 3063 2004 a
3111 1963 3411 2019 conspectu
3463 1951 3772 2020 tuajcstatis

2173 2041 2290 2110 ejus
2316 2042 2700 2098 subverteutur
2730 2051 2963 2107 montes,
3017 2043 3107 2113 qui
3149 2058 3208 2097 se
3249 2025 3771 2096 elevabant‘contra

2173 2140 2455 2194 scientiam
2489 2139 2605 2203 Dei,
2653 2148 2708 2193 et
2753 2140 2948 2193 cadent
2976 2153 3132 2208 sepes
3171 2139 3286 2192 sive
3320 2137 3507 2201 valles,
3535 2154 3656 2207 qum.
3685 2137 3773 2192 vel

2172 2233 2479 2287 humilitate
2507 2247 2700 2287 sensus
2731 2231 2796 2286 ad
2833 2233 2940 2285 ima
2974 2231 3234 2286 demersa:
3278 2244 3444 2294 sunt;
3497 2231 3578 2283 vel
3621 2240 3774 2284 certe

2173 2326 2505 2380 munitiones
2527 2340 2646 2395 quae
2671 2324 2874 2394 aliquid
2898 2324 3243 2394 pollicentur,
3275 2331 3334 2377 ut
3365 2318 3645 2378 imitentur
3674 2325 3775 2378 Be—

2174 2418 2394 2473 clcsiam
2421 2417 2535 2472 Dei.
2568 2416 2643 2472 De
2668 2417 2822 2486 cujus
2845 2416 3063 2486 sepibus
3085 2415 3280 2469 dicitur
3308 2434 3319 2468 :
3355 2435 3371 2466 ι
3403 2415 3503 2482 Qui
3540 2417 3776 2470 destruit

2174 2525 2379 2578 sepem,
2405 2507 2671 2568 mordebit
2699 2523 2822 2562 eum
2848 2507 3068 2562 coluber
3097 2503 3287 2576 (Eccli.
3333 2505 3409 2577 ι).
3443 2528 3462 2556 ι
3493 2506 3556 2558 Et
3582 2521 3775 2560 otnncs

2178 2590 2315 2654 muri
2371 2599 2424 2652 in
2471 2609 2671 2652 terram
2701 2607 2998 2652 eorruent:
3044 2613 3166 2651 cum
3215 2598 3362 2652 enim
3417 2599 3774 2652 ecclesiastici

2177 2690 2446 2745 sermonis
2475 2689 2786 2759 apparuerit
2830 2687 3110 2750 fortitudo,
3157 2689 3339 2742 omnia
3390 2689 3774 2743 haereticorum

2177 2789 2434 2837 corrucnt
2479 2779 2838 2834 munimenta.
2884 2797 2900 2830 ‹
2943 2780 3007 2834 Et
3048 2780 3274 2844 vocabo,
3304 2780 3496 2848 inquit,
3529 2795 3651 2834 eum
3683 2781 3778 2835 ad-

2179 2888 2393 2927 versum
2426 2871 2597 2936 illum,
2630 2892 2648 2922 ι
2683 2871 2785 2926 hoc
2810 2879 2893 2925 est
2917 2871 3294 2926 hmreticorum
3314 2872 3608 2941 principem
3635 2870 3780 2942 Gog,

2180 2964 2232 3017 in
2254 2962 2462 3017 cunctis
2495 2962 2768 3016 montibus
2794 2959 2912 3026 ejus
2941 2961 3200 3031 gladium,
3231 2971 3290 3015 ct
3314 2961 3588 3031 principes
3616 2977 3784 3016 excr-

2180 3052 2320 3106 citus
2359 3051 2472 3117 ejus
2504 3051 2681 3122 gladio
2713 3051 2921 3104 Domini
2945 3051 3322 3105 conficiantur.
3361 3050 3512 3106 Tunc
3555 3054 3784 3109 lizcresis

2183 3141 2458 3196 dimicabit
2486 3143 2770 3196 adversum
2801 3141 3068 3204 haz'tcsitn,
3109 3136 3338 3212 quai‘um
3373 3143 3516 3196 inter
3542 3159 3598 3196 se
3627 3157 3782 3196 com-

2181 3233 2438 3303 pugnatio
2466 3242 2648 3287 nostra
2679 3232 2906 3286 victoria
2951 3244 3056 3287 est.
3098 3251 3114 3283 ι
3156 3231 3532 3300 Etjudicaho,
3577 3233 3782 3300 inquit,

2179 3339 2300 3380 eum
2332 3333 2506 3379 morte
2549 3323 2634 3378 vel
2683 3333 2853 3394 peste,
2899 3332 2954 3378 et
3000 3326 3263 3394 sanguine
3308 3334 3363 3378 et
3415 3324 3586 3378 imbre
3613 3325 3784 3378 vehor

2180 3416 2368 3480 menti,
2421 3423 2476 3468 et
2524 3414 2789 3484 lapidibus
2842 3415 3122 3470 immensis
3177 3436 3195 3466 ι
3232 3415 3345 3470 sive
3395 3415 3780 3485 grandinibus.

2179 3502 2464 3564 Judicatur
2505 3514 2687 3560 autem
2729 3503 2844 3577 Gog
2884 3514 3058 3560 morte
3087 3522 3183 3560 sua
3226 3515 3281 3560 et
3311 3507 3572 3576 sanguine
3616 3523 3782 3574 quem

2180 3597 2386 3661 effodit,
2433 3607 2488 3652 et
2539 3597 2712 3651 imbre
2746 3599 3075 3662 vehementi,
3132 3599 3474 3652 sermonibus
3503 3601 3702 3652 eruditi
3732 3610 3787 3652 et

2180 3677 2406 3761 perfecti
2441 3690 2538 3744 viri
2569 3708 2580 3743 :
2608 3700 2662 3745 et
2685 3689 2954 3761 lapidibus
2971 3692 3248 3745 immensis
3271 3691 3361 3759 qui
3395 3706 3519 3744 eum
3541 3693 3784 3745 obruant

2182 3782 2508 3836 testimoniis
2548 3779 2978 3849 Scriptor-arum,
3013 3782 3127 3834 sive
3177 3780 3456 3849 grandinis
3505 3780 3594 3846 qui
3633 3782 3786 3833 talo-

2181 3886 2297 3924 rem
2327 3870 2471 3925 illius
2499 3870 2696 3924 faciant
2725 3871 3078 3940 refrigescere
3106 3887 3118 3922 :
3158 3888 3175 3921 t
3206 3853 3408 3924 Ouiucs
3437 3870 3582 3922 enim
3627 3870 3785 3922 adul-

2187 3970 2447 4025 terantes,
2480 3962 2630 4030 quasi
2665 3962 2910 4014 clibanus
2958 3961 3122 4015 corda
3168 3974 3352 4013 eorum
3403 3960 3546 4030 (Usa.
3602 3963 3726 4028 vn).
3759 3983 3776 4013 ›

2190 4071 2206 4103 ι
2237 4051 2434 4122 ignem,
2468 4053 2666 4122 inquit,
2697 4060 2752 4106 et
2784 4053 3010 4122 sulphur
3039 4053 3214 4122 pluam
3263 4068 3424 4121 super
3451 4069 3595 4115 eum,
3633 4074 3650 4104 ι
3681 4071 3786 4124 per

2185 4160 2305 4214 qua:
2353 4144 2754 4199 demonstratur
2782 4159 2939 4214 poena
2968 4143 3154 4212 judicii
3200 4145 3539 4212 sempiterni.
3577 4143 3640 4197 Et
3676 4162 3783 4197 nua

2187 4238 2356 4292 solum
2402 4253 2562 4306 super
2597 4252 2720 4290 eum
2761 4236 2852 4305 qui
2893 4248 3082 4289 auctor
3122 4236 3493 4303 perversitatis
3533 4235 3653 4298 fuit,
3690 4236 3786 4291 sel

2193 4349 2211 4380 ι
2251 4338 2307 4383 et
2330 4343 2490 4399 super
2513 4342 2725 4383 omnem
2756 4326 3055 4382 exercitum
3095 4335 3147 4380 et
3192 4326 3588 4380 multitudinem
3619 4309 3782 4395 ejus,

2187 4429 2241 4474 et
2277 4433 2436 4489 super
2465 4418 2692 4490 populos
2721 4418 2916 4472 multos
2946 4419 3036 4486 qui
3083 4426 3213 4472 sunt
3255 4434 3376 4472 cum
3413 4434 3498 4472 eo.
3539 4440 3557 4468 ι
3595 4419 3785 4473 Ναί-ις

2189 4513 2332 4566 enim
2359 4511 2558 4566 habent
2582 4510 2824 4566 hmretiei
2857 4511 3050 4574 socios,
3084 4511 3192 4564 imo
3232 4509 3479 4563 diabolus
3521 4511 3784 4580 princeps

2185 4615 2376 4655 eorum
2426 4598 2637 4653 infinita
2687 4597 3028 4652 multitudine
3077 4597 3465 4651 circunnlatur.
3515 4598 3782 4666 Omnique

2187 4706 2375 4748 errore
2399 4691 2628 4754 sublato,
2664 4698 2719 4744 et
2753 4688 2955 4759 punitis
2982 4697 3143 4757 atque
3172 4689 3465 4742 destructis
3496 4689 3783 4743 hazrctico-

2193 4799 2312 4838 rum
2345 4782 2698 4852 principibus,
2728 4781 3107 4850 inaguilicatur
3137 4779 3417 4846 Dominus,
3448 4791 3500 4833 et
3538 4781 3778 4834 sanctiﬁ‘

2187 4882 2344 4927 catur
2388 4873 2439 4926 in
2469 4871 2836 4936 credentibus,
2866 4879 2922 4925 et
2963 4881 3124 4928 notus
3151 4869 3209 4924 iit
3241 4871 3294 4923 in
3336 4872 3509 4926 oculis
3534 4873 3780 4942 gentium

2190 4963 2500 5027 multarum,
2545 4979 2664 5032 qua:
2695 4961 2836 5016 illius
2883 4961 3003 5015 fidei
3034 4961 3410 5016 crediderunt:
3461 4972 3515 5016 ct
3562 4975 3666 5016 tam
3711 4980 3777 5017 cr

2187 5054 2519 5110 beatitudine
2545 5055 2626 5109 sui
2657 5071 2818 5124 quam
2847 5069 2912 5108 ex
2935 5055 3364 5108 adversariorum
3385 5057 3559 5124 pmnis
3585 5059 3779 5117 scient.

2189 5153 2349 5214 atque
2377 5153 2704 5214 cognoscent
2727 5145 2869 5214 quod
2902 5144 3014 5213 ipse
3041 5144 3110 5199 sit
3138 5143 3415 5199 Dominus.
3449 5144 3573 5201 llaec
3600 5155 3653 5198 ut
3674 5160 3776 5215 po.

2190 5236 2389 5291 tuimus
2412 5235 2748 5306 interpretati
2781 5249 2967 5290 sumus
2990 5235 3302 5289 obedientes
3345 5235 3418 5288 illi
3460 5247 3726 5304 prazcepzo
3758 5276 3770 5287 .

2197 5345 2214 5378 ι
2250 5324 2432 5394 Neque
2459 5326 2527 5378 ad
2557 5327 2834 5387 dexteram
2861 5336 3034 5393 neque
3063 5325 3128 5381 ad
3156 5323 3430 5390 sinistram
3461 5325 3773 5390 deelinsbis,

2192 5417 2285 5473 sed
2312 5418 2394 5472 via
2422 5417 2566 5487 regia
2591 5416 2928 5487 ingredieris.
2969 5435 2986 5467 ι
3025 5414 3080 5470 Si
3110 5416 3232 5484 quis
3262 5426 3441 5471 autem
3475 5427 3650 5471 nostra
3681 5433 3771 5470 re-

2191 5507 2500 5578 prehendit,
2523 5516 2617 5560 aut
2660 5505 2883 5560 meliora
2913 5503 3152 5574 proferat
3194 5519 3315 5573 qum
3343 5520 3645 5574 sequamur,
3679 5513 3774 5556 aut

2191 5600 2236 5656 si
2265 5599 2398 5654 nihil
2427 5599 2655 5653 voluerit
2684 5599 2881 5662 dicere,
2912 5596 3205 5668 perfectam
3241 5599 3350 5652 Deo
3378 5598 3647 5652 scientiam
3681 5595 3772 5647 de-

2194 5690 2498 5760 relinquat:
2531 5689 2656 5744 dum
2691 5699 2866 5743 tamen
2895 5690 3027 5742 sciat
3065 5703 3402 5760 nequaqtuun
3435 5689 3487 5742 in
3517 5687 3662 5740 nobis
3695 5684 3772 5737 vi.

2197 5795 2305 5848 res,
2335 5778 2429 5836 sed
2459 5779 2696 5834 animum
2718 5776 3088 5846 judicandum.
