3936 6344
179 371 288 428 875

705 479 930 534 CAPUT
990 478 1233 534 XXXIX.

175 594 248 652 In
271 595 566 652 novissimis
605 595 785 648 diebus
824 596 1053 716 insurget
1093 591 1209 676 pag
1247 605 1295 648 et
1343 593 1572 665 Magog:
1613 609 1661 652 et
1703 599 1767 652 de

249 667 649 716 conareaatione
685 666 860 716 arium
895 673 943 716 et
1010 675 1260 716 estiarum
1285 665 1353 716 ad
1377 665 1577 716 edenda
1601 668 1763 716 cada-

249 667 649 734 coagregatione
685 666 860 717 avium
895 673 943 717 et
978 665 1260 719 bestiarum
1285 665 1353 716 ad
1377 665 1577 720 edenda
1601 668 1763 721 cada-

249 753 370 790 nera
397 751 597 788 eorum.

257 867 276 898 ‹
300 846 378 902 'I‘u
408 844 610 912 autem,
637 841 710 901 Iili
736 848 988 911 hominis,
1012 849 1310 905 vaticinare
1335 851 1619 907 adversum
1649 851 1765 924 Gog

183 958 202 990 ι
233 949 286 994 et
328 939 510 994 dices:
543 938 667 994 Haec
707 940 837 994 dicit
868 941 1124 997 Dominus
1173 942 1335 1007 Deus,
1378 959 1480 1013 ego
1522 960 1685 1014 super
1711 953 1764 1001 te

180 1049 200 1079 ε
231 1027 348 1098 Gog
375 1029 670 1099 principem
717 1030 908 1099 capitis
938 1030 1152 1086 Mosoch
1203 1042 1258 1087 et
1286 1033 1518 1088 Thubal.
1552 1035 1617 1090 Et
1660 1036 1765 1091 cir-

181 1137 200 1169 (
231 1135 514 1189 cumagam
545 1130 599 1174 et
620 1120 873 1176 reducam
910 1131 1053 1186 te,et
1080 1125 1374 1179 ascendere
1406 1134 1457 1179 te
1481 1125 1671 1180 faciam
1696 1128 1764 1183 de

183 1231 200 1261 ι
237 1210 495 1265 lateribus
528 1212 821 1280 aquilonis,
863 1222 915 1266 et
954 1213 1217 1268 adducam
1254 1224 1308 1270 te
1347 1231 1512 1286 super
1554 1227 1762 1274 montes

179 1322 196 1353 ‹
226 1302 414 1357 Israel.
447 1303 514 1356 Et
540 1305 837 1373 percutiam
860 1320 1044 1360 arcum
1078 1314 1230 1362 tuum
1262 1308 1317 1362 in
1342 1324 1506 1362 manu
1542 1310 1761 1365 sinistra

177 1413 196 1444 α
231 1403 340 1457 tua,
390 1402 442 1448 et
486 1394 711 1464 sagittas
757 1403 876 1450 tuas
910 1396 976 1451 de
1005 1412 1166 1451 manu
1209 1397 1430 1452 dextera
1469 1407 1579 1462 tua,
1632 1396 1761 1467 deji-

176 1503 196 1534 ‹
226 1485 365 1539 ciam
400 1494 450 1540 te
479 1500 644 1556 super
686 1497 894 1542 montes
924 1487 1106 1553 Israel,
1154 1489 1317 1545 cades
1361 1498 1436 1555 tu,
1480 1499 1536 1546 et
1577 1492 1758 1546 omnia

175 1595 192 1625 ι
223 1575 437 1645 agmina
467 1585 580 1642 tua,
611 1585 666 1632 et
698 1579 878 1648 populi
907 1578 983 1632 tui
1024 1579 1115 1648 qui
1165 1591 1293 1635 sunt
1346 1590 1546 1648 tecum,
1603 1583 1754 1649 feris,

175 1683 193 1715 ‹
227 1666 439 1731 avibus,
475 1667 731 1736 Omnique
767 1667 994 1732 volatili,
1023 1676 1077 1723 et
1118 1669 1307 1724 bestiis
1340 1681 1499 1728 terra:
1537 1672 1658 1728 dedi
1704 1682 1756 1728 te

171 1776 190 1805 ι
223 1757 293 1812 ad
319 1758 701 1814 devorandum.
727 1759 902 1829 Super
927 1759 1117 1816 faciem
1151 1765 1267 1832 agri
1296 1765 1478 1828 cades,
1505 1766 1628 1835 quia
1652 1782 1753 1838 ego

1113 366 1464 424 COMMENT.
1508 369 1573 424 IN
1611 368 2064 427 EZECIIIELEM.
2105 373 2335 429 —~‘LIB.
2378 375 2511 431 XIII.

3334 381 3438 439 87‘

1793 489 1840 545 Α
1868 483 2015 538 sibus
2042 498 2164 538 eum
2187 486 2550 555 sepeliendum
2572 502 2601 541 a
2644 487 2803 544 domo
2840 489 3002 546 Israel
3033 499 3088 544 ut
3120 499 3262 547 terra
3289 507 3439 548 ninn.

1869 573 2042 637 detur,
2056 582 2113 628 et
2131 574 2380 646 inclytam
2398 575 2789 632 futuramdiem
2813 581 3024 649 quando
3041 582 3352 640 interfectus
3372 585 3444 642 sit

1867 661 2000 733 Gog,
2035 665 2544 738 constituendosque
2573 668 2666 737 qui
2694 683 2818 724 ossa
2843 670 3125 741 diligenter
3167 675 3444 747 inquirant

1867 763 1918 807 et
1947 753 2226 823 sepeliant,
2248 769 2352 824 quo
2373 755 2578 812 scilicet
2603 758 2736 812 nihil
2757 758 2812 813 in
2837 768 2982 816 terra
3004 774 3279 819 remaneat
3306 766 3445 822 inse-

1864 843 2092 911 pultum.
2119 843 2250 899 Post
2277 860 2493 900 menses
2521 856 2701 901 autem
2721 849 2837 905 sive
2869 850 2921 904 in
2947 855 3221 910 mensibus
3236 866 3438 917 septem

1863 935 2253 1003 peragrandam
2277 946 2498 1003 terram,
2522 945 2575 990 et
2596 939 2765 994 sicubi
2789 955 2849 995 os
2866 941 3098 999 hominis
3111 942 3296 1013 jacere
3318 964 3442 1018 per-

1864 1025 2160 1094 spexerint,
2202 1027 2358 1083 titulo
2405 1045 2571 1099 prope
2614 1033 2789 1100 posito
2831 1033 3329 1102 demonstrandum,
3385 1049 3442 1092 ut

1863 1124 2047 1185 postea
2075 1117 2337 1187 sepeliant
2365 1119 2495 1175 illud
2532 1123 2622 1191 qui
2653 1123 2777 1178 huic
2804 1126 2951 1194 operi
2987 1129 3258 1197 prtepositi
3285 1141 3435 1185 sunt.

1863 1205 2069 1262 Nomen
2096 1216 2279 1264 autem
2303 1211 2539 1267 civitatis
2560 1216 2816 1285 appellari
2847 1217 3074 1282 Amona,
3105 1235 3224 1288 qua:
3252 1222 3439 1278 Gnece

1862 1298 2078 1352 dicatur
2120 1302 2483 1378 ποαγανάρσον,
2536 1304 2639 1358 hoc
2677 1315 2777 1371 est,
2825 1307 3114 1365 multitudo
3161 1311 3438 1366 hominum

1861 1389 2295 1459 sepultorum,et
2324 1393 2402 1448 sic
2449 1402 2651 1450 terram
2697 1413 2817 1452 esse
2869 1401 3142 1454 mundam.
3192 1400 3307 1457 Hoc
3361 1403 3438 1458 illi

1861 1479 2250 1537 dixerint:Nos
2274 1492 2450 1538 autem
2475 1495 2664 1556 emptae
2691 1489 3086 1556 explanationis
3112 1506 3329 1548 sensum
3358 1504 3440 1549 te-

1860 1581 2070 1639 nentes,
2096 1572 2302 1643 singula
2329 1591 2446 1644 qua:
2474 1580 2868 1647 proposuimus,
2910 1582 3258 1639 disseramus.

1930 1661 2100 1716 Habet
2130 1661 2245 1733 Gog
2271 1672 2326 1718 et
2368 1665 2482 1735 ipse
2513 1667 2810 1724 trinitatem
2852 1686 3002 1725 suam
3031 1691 3042 1726 :
3088 1673 3196 1729 Ros
3230 1684 3284 1731 et
3322 1675 3437 1731 Mo-

1858 1752 1988 1806 soch
2023 1761 2075 1807 et
2098 1752 2324 1819 Thubal,
2356 1764 2517 1825 caput
2559 1759 2821 1825 videlicet,
2867 1771 2922 1815 et
2950 1763 3209 1818 insaniam
3240 1775 3295 1820 et
3321 1769 3440 1822 uni-

167 1867 186 1896 .
217 1847 431 1904 locutus
465 1864 605 1915 sum,
635 1851 709 1904 ait
743 1850 1001 1906 Dominus
1034 1852 1194 1917 Deus,
1219 1864 1273 1908 ει
1301 1856 1545 1909 επηίιωηι
1572 1835 1750 1927 igne'm
1781 1835 1829 1894 B
1856 1855 2034 1905 versa,
2071 1850 2130 1894 ut
2151 1842 2355 1896 nullum
2378 1844 2447 1897 sit
2473 1845 2685 1912 vitium,
2711 1850 2852 1917 quod
2888 1865 2991 1904 non
3023 1853 3074 1906 in
3098 1852 3210 1925 Gog
3231 1871 3440 1922 posses-

167 1957 186 1989 ι
226 1940 282 1992 in
311 1937 520 2010 Magog,
547 1947 600 1994 et
625 1940 676 1993 in
700 1941 785 1994 his
813 1943 904 2011 qui
933 1944 1179 2000 habitant
1199 1946 1252 2000 in
1277 1946 1466 2001 insulis
1479 1947 1753 2003 confiden-

167 2047 186 2078 ι
227 2037 332 2093 ter,
353 2037 408 2082 et
431 2030 743 2099 scientquia
768 2047 867 2102 ego
888 2034 1169 2091 Dominus.
1192 2035 1260 2089 Et
1279 2051 1475 2090 nomen
1503 2046 1751 2093 sanctum

164 2137 185 2170 ‹
226 2135 405 2174 meum
439 2130 624 2176 notum
655 2121 849 2178 faciam
880 2124 934 2178 in
955 2126 1136 2181 medio
1157 2127 1338 2198 populi
1367 2130 1470 2182 mei
1493 2129 1752 2196 Israel,et

164 2227 184 2259 ‹
224 2224 333 2263 non
369 2210 603 2279 polluam
647 2227 840 2266 nomen
884 2225 1129 2270 sanctum
1187 2233 1366 2272 meum
1412 2219 1665 2288 amplius,
1698 2230 1753 2277 et

167 2318 187 2351 ι
227 2301 406 2355 scient
446 2310 631 2368 gentes
671 2305 797 2371 quia
839 2319 938 2375 ego
985 2305 1244 2362 Dominus
1291 2317 1511 2365 sanctus
1561 2310 1746 2367 Israel.

163 2408 184 2442 ‹
217 2389 360 2446 Ecce
385 2393 533 2445 venit
573 2403 628 2447 et
667 2394 868 2447 factum
905 2403 1009 2460 est,
1036 2397 1113 2450 ait
1145 2397 1403 2453 Dominus
1430 2399 1591 2455 Deus.
1625 2401 1751 2458 Hanc

163 2502 182 2533 α
213 2493 301 2538 est
322 2483 436 2539 dies
462 2485 527 2539 de
560 2501 664 2554 qua
695 2486 904 2541 locutus
931 2504 1083 2554 sum;
1118 2489 1187 2544 Et
1213 2493 1560 2561 egredientur
1592 2496 1747 2550 habi-

161 2589 182 2623 ι
216 2581 422 2627 latores
452 2574 518 2629 de
546 2574 854 2631 civitatibus
878 2577 1062 2645 Israel,
1093 2589 1148 2634 et
1177 2584 1507 2638 succendent
1529 2593 1583 2639 et
1603 2601 1750 2639 com-

164 2680 184 2711 ς
213 2660 411 2715 burent
452 2676 622 2727 arma,
665 2664 908 2734 clypeum
953 2675 1006 2720 et
1048 2669 1254 2734 hastas,
1283 2685 1468 2726 arcum
1497 2680 1553 2727 et
1580 2675 1748 2745 sagit-

164 2773 181 2802 ι
218 2761 321 2816 tas,
354 2761 409 2807 et
454 2753 674 2809 baculos
702 2771 978 2823 manuum,
1009 2767 1063 2813 et
1090 2768 1300 2828 contos,
1331 2771 1386 2818 et
1418 2766 1749 2821 succendent

164 2859 184 2892 ι
219 2856 284 2895 ea
311 2842 436 2912 igne
464 2851 670 2913 septem
707 2847 884 2900 annis.
914 2847 982 2901 Et
1026 2864 1130 2904 non
1176 2854 1470 2920 portabunt
1499 2857 1642 2927 ligna
1683 2857 1748 2913 de

166 2951 184 2982 ι
221 2933 550 3003 regionibus,
593 2951 768 3004 neque
811 2939 1092 2995 succident
1117 2942 1183 2997 de
1218 2944 1463 3013 saltibus,
1492 2950 1746 3018 quoniam

161 3040 181 3072 ‹
216 3037 366 3076 arma
399 3027 727 3082 succendent
758 3028 900 3098 igne,
933 3040 987 3084 et
1013 3031 1462 3101 depraedabuntur
1490 3054 1585 3100 eos
1620 3041 1746 3111 qui-

161 3131 178 3161 σ
209 3111 310 3167 bus
335 3114 530 3182 praeda:
559 3113 792 3183 fuerant,
820 3131 875 3176 et
894 3119 1150 3190 diripient
1179 3135 1481 3184 vastatores
1503 3134 1745 3198 suos,ait

160 3218 179 3250 ι
209 3199 471 3260 Dominus
498 3203 658 3260 Deus.
689 3206 756 3259 Et
785 3209 887 3262 erit
915 3209 967 3263 in
1000 3211 1086 3265 die
1108 3211 1218 3277 illa,
1249 3215 1386 3272 dabo
1421 3216 1537 3290 Gog
1564 3220 1744 3279 locum

159 3310 178 3340 ι
211 3291 551 3347 nominatum
584 3296 892 3366 sepulcrum
941 3301 996 3354 in
1041 3300 1225 3369 Israel,
1254 3306 1448 3362 vallem
1477 3310 1743 3367 viatorum

160 3399 179 3429 ι
211 3381 280 3434 ad
315 3383 576 3438 orientem
615 3387 781 3440 maris
809 3404 928 3458 quae
970 3390 1357 3463 obstupescere
1400 3397 1561 3454 faciet
1603 3417 1742 3472 pra:-

158 3488 179 3519 ι
212 3479 506 3527 tereuntes.
539 3473 607 3528 Et
631 3476 888 3546 sepelierit
919 3479 991 3533 ibi
1021 3479 1135 3552 Gog
1162 3492 1215 3537 et
1239 3499 1454 3541 omnem
1495 3490 1743 3546 multitu-

159 3580 180 3612 σ
210 3563 392 3616 dinem
423 3563 558 3631 ejus,
600 3576 654 3621 et
680 3569 961 3623 vocabitur
999 3572 1154 3628 vallis
1192 3575 1549 3634 multitudinis
1595 3581 1738 3653 Gog;

158 3671 177 3702 «
205 3661 264 3707 et
305 3656 567 3724 sepelient
607 3672 701 3713 eos
727 3659 919 3714 domus
957 3660 1121 3717 Israel
1159 3675 1216 3718 ut
1254 3669 1514 3724 mundent
1543 3680 1740 3728 terram

157 3761 175 3792 ι
206 3752 414 3812 septem
443 3748 735 3802 mensibus.
779 3748 1011 3818 Sepeliet
1062 3763 1241 3808 autem
1289 3771 1411 3811 eum
1440 3761 1616 3815 omnis
1647 3777 1741 3831 po—

155 3851 177 3885 (
204 3834 364 3903 pulus
396 3844 571 3902 terrae,
616 3848 671 3893 et
697 3840 800 3894 erit
830 3841 909 3896 eis
947 3845 1223 3899 nominata
1255 3849 1372 3904 dies
1407 3852 1458 3905 in
1492 3867 1596 3920 qua
1626 3854 1739 3923 glo-

154 3922 443 3980 triticatus
484 3943 622 3993 sum,
656 3931 733 3984 ait
773 3930 1031 3988 Dominus
1059 3935 1220 3990 Deus.
1265 3937 1332 3991 Et
1359 3941 1502 3996 viros
1539 3922 1740 4014 jugiter

154 4030 176 4066 ι
202 4015 534 4070 constituent
578 4018 871 4075 lustrantes
913 4029 1109 4077 terram
1159 4026 1249 4094 qui
1280 4030 1543 4098 sepeliant
1572 4043 1625 4087 et
1655 4049 1738 4089 re-

155 4119 176 4154 ι
204 4103 424 4171 quirant
449 4121 543 4161 eos
583 4109 673 4176 qui
714 4123 1127 4178 permanserant
1157 4130 1318 4186 super
1345 4117 1539 4174 faciem
1581 4131 1738 4179 terra:

155 4212 176 4246 ι
201 4204 260 4248 ut
291 4198 580 4258 emundent
599 4214 737 4254 eam.
768 4200 896 4256 Post
920 4218 1133 4260 menses
1158 4215 1338 4263 autem
1363 4220 1568 4280 septem
1599 4228 1739 4282 qure-

155 4303 173 4333 ι
207 4300 329 4338 rere
359 4285 634 4356 incipient,
663 4300 715 4343 et
761 4291 1066 4348 circuibunt
1105 4310 1460 4369 peragrantes
1510 4312 1731 4359 terram.

155 4394 172 4425 ε
205 4375 450 4445 Cumque
479 4379 794 4434 viderintos
840 4382 1071 4439 hominis
1117 4395 1355 4443 statuent
1398 4391 1556 4459 juxta
1604 4394 1734 4450 illud

1855 1930 2008 1984 sione
2038 1931 2318 1985 consistat.
2353 1931 2459 1987 Iste
2502 1936 2758 1990 educetur
2782 1938 2896 1992 sive
2939 1942 3353 2014 circumagetur,
3386 1958 3439 2002 et

1853 2021 2162 2092 palpabitur
2209 2031 2371 2093 atque
2422 2025 2729 2093 laetabitur,
2787 2037 2845 2084 ut
2883 2047 3106 2101 sperans
3162 2036 3440 2094 victoriam

1853 2113 2176 2168 occidendus
2201 2113 2428 2169 ducatur
2452 2117 2518 2171 ad
2551 2118 2812 2186 praelium.
2859 2121 2925 2175 Et
2969 2127 3223 2181 ascendet
3263 2130 3328 2182 de
3356 2129 3439 2183 la-

1853 2203 2058 2258 teribus
2091 2204 2204 2259 sive
2230 2205 2296 2259 de
2347 2206 2651 2262 novissimis
2695 2210 2981 2278 aquilonis,
3029 2228 3092 2268 ex
3136 2230 3242 2284 quo
3275 2233 3438 2271 exar-

1853 2295 2085 2350 descunt
2112 2295 2250 2350 mala
2297 2311 2460 2367 super
2502 2313 2714 2354 omnem
2759 2309 2960 2357 terram
2989 2323 3001 2357 :
3053 2315 3107 2360 et
3136 2307 3204 2361 ab
3229 2324 3292 2363 eo
3323 2309 3438 2380 ipso

1852 2386 2150 2442 adducetur
2206 2404 2367 2459 super
2412 2401 2621 2447 montes
2654 2392 2840 2461 Israel,
2891 2411 3025 2466 quos
3071 2399 3341 2468 apostolos
3383 2411 3438 2456 et

1853 2475 2177 2545 apostolicos
2212 2486 2374 2548 atque
2409 2481 2806 2537 ecclesiasticos
2832 2484 2977 2538 viros
3019 2485 3317 2559 intelligere
3345 2491 3438 2545 de-

1850 2567 2040 2624 bemus
2069 2610 2084 2634 ,
2143 2579 2201 2624 ut
2249 2581 2533 2641 postquam
2581 2575 2841 2630 adductus
2889 2575 3050 2632 fuerit
3114 2579 3180 2633 ad
3227 2593 3438 2637 montes

1850 2659 2035 2727 Israel,
2067 2671 2196 2717 tunc
2239 2667 2578 2733 percutiatur
2605 2683 2784 2734 arcus,
2840 2670 2930 2740 qui
2966 2679 3048 2726 est
3083 2673 3136 2727 in
3172 2690 3333 2730 manu
3363 2677 3436 2732 si-

1850 2752 2021 2807 nistra
2045 2753 2182 2823 ejus,
2215 2763 2268 2808 et
2296 2756 2504 2826 sagith
2529 2774 2648 2827 qua:
2691 2775 2852 2814 manu
2888 2769 3138 2817 tenentur
3165 2765 3384 2821 dextera
3414 2786 3426 2821 :

1850 2849 1906 2896 et
1935 2842 2048 2912 ipse
2075 2843 2218 2897 enim
2247 2845 2490 2899 imitatur
2523 2848 2588 2902 ad
2620 2849 3019 2907 interficiendos
3046 2868 3138 2908 eos
3182 2870 3316 2926 quos
3340 2858 3434 2912 de-

1851 2933 2057 3004 ceperit
2086 2933 2284 2990 habere
2304 2950 2454 2991 arma
2476 2952 2506 2990 a
2533 2938 2769 2994 sinistris
2797 2949 2852 2994 et
2881 2942 3085 2998 dextris
3111 2959 3210 3014 per
3236 2948 3434 3003 bonam

1846 3032 1905 3077 et
1934 3021 2134 3076 malam
2162 3024 2383 3078 famam.
2439 3026 2560 3081 Ista:
2600 3027 2807 3099 sagitta:
2836 3039 2980 3096 sunt,
3018 3043 3072 3087 et
3099 3033 3212 3090 haec
3253 3036 3434 3106 jacnla

1848 3115 1915 3168 de
1942 3113 2137 3185 quibus
2158 3123 2212 3169 et
2233 3115 2514 3171 Psalmista
2553 3117 2819 3186 loquitur:
2850 3139 2869 3170 ί
2899 3121 3038 3176 Ecce
3064 3125 3209 3180 enim
3236 3143 3432 3197 pecca-

1770 3177 1816 3240 δ
1848 3177 1995 3261 tores
2024 3206 2370 3262 intenderunt
2420 3225 2623 3275 arcum,
2678 3222 3004 3278 paraverunt
3050 3217 3274 3288 sagittas
3302 3235 3432 3278 suas

1846 3298 1899 3350 in
1929 3297 2205 3367 pharetra,
2244 3307 2304 3352 ut
2352 3300 2608 3370 sagittent
2661 3302 2714 3354 in
2759 3303 2992 3360 obscuro
3038 3317 3216 3364 rectos
3262 3313 3425 3367 corde

1845 3385 2017 3454 (Psal.
2043 3387 2136 3462 1);
2169 3409 2186 3441 ι
2221 3405 2340 3459 quas
2380 3390 2544 3460 ignita
2575 3392 2770 3448 diaboli
2792 3391 2968 3461 jacula
3000 3387 3158 3453 'scuto
3185 3397 3308 3455 ﬁdei
3340 3417 3429 3457 re-

1845 3477 2162 3548 stinguenda
2206 3489 2350 3534 sunt.
2384 3479 2645 3550 Dejicitur
2673 3491 2851 3539 autem
2883 3485 2995 3541 sive
3026 3489 3172 3543 cadit
3193 3489 3307 3562 Gog
3335 3495 3429 3562 qui

1846 3569 2166 3622 ascenderat
2210 3584 2374 3639 super
2413 3580 2625 3626 montes
2654 3572 2836 3638 Israel,
2873 3576 2926 3630 in
2975 3577 3107 3646 ipsis
3155 3584 3428 3638 montibus

1845 3671 1967 3710 cum
1991 3658 2137 3712 omni
2163 3661 2401 3714 exercitu
2425 3676 2523 3716 suo
2541 3665 2853 3733 cunctisque
2881 3669 3205 3737 agminibus.
3235 3673 3300 3727 Et
3321 3675 3426 3730 erit

1843 3748 1897 3800 in
1924 3762 2101 3802 escam
2129 3748 2277 3813 feris,
2306 3753 2494 3806 avibus
2520 3754 2774 3824 omnique
2795 3758 2996 3813 volatili
3018 3769 3072 3815 et
3100 3763 3286 3820 bestiis
3312 3775 3422 3822 ter-

1843 3853 1932 3895 rm,
1961 3838 2288 3893 adversariis
2332 3841 2581 3897 videlicet
2610 3854 2665 3898 et
2711 3850 3085 3915 potestatibus,
3113 3869 3230 3923 quae
3264 3856 3422 3927 juxta

1841 3927 1982 3980 viam
2023 3930 2366 3985 comederent
2393 3942 2712 4001 sementem,
2740 3947 2793 3992 et
2826 3942 3184 4009 sanguinariis
3213 3947 3420 4004 bestiis.

1841 4017 2118 4082 Quomodo
2148 4020 2290 4074 enim
2334 4023 2591 4094 scriptum
2623 4037 2704 4081 est
2736 4029 2800 4082 de
2844 4031 3113 4088 dracone:
3144 4054 3162 4086 ‹
3218 4035 3421 4093 Dedisti

1839 4124 1961 4164 eum
2010 4123 2189 4164 escam
2235 4112 2445 4182 populis
2467 4113 2795 4186 jEthyopum
2843 4117 3016 4189 (Psal.
3055 4126 3264 4197 Lxmt),
3296 4147 3313 4178 ι
3344 4129 3422 4184 sic

1839 4200 2048 4269 decepti
2101 4203 2298 4270 quique
2349 4206 2417 4259 ab
2448 4205 2741 4272 haereticis,
2787 4209 3087 4266 dremonum
3133 4215 3237 4270 cibi
3272 4233 3414 4272 sunt.

1839 4290 2005 4345 Cadet
2035 4301 2214 4346 autem
2246 4293 2360 4363 Gog
2388 4295 2470 4349 vel
2502 4312 2553 4350 m
2584 4300 2757 4368 campi
2790 4301 3068 4358 latitudine
3091 4307 3172 4360 vel
3208 4308 3257 4360 in
3287 4325 3417 4379 agro

1836 4381 1930 4450 qui
1957 4383 2132 4437 cultus
2163 4392 2246 4437 est
2270 4400 2298 4436 a
2333 4385 2426 4439 Dei
2454 4389 2744 4457 agricolis:
2787 4407 2962 4463 neque
2996 4396 3138 4450 enim
3170 4397 3285 4451 ﬁeri
3318 4417 3416 4469 po-

153 4481 170 4512 i
205 4460 416 4514 titulum
446 4464 612 4518 donec
656 4466 914 4534 sepeliant
954 4468 1081 4523 illud
1118 4471 1467 4540 pollinctores
1511 4478 1562 4531 ίη
1595 4479 1731 4533 mue
1757 4510 1809 4568 D
1839 4478 1946 4526 test
1974 4481 2033 4526 ut
2057 4474 2265 4568 Domini
2306 4477 2465 4530 verba
2493 4479 2602 4532 sint
2629 4479 2800 4533 irrita.
2838 4460 2986 4537 T—unc
3010 4485 3253 4539 mittetur
3283 4490 3418 4558 ignis

154 4569 171 4602 ο
206 4553 564 4608 multitudinis
609 4554 746 4626 Gog.
784 4557 988 4613 Nomen
1019 4569 1200 4616 autem
1233 4564 1470 4619 civitatis
1494 4567 1722 4634 Amona,

153 4658 170 4687 ι
202 4652 255 4692 et
282 4642 614 4696 mundahunt
646 4653 863 4699 terram.
903 4667 920 4698 ι
955 4647 1222 4721 (Ηὶενοη.)
1252 4653 1319 4706 Ει
1347 4654 1463 4708 haec
1489 4654 1726 4712 Iudaica:

149 4731 452 4786 traditionis
493 4733 733 4789 lueredes
767 4747 822 4790 et
859 4738 1102 4806 discipuli
1138 4743 1614 4801 interminabilium
1645 4748 1726 4802 fa-

145 4822 394 4875 bularum
422 4833 540 4892 post
571 4826 713 4878 mille
742 4842 1002 4881 annorum
1034 4846 1254 4899 regnum
1300 4835 1474 4888 futura
1506 4850 1724 4893 conten-

144 4913 279 4963 dunt
311 4913 844 4986 interficiendumque
891 4917 1004 4988 Gog
1045 4922 1343 4992 principem
1390 4925 1723 4983 Rosmosoch

144 5010 199 5052 et
230 4999 439 5054 'I'hubal
476 5004 526 5056 in
549 5003 744 5060 ﬁnibus
771 5007 949 5072 Israel,
977 5018 1032 5062 et
1060 5012 1127 5064 ab
1149 5015 1402 5069 omnibus
1426 5017 1730 5073 volatilibus

143 5099 199 5143 et
241 5092 431 5146 bestiis
467 5094 868 5150 devorandum:
921 5109 976 5152 et
1022 5101 1352 5158 habitatores
1396 5108 1606 5160 urbium
1656 5109 1730 5163 Is-

145 5181 258 5234 rael
290 5191 492 5248 septem
531 5185 686 5238 annis
712 5185 976 5255 lignorum
1005 5204 1159 5242 usum
1186 5206 1525 5262 nequaquam
1568 5198 1723 5250 habi-

147 5280 298 5324 turos
325 5271 390 5325 de
427 5273 726 5329 succisione
777 5276 1064 5345 sylvarum,
1117 5282 1209 5336 sed
1262 5284 1327 5337 de
1373 5286 1538 5338 armis
1585 5286 1720 5356 Gog,

145 5363 313 5416 scutis
347 5363 596 5419 videlicet
619 5374 671 5418 et
697 5367 868 5421 hastis
908 5370 1224 5440 sagittisque
1263 5382 1316 5428 et
1345 5374 1580 5432 bacculis
1609 5380 1721 5432 sive

144 5451 320 5505 emitis
347 5468 360 5503 :
395 5452 569 5520 ipsum
591 5462 770 5508 autem
798 5454 912 5526 Gog
939 5459 1300 5526 sepeliendum
1333 5465 1385 5518 in
1414 5466 1573 5530 valle,
1607 5484 1726 5537 qua:

146 5539 411 5596 Hebraice
436 5543 631 5598 dicitur
657 5543 770 5599 Ge:
803 5556 856 5600 et
893 5564 1085 5608 nomen
1123 5554 1354 5622 sepulcri
1385 5556 1525 5611 illius
1552 5561 1729 5628 appel-

148 5631 361 5684 lantium
391 5637 729 5710 ποαγανὰριον
767 5636 965 5707 [Ηὶεγ.,
993 5641 1368 5720 πο).υάνδριον],
1407 5647 1495 5698 [liti
1525 5649 1731 5702 scilicet

146 5722 430 5778 multitudo
462 5726 734 5779 hominum
758 5730 826 5781 sit
852 5732 1057 5798 sepulta
1082 5773 1093 5785 .
1131 5731 1346 5803 Septem
1376 5747 1552 5791 autem
1581 5756 1728 5793 men-

470 5817 738 5879 PATBOL.
803 5822 932 5885 CX.

1836 4563 1889 4615 in
1927 4563 2134 4634 Magog,
2199 4566 2252 4618 in
2293 4581 2385 4621 eos
2425 4568 2674 4624 videlicet
2703 4572 2791 4640 qui
2851 4571 2965 4644 Gog
2995 4589 3282 4644 suscepere
3317 4579 3413 4632 do—

1835 4655 2087 4720 ctrinam,
2120 4667 2174 4710 et
2204 4658 2254 4710 in
2281 4658 2380 4711 hos
2421 4659 2512 4727 qui
2563 4661 2630 4713 ad
2661 4662 3068 4718 similitudinem
3117 4667 3413 4722 insularum

1834 4747 2012 4800 surculi
2043 4745 2292 4801 ﬂuctibus
2309 4749 2687 4814 verberantur,
2717 4761 2767 4805 et
2794 4763 2980 4821 putant
3006 4771 3061 4811 se
3077 4758 3271 4813 debere
3293 4777 3413 4814 esse

1832 4849 2070 4888 securos.
2102 4834 2192 4889 Ille
2221 4836 2358 4906 ignis
2378 4838 2442 4892 de
2465 4854 2570 4907 quo
2600 4838 2854 4898 Dominus
2883 4844 3119 4913 loquitur
3143 4863 3156 4899 :
3188 4866 3205 4897 ι
3235 4849 3412 4918 Ignem

1837 4927 1958 4979 veni
1989 4927 2206 4981 mittere
2233 4943 2394 4997 super
2423 4938 2642 4996 terram,
2681 4941 2736 4986 et
2775 4935 2902 5003 quid
2947 4936 3065 4990 volo
3107 4939 3208 4993 nisi
3239 4950 3296 4992 ut
3325 4958 3411 4994 ar-

1838 5017 1963 5070 deat
1999 5016 2149 5087 (Luc.
2190 5019 2352 5088 an)?»
2399 5019 2469 5074 Ut
2520 5022 2692 5076 sciant
2741 5038 2929 5080 omnes
2976 5037 3029 5081 et
3082 5029 3406 5101 intelligant,

1833 5108 1974 5175 quod
2007 5122 2104 5176 ego
2140 5110 2240 5162 sim
2288 5110 2567 5175 Dominus,
2618 5122 2670 5168 et
2717 5130 2910 5170 nomen
2957 5129 3404 5179 sanctummeum

1833 5208 2016 5252 notum
2060 5199 2174 5261 ﬁat,
2209 5201 2260 5254 in
2315 5202 2490 5257 medio
2526 5205 2706 5273 populi
2755 5207 2882 5270 mei,
2930 5210 3017 5278 qui
3073 5226 3407 5282 nequaquam

1830 5288 1944 5360 Gog
1973 5290 2294 5344 auctoritate
2325 5299 2580 5347 seductus
2607 5304 2710 5360 est,
2744 5310 2915 5365 neque
2945 5299 3081 5353 ultra
3123 5317 3217 5370 per
3251 5320 3406 5360 occa-

1829 5380 2032 5433 sionem
2066 5378 2182 5432 falsi
2205 5381 2436 5435 nominis
2457 5382 2696 5439 scientiae
2721 5387 2984 5453 polluetur
3009 5405 3200 5446 nomen
3231 5409 3406 5450 meum

1832 5470 1883 5522 in
1912 5469 2196 5536 luereticis,
2226 5480 2283 5525 ut
2309 5473 2484 5526 sciant
2525 5483 2728 5543 gentes,
2761 5491 2877 5544 quae
2918 5478 2970 5531 in
3001 5480 3227 5534 circuitu
3259 5495 3400 5546 sunt,

1832 5562 1974 5629 quod
2025 5576 2123 5629 ego
2176 5564 2280 5617 sim
2331 5564 2607 5619 Dominus.
2659 5563 2810 5632 Quod
2867 5577 3046 5624 autem
3102 5573 3346 5642 sequitur
3387 5593 3400 5629 :

1839 5669 1856 5700 ο
1890 5651 2026 5705 Ecce
2056 5651 2203 5704 venit
2252 5661 2306 5705 et
2338 5651 2533 5707 factum
2569 5665 2668 5719 est,
2703 5677 2719 5707 ι
2750 5658 2813 5711 de
2858 5659 3059 5726 judicio
3095 5660 3289 5716 Christi
3319 5664 3402 5716 di-

1835 5742 1994 5806 citur,
2026 5741 2115 5808 qui
2143 5743 2361 5797 veniens
2392 5747 2567 5801 veniet
2607 5757 2658 5801 et
2691 5765 2792 5801 non
2823 5750 3070 5815 tardabit,
3103 5761 3154 5806 et
3185 5752 3292 5821 ipsa
3321 5766 3402 5810 cst

2829 5841 2907 5898 ‘28
