3936 6338
515 325 587 380 75
1120 325 1181 380 Β.
1227 323 1479 382 ΠᾹΒΛΝΙ
1522 325 1739 383 ΜΑυιὶῐ
1780 327 2100 386 ARCHIEP.
2152 330 2461 391 MOGUNT.
2504 334 2790 393 OPERUM
2832 337 3013 396 PARS
3056 342 3115 396 ll.
3680 347 3766 403 876

466 437 590 493 dies
616 450 901 509 pmnarum
951 445 1115 507 atque
1156 436 1429 502 vindictas,
1482 438 1548 493 de
1582 452 1687 508 qua
1729 453 1827 508 per
1878 453 2069 496 omnes
2100 450 2139 506 Α
2176 444 2455 513 claudant,
2511 457 2565 501 et
2603 448 3171 518 eircummditicentur,
3229 466 3287 511 et
3333 456 3384 510 in
3434 459 3766 529 γοντιεῑηίιω

472 529 765 601 prophetas
790 526 1004 583 locutus
1030 534 1113 582 est
1148 526 1429 583 Dominus.
1462 548 1480 580 α
1510 528 1579 583 Et
1605 529 1952 599 egredientur
1980 529 2075 584 ha-

471 621 735 675 bitatores
765 616 981 673 urbium
1013 637 1031 671 ι
1068 616 1234 673 Israel
1288 618 1626 675 credentium
1654 618 1836 690 populi
1864 638 1877 689 :
1910 620 2073 675 urbes

472 707 841 765 autemlsrael
883 706 1237 780 intelligimus
1288 708 1563 764 Eeclesias
1605 716 1776 780 recta:
1817 707 1959 763 fidei.
2008 708 2076 762 Et

470 799 820 867 succendent,
846 808 905 856 et
931 798 1256 856 comburent
1290 817 1463 865 arma,
1493 802 1559 857 de
1584 801 1782 871 quibus
1809 809 1863 857 et
1893 802 1945 856 in
1968 802 2075 856 alio

468 888 587 946 loco
615 890 879 961 scriptum
930 897 1056 945 est:
1086 908 1104 941 ι
1163 890 1361 947 Arcum
1409 899 1658 946 conteret
1687 899 1743 947 et
1771 890 2075 963 confringet

469 998 643 1049 arma,
671 992 725 1038 et
750 988 901 1037 scuta
939 981 1223 1039 comburet
1251 982 1359 1056 igni
1404 982 1578 1056 (Psal.
1607 982 1757 1050 xcv),
1788 1001 1807 1037 ι
1855 982 2074 1055 clypeos

467 1083 523 1130 et
548 1075 750 1138 hastas,
768 1088 958 1129 arcum
988 1083 1044 1129 et
1064 1073 1306 1145 sagittas,
1332 1072 1554 1129 baeulos
1577 1071 1634 1126 in
1663 1084 1856 1127 manus
1876 1074 2075 1145 quibus

463 1179 780 1236 perversum
820 1164 1019 1237 pascha
1060 1163 1448 1226 celebrabant;
1486 1162 1709 1219 lanceas
1732 1162 1848 1219 sive
1883 1170 2075 1219 contos

464 1257 663 1327 quibus
683 1257 793 1312 lata
820 1264 877 1313 et
904 1255 1227 1313 insanabilia
1260 1254 1567 1311 inferebant
1608 1254 1835 1309 vulnera
1866 1253 2072 1310 doctri-

465 1364 679 1417 narum,
710 1348 1036 1423 clypeosque
1061 1362 1223 1404 arcus
1252 1354 1309 1401 et
1332 1348 1583 1419 sagittas,
1606 1346 1672 1402 de
1693 1346 1889 1417 quibus
1908 1360 2070 1417 supra

466 1440 671 1495 dictum
701 1439 823 1497 est.
868 1438 1131 1511 Quodque
1176 1438 1457 1509 sequitur:
1487 1458 1505 1490 ι
1548 1439 1615 1494 Et
1652 1440 1984 1495 suceendent
2007 1454 2070 1494 ea

464 1530 575 1616 igni
608 1540 816 1602 septem
846 1531 1003 1587 annis
1029 1549 1043 1597 ;
1074 1550 1092 1582 ι
1127 1531 1190 1587 de
1230 1531 1413 1586 Exodo
1443 1539 1497 1587 et
1527 1529 1771 1586 Levitieo
1798 1545 2074 1600 exponen-

463 1621 590 1675 dum
616 1629 721 1689 est,
752 1622 809 1677 in
838 1621 1039 1692 quibus
1061 1620 1181 1691 lege
1209 1621 1526 1692 praecipitur
1576 1629 1635 1675 ut
1669 1621 1900 1692 septimo
1929 1635 2072 1676 anno

464 1712 822 1779 remissionis,
847 1714 1068 1785 quando
1092 1715 1266 1770 servis
1286 1713 1531 1771 Hebraeis
1551 1714 1777 1772 libertas
1805 1716 2067 1781 redditur,

2180 543 2340 590 terrm
2364 536 2647 606 sepeliant,
2681 554 2749 593 ne
2770 539 2909 595 ultra
2930 541 3081 598 exire
3112 543 3344 611 valeant,
3368 556 3423 602 et
3447 548 3661 619 aliquos
3682 566 3766 607 sua

2176 624 2370 682 fraude
2396 628 2666 699 decipere.
2694 629 2772 685 Ibi
2804 646 2935 703 ergo
2969 634 3303 702 sepeliebant
3330 635 3449 709 Gog
3470 649 3522 693 et
3568 656 3765 698 omnem

2178 718 2580 775 multitudinem
2612 721 2752 793 ejus.
2784 738 2890 793 qua
2920 739 3136 796 semper
3157 727 3395 783 haeretici
3421 728 3763 788 delectantur.

2184 826 2201 858 ς
2235 809 2303 863 Ει
2332 811 2615 866 vocabitur
2644 831 2663 865 ι
2693 828 2888 868 nomen
2918 815 3074 870 va‘llis
3101 816 3262 883 illius,
3303 818 3357 872 in
3396 834 3502 889 qua
3528 804 3659 892 'Gug
3694 839 3770 878 se-

2177 901 2358 972 pultus
2382 910 2486 968 est,
2520 923 2538 955 ι
2569 903 2929 959 multitudinis
2952 921 3039 976 ge,
3066 907 3181 962 sive
3201 908 3529 980 polyandrii,
3558 911 3657 966 hoc
3673 922 3765 978 est,

2175 994 2485 1064 sepulcrum
2532 994 2778 1065 plurima:
2818 995 3180 1051 multitudinis
3205 1017 3217 1051 :
3246 1006 3300 1051 et
3325 1000 3597 1067 quomodo
3616 1016 3768 1071 supra

2176 1084 2414 1140 diximus
2445 1100 2545 1154 per
2571 1094 2778 1157 septem
2811 1102 2980 1142 annos
3010 1089 3448 1145 adversariorum
3477 1108 3628 1147 arma
3656 1110 3768 1149 suc-

2174 1175 2356 1242 cendi,
2379 1177 2459 1231 sic
2480 1192 2578 1247 per
2598 1186 2805 1247 septem
2837 1193 3076 1245 menses,
3118 1182 3367 1235 sordibus
3393 1183 3765 1239 haereticorum

2177 1274 2321 1322 terra
2348 1268 2720 1324 mundabitur.
2775 1268 2817 1324 A
2842 1271 3022 1340 primo
3060 1272 3205 1326 enim
3234 1289 3420 1328 mense
3443 1278 3662 1345 quando
3684 1294 3769 1347 pa-

2175 1358 2305 1413 scha
2329 1358 2542 1414 Domini
2571 1360 2935 1428 celebramus,
2978 1370 3033 1417 et
3082 1364 3567 1421 exterminatorem
3611 1367 3769 1440 Egy-

2172 1449 2250 1517 pti
2296 1450 2417 1522 agni
2458 1450 2511 1504 in
2542 1452 2793 1520 postibus
2827 1452 3035 1508 nostris
3078 1469 3275 1511 cruore
3316 1456 3575 1523 vitamus,
3607 1474 3768 1529 usque

2174 1540 2242 1594 ad
2267 1541 2471 1605 exitum
2515 1542 2665 1609 anni,
2707 1544 2813 1599 hoc
2842 1552 2942 1609 est,
2981 1561 3154 1617 usque
3183 1548 3251 1603 ad
3299 1549 3592 1620 septimum
3623 1566 3766 1606 men-

2174 1647 2313 1699 sem,
2343 1635 2563 1703 quando
2610 1635 2962 1692 tabernacu’la
3003 1637 3240 1709 figimus,
3274 1648 3330 1694 et
3375 1642 3521 1696 inter
3548 1653 3766 1698 caeteras

2174 1720 2395 1779 frondes
2422 1722 2725 1793 palmarum
2754 1741 2971 1796 quoque
2999 1728 3165 1783 ramis
3184 1731 3543 1802 protegimur,
3571 1742 3631 1787 ut
3652 1749 3763 1803 per-

463 1812 521 1859 et
544 1803 723 1861 debita
752 1813 948 1861 cuncta
983 1804 1286 1872 solvuntur,
1319 1814 1374 1860 et
1400 1805 1469 1861 ad
1506 1805 1757 1861 dominos
1800 1806 1943 1862 redit
1965 1822 2062 1861 an-

2172 1814 2313 1870 fecta
2342 1823 2529 1871 contra
2561 1818 2745 1874 hostes
2773 1817 2999 1875 victoria
3020 1820 3426 1878 demonstretur
3451 1823 3765 1883 festivitates

463 1895 612 1967 tiqua
638 1897 933 1968 possessio,
985 1904 1043 1952 et
1075 1897 1233 1967 quies
1274 1904 1433 1953 terra:
1473 1896 1752 1963 tribuitur,
1783 1906 1839 1954 et
1874 1914 2064 1957 omnes

462 1986 643 2059 fruges
670 1988 996 2060 pauperibus
1015 1989 1406 2053 condonantur,
1427 2005 1535 2060 quo
1556 1990 1761 2046 scilicet
1781 1991 1833 2045 in
1860 2002 2066 2062 septem

460 2080 620 2135 annis
661 2095 891 2136 numero
943 2089 1158 2136 sacrato
1203 2090 1367 2151 atque
1396 2080 1637 2149 perfecto
1681 2081 2066 2139 haereticorum

458 2178 739 2225 armatura
765 2170 1058 2241 diSpereat,
1098 2178 1153 2225 et
1182 2168 1540 2225 ecclesiastici
1581 2170 1685 2224 viri
1715 2185 2067 2241 nequaquam

462 2261 607 2331 ligna
645 2260 926 2318 succidant
955 2261 1021 2315 de
1069 2260 1280 2331 campis
1306 2266 1362 2315 et
1410 2259 1741 2331 regionibus,
1792 2256 2066 2332 sylviSque

460 2363 517 2409 et
537 2352 765 2409 saltibus
788 2352 1052 2424 gentium,
1072 2367 1210 2422 quos
1232 2351 1408 2422 magis
1428 2349 1637 2406 salvare
1659 2352 1880 2421 cupiunt
1902 2366 2066 2421 quam

457 2447 689 2516 perdere
715 2465 729 2501 :
757 2448 849 2503 sed
879 2447 947 2503 de
977 2447 1381 2514 haereticorum,
1404 2461 1543 2517 quos
1582 2446 1814 2503 vicerint
1838 2446 2060 2519 clypeis,

460 2541 655 2607 hastis,
681 2540 915 2612 sagittis,
945 2538 1171 2605 baculis,
1200 2540 1482 2609 contisque
1503 2547 1559 2595 et
1603 2539 1824 2596 lanceis.
1854 2538 2067 2598 Habent
2093 2554 2097 2559 '

457 2632 605 2687 enim
626 2642 681 2688 et
707 2631 806 2704 ipsi
832 2632 899 2688 ad
929 2631 1350 2703 impugnandam
1394 2630 1695 2688 Ecclesiam
1726 2630 1928 2688 Christi
1958 2631 2063 2687 tela

459 2724 697 2789 diversa,
728 2738 849 2795 quae
877 2723 946 2779 ab
971 2722 1198 2779 eruditis
1226 2722 1539 2779 hominibus
1582 2723 1706 2793 igne
1735 2724 1909 2779 sancti
1940 2722 2066 2795 Spi-

461 2818 600 2872 ritus
626 2814 1002 2871 succendenda
1043 2823 1193 2885 sunt,
1222 2828 1474 2871 sermone
1517 2814 1765 2871 videlicet
1805 2815 2060 2873 ecclesia-

460 2908 619 2975 stico,
662 2922 822 2978 quem
864 2906 957 2978 qui
1007 2906 1277 2973 habuerit,
1314 2906 1513 2977 poterit
1562 2906 1782 2964 dicere:
1813 2926 1832 2960 ε
1871 2907 2063 2966 Nonne

457 3012 556 3055 cor
591 3006 835 3054 nostrum
865 3004 987 3053 erat
1013 2997 1210 3053 ardens
1236 2996 1291 3051 in
1337 2997 1425 3052 via
1471 3012 1593 3053 cum
1635 2998 1873 3069 aperiret
1905 3000 2063 3056 nobis

456 3088 617 3144 Jesus
665 3086 1062 3158 Seripturas?»
1093 3085 1203 3144 Nec
1248 3101 1539 3159 possumus
1588 3088 1805 3158 plenam
1857 3089 2061 3148 habere

2168 1922 2361 1964 omnes
2386 1907 2724 1979 completnus
2751 1909 2805 1963 in
2854 1910 3088 1981 populis.
3140 1911 3251 1967 Nec
3299 1913 3475 1969 solum
3505 1916 3761 1987 magistri,

2169 2001 2263 2056 sed
2285 2010 2341 2056 et
2365 2001 2542 2056 omnis
2568 2002 2798 2071 pepulus
2826 2002 2930 2057 hoc
2958 2003 3209 2058 certatim
3246 2002 3431 2069 faciet,
3460 2014 3522 2059 ut
3549 2006 3762 2075 sepeliet

2168 2090 2283 2161 Gog
2310 2100 2365 2147 et
2390 2098 2589 2145 terram
2617 2091 2847 2161 operiat,
2878 2101 2932 2146 et
2962 2106 3305 2162 nequaquam
3332 2108 3518 2148 aerem
3545 2094 3762 2149 liberum

2168 2196 2363 2254 capere
2398 2184 2714 2255 permittat:
2746 2185 2872 2241 Post
2916 2202 3105 2243 necem
3136 2197 3317 2243 autem
3346 2195 3399 2243 et
3442 2188 3763 2245 interfectio-

2168 2289 2293 2328 nem
2339 2274 2455 2330 sive
2498 2274 2806 2344 sepulcrum
2854 2274 2993 2346 Gog,
3045 2275 3312 2349 eligentur
3351 2278 3455 2333 viri
3512 2278 3762 2334 ecclesia-

2168 2365 2291 2420 stici
2319 2365 2410 2434 qui
2452 2366 2558 2421 hoc
2601 2367 2839 2421 habeant
2869 2369 3052 2432 studii,
3079 2383 3149 2423 ne
3178 2370 3307 2439 quid
3334 2371 3388 2425 in
3435 2378 3581 2425 terra
3611 2371 3760 2425 lsrael

2167 2460 2387 2509 maneat
2422 2453 2665 2509 sordium
2715 2455 3094 2526 pristinarum,
3149 2472 3215 2513 ne
3240 2457 3371 2527 quid
3398 2459 3759 2522 morticiuum,

2166 2543 2260 2614 qui
2299 2543 2532 2599 lustrent
2575 2552 2797 2610 terram,
2843 2552 2899 2600 et
2941 2547 3222 2616 requirant
3262 2556 3507 2602 mortuos
3544 2556 3761 2618 etsepe—

2165 2633 2301 2689 iiant
2324 2652 2337 2688 :
2361 2642 2423 2690 ut
2445 2633 2697 2690 videlicet
2740 2636 3035 2693 mundetur
3062 2645 3208 2693 terra
3238 2637 3505 2695 ecclesim.
3551 2640 3646 2694 Sin
3673 2655 3761 2693 au-

2164 2732 2275 2779 tem
2300 2739 2401 2795 per
2428 2732 2640 2795 septem
2681 2740 2900 2781 menses
2938 2727 3157 2797 quando
3197 2728 3398 2784 debent
3424 2743 3548 2783 esse
3574 2742 3759 2784 cuneta

2164 2820 2414 2886 purgata,
2447 2814 2502 2869 hi
2524 2815 2616 2885 qui
2648 2822 2849 2870 terram
2878 2826 3193 2888 peragrant,
3223 2826 3385 2888 atque
3428 2818 3759 2874 circumeunt

2165 2905 2221 2960 in
2248 2906 2431 2977 aliquo
2451 2921 2515 2961 os
2535 2906 2791 2973 hominis,
2818 2907 2924 2962 hoc
2950 2916 3036 2963 est
3053 2908 3308 2963 duritiam
3351 2909 3620 2964 haeretica:
3646 2925 3760 2979 pra-

2163 2996 2370 3063 vitatis,
2403 2996 2519 3053 sive
2547 2996 2899 3053 morticinum
2944 2997 3074 3069 quid
3113 2998 3377 3054 doctrina
3416 3000 3661 3069 pristinae
3686 3002 3754 3055 vi-

2164 3087 2345 3145 derint
2374 3088 2723 3156 remansisse,
2775 3097 2980 3159 ponent
3028 3088 3185 3159 juxta
3218 3089 3348 3145 illud
3391 3091 3515 3146 sive
3541 3091 3755 3147 aedifica-

457 3197 648 3252 pacem
694 3190 749 3236 et
801 3179 1155 3237 habitationis
1199 3179 1604 3246 confidentiam,
1650 3180 1754 3235 nisi
1808 3188 2058 3236 cunctam
2087 3182 2133 3245 C
2164 3181 2300 3238 bunt
2330 3179 2585 3235 titulum:
2616 3187 2678 3235 ut
2706 3180 2993 3251 pestquam
3026 3180 3198 3235 notati
3226 3179 3431 3236 fuerint
3461 3183 3554 3252 qui
3583 3182 3755 3254 hujus-

460 3271 896 3328 adversariornm
963 3269 1350 3342 supellectilem
1400 3269 1813 3340 depraedemur,
1868 3278 1927 3325 ut
1968 3286 2064 3342 pe-

462 3372 624 3418 reant
651 3362 834 3418 omnia
856 3372 910 3417 et
942 3362 996 3417 in
1037 3361 1279 3417 cinerem
1308 3371 1749 3429 concrementur,
1774 3371 1831 3419 et
1858 3363 2065 3433 deprae-

456 3453 655 3508 demur
673 3466 791 3519 eos,
818 3451 910 3521 qui
933 3466 1033 3506 nos
1056 3450 1270 3506 fuerant
1288 3459 1413 3505 ante
1438 3450 1686 3520 praedati,
1716 3460 1769 3507 et
1792 3460 2063 3507 vastemns

460 3542 581 3599 illos
607 3544 699 3613 qui
728 3549 1079 3599 vastaverunt
1127 3540 1278 3611 prius
1303 3540 1625 3597 Ecclesiam.
1657 3561 1675 3593 ‹
1712 3542 1768 3596 1η
1793 3543 1881 3597 die
1902 3542 2014 3607 illa,
2036 3563 2055 3595 ι

460 3635 519 3689 in
561 3633 710 3690 claro
755 3632 1159 3705 praedicationis
1191 3630 1414 3698 lumine,
1449 3650 1467 3682 ι
1496 3631 1654 3695 dabo,
1699 3633 1895 3702 inquit,
1946 3632 2062 3702 Gog

461 3727 641 3784 locum
698 3726 1036 3783 nominatum
1109 3723 1417 3795 sepulcrum
1489 3725 1542 3779 in
1601 3724 1785 3781 Israel.
1827 3746 1845 3778 ι
1897 3724 2062 3780 Juxta

465 3818 812 3884 Hebraicum,
842 3837 860 3870 ι
891 3815 1085 3873 vallem
1117 3816 1387 3872 viatorum
1423 3836 1440 3867 ι
1476 3816 1542 3870 ad
1568 3816 1835 3871 orientem
1873 3819 2055 3881 maris,

468 3928 489 3962 ε
511 3924 631 3981 quas
667 3910 1053 3977 obstupescere
1082 3905 1211 3961 facit
1249 3913 1658 3976 praetereuntes.
1685 3925 1702 3955 ι
1746 3904 1910 3976 Cujus
1949 3921 2061 3961 ser-

460 4000 641 4059 monis
683 4000 774 4055 bic
814 4014 1009 4054 sensus
1036 4006 1157 4053 est:
1192 3995 1547 4065 Sepulchrum
1581 3993 1695 4065 Gog
1737 4011 1845 4050 non
1874 3996 1978 4049 erit
2006 3996 2057 4050 in

462 4086 760 4156 montibus,
787 4089 882 4145 sed
910 4089 967 4143 in
1005 4087 1276 4158 depressis
1296 4086 1526 4140 vallibus
1552 4094 1607 4140 et
1636 4086 1688 4139 in
1728 4085 2061 4157 confragosis

464 4183 622 4248 locis,
647 4197 770 4252 quae
821 4180 1075 4237 hebraice
1125 4179 1464 4249 appellantur
1516 4176 1614 4241 Ge,
1672 4193 1791 4248 quae
1818 4178 2058 4233 haeretici

461 4286 587 4325 eum
618 4271 670 4325 in
698 4269 980 4326 occidente
1008 4268 1096 4324 siti
1142 4268 1369 4323 orientis
1412 4267 1529 4323 loca
1559 4283 1678 4323 esse
1719 4267 2057 4339 confingunt,

465 4370 523 4415 ut
572 4359 845 4431 decipiant
886 4359 1149 4423 viatores,
1203 4373 1297 4413 eos
1348 4357 1615 4421 videlicet,
1667 4360 1756 4427 qui
1802 4358 2058 4413 sarculum

462 4450 607 4505 istud
646 4458 1044 4521 pertranseunt,
1077 4456 1132 4504 et
1158 4462 1265 4503 non
1304 4457 1430 4503 sunt
1462 4448 1814 4514 habitatores,
1846 4449 1940 4504 sed
1964 4462 2058 4517 pe-

464 4542 690 4613 regrini,
723 4541 966 4596 dicentes
994 4539 1124 4595 illud
1170 4539 1576 4610 propheticum:
1616 4557 1633 4589 ι
1672 4537 1891 4594 Advena
1934 4555 2055 4595 sum
2082 4526 2135 4585 ἶ)

458 4653 561 4709 ego
608 4646 664 4692 et
713 4636 1029 4708 peregrinus
1076 4634 1219 4690 sicut
1276 4649 1465 4690 omnes
1494 4642 1678 4703 patres
1730 4634 1835 4688 mei
1880 4632 2052 4706 (Psal.

462 4730 712 4804 xxxvm).
744 4750 763 4784 ι
795 4731 926 4799 Quis
951 4730 1093 4785 enim
1118 4729 1578 4799 praetereuntium,
1607 4728 1673 4783 de
1699 4726 1895 4796 quibus
1921 4728 2055 4783 scri-

462 4835 612 4896 ptum
638 4834 758 4881 est;
796 4843 814 4875 ι
850 4823 919 4879 Et
938 4838 1044 4878 non
1075 4823 1329 4878 dixerunt
1368 4822 1459 4891 qui
1485 4820 1857 4891 praeteribant,
1886 4820 2056 4876 Bene-

463 4918 628 4972 dictio
668 4915 883 4973 Domini
936 4929 1097 4985 super
1133 4929 1229 4970 vos
1256 4911 1429 4985 (Psal.
1472 4914 1725 4984 cxxvm),
1757 4932 1774 4964 ι
1806 4929 1913 4968 ιιοη
1959 4914 2054 4968 ad-

463 5009 693 5063 miratur
719 5016 776 5062 et
795 5006 1128 5077 obstupescit
1161 5019 1286 5060 cum
1313 5004 1507 5060 vallem
1536 5004 1733 5058 viderit
1761 5004 2049 5066 viatorum,

465 5113 584 5169 qua:
612 5096 913 5153 viatoribus
959 5096 1114 5151 vallis
1162 5094 1562 5151 habitatoribus
1619 5109 1777 5150 mons
1805 5094 2053 5149 videtur?

465 5192 569 5247 hoc
590 5190 740 5263 juxta
790 5190 1135 5247 Hebraieum.
1188 5188 1455 5245 Caeterum
1492 5188 1843 5261 Septuaginta
1873 5197 2047 5244 trans-

466 5282 705 5338 tulerunt
737 5300 756 5335 ο
782 5281 1130 5354 polyandn‘on
1156 5295 1343 5337 eorum
1382 5280 1474 5350 qui
1501 5281 1746 5336 venerint
1771 5284 1837 5335 ad
1879 5294 2050 5346 mare,

465 5383 520 5431 et
571 5374 913 5431 aedificabunt
958 5374 1011 5428 in
1042 5373 1271 5429 circuitu
1316 5373 1599 5428 introitum
1621 5373 1795 5427 vallis.
1830 5392 1848 5425 ›
1876 5373 2054 5428 Labor

464 5465 610 5522 enim
644 5474 729 5522 est
759 5479 949 5521 eorum
983 5466 1075 5535 qui
1124 5462 1475 5536 egrediuntur
1503 5464 1570 5518 de
1605 5462 1829 5520 urbibus
1864 5462 2050 5531 Israel,

466 5568 759 5613 utomnem
789 5558 1066 5614 introitum
1100 5566 1155 5614 et
1195 5558 1399 5612 exitum
1450 5558 1719 5614 haeretica:
1747 5558 2057 5629 pravitatis,

466 5649 557 5718 qui
587 5658 849 5705 venerant
894 5664 925 5703 a
956 5662 1107 5704 mare
1156 5656 1211 5703 et
1238 5648 1595 5703 amaritudine
1642 5648 1785 5704 illius
1816 5649 2051 5705 delecta-

470 5737 686 5804 bantur,
709 5738 1085 5810 undarumque
1114 5736 1342 5792 molibus
1369 5747 1423 5792 et
1446 5737 1761 5793 crudelitate
1786 5738 2053 5812 naufragii

2166 3272 2378 3329 cemodi
2407 3281 2557 3338 sunt,
2604 3280 2735 3327 tunc
2762 3272 2848 3327 vel
2887 3273 3254 3328 emundentur
3301 3272 3384 3329 vel
3431 3275 3755 3344 sepeliantur

2165 3377 2287 3420 cum
2314 3361 2452 3433 Gog,
2478 3371 2535 3417 et
2562 3362 2615 3416 in
2665 3361 2823 3417 turba
2869 3361 3162 3431 sepultura:
3208 3361 3352 3418 illius
3391 3373 3751 3419 retruuantur.

2164 3450 2373 3507 Nomen
2399 3461 2578 3507 autem
2606 3450 2843 3506 civitatis
2868 3450 2958 3506 ubi
2983 3465 3262 3507 servorum
3292 3452 3507 3508 Domini
3537 3453 3753 3509 victoria

2165 3550 2270 3608 est,
2296 3550 2352 3597 et
2382 3542 2567 3613 jacent
2601 3541 2927 3608 adversarii,
2967 3551 3022 3597 et
3041 3542 3222 3597 omnis
3263 3543 3608 3600 inimicorum
3644 3542 3754 3615 ejus

2164 3634 2454 3690 multitudo
2480 3632 2753 3705 prostrata
2782 3643 2886 3699 est,
2930 3634 3230 3705 appellatur
3255 3635 3466 3690 Amona
3506 3638 3623 3692 sive
3661 3636 3753 3691 Pu-

2163 3724 2455 3791 liandrion,
2502 3733 2562 3779 ut
2607 3724 2730 3780 finis
2772 3724 3015 3780 omnium
3067 3725 3339 3779 restitutio
3369 3724 3623 3795 puritatis
3668 3725 3748 3780 sit.

2163 3818 2405 3886 Denique
2450 3816 2734 3886 sequitur:
2772 3837 2789 3868 ι
2838 3817 2905 3871 Et
2934 3817 3271 3872 mundabunt
3300 3826 3527 3872 terram.
3554 3837 3573 3869 ι
3608 3817 3750 3873 Haud

2163 3910 2383 3964 dubium
2407 3909 2535 3979 quin
2560 3909 2615 3963 hi
2643 3909 2710 3964 de
2735 3908 2933 3979 quibus
2957 3925 3118 3980 supra
3148 3910 3410 3979 scriptum
3434 3920 3548 3965 est:
3574 3930 3592 3960 ς
3616 3926 3752 3981 qum-

2162 4015 2284 4055 rere
2323 4000 2602 4070 incipient,
2634 4008 2690 4056 et
2727 4000 3091 4056 circumibunt
3132 4011 3488 4073 peragrantes
3533 4012 3746 4058 terram.

2163 4090 2452 4161 (Mannum)
2481 4091 2539 4145 In
2583 4090 2901 4163 Apocalypsi
2944 4106 3159 4162 quoque
3202 4092 3425 4148 Joannis
3452 4093 3638 4166 (Apoc.
3663 4096 3749 4148 xxi

2160 4196 2282 4234 cum
2313 4180 2383 4237 ibi
2420 4190 2939 4236 commemoraretur
2967 4182 3142 4253 angeli
3186 4184 3488 4249 descensio,
3529 4186 3596 4240 de
3620 4184 3750 4240 cmi.»

2160 4275 2250 4344 qui
2282 4274 2577 4343 eaptivavit
2624 4274 2913 4330 draconem
2964 4284 3271 4345 serpentem
3316 4276 3623 4346 antiquum,
3664 4279 3749 4346 qui

2159 4376 2244 4421 est
2287 4365 2533 4420 diabolus
2561 4375 2617 4421 et
2657 4375 2899 4431 satanas,
2951 4376 3006 4421 et
3050 4366 3236 4438 ligavit
3284 4382 3409 4422 eum
3444 4383 3544 4440 per
3586 4385 3749 4424 annos

2160 4460 2323 4515 mille.
2361 4460 2553 4515 Postea
2587 4460 2830 4530 sequitur
2882 4459 3188 4530 Scriptura,
3231 4461 3454 4516 dicens:
3492 4478 3511 4511 ι
3544 4461 3610 4516 Et
3633 4477 3745 4515 cum

2162 4552 2520 4606 consummati
2559 4550 2758 4606 fuerint
2785 4550 2929 4605 mille
2971 4551 3118 4612 anni,
3151 4551 3388 4606 solvetur
3431 4551 3662 4607 Satanas
3689 4554 3747 4605 de

2163 4654 2382 4696 carcere
2421 4655 2540 4702 suo,
2590 4647 2645 4693 et
2682 4639 2850 4693 exibit
2892 4647 2947 4693 et
2985 4639 3205 4695 seducet
3246 4650 3436 4709 gentes
3471 4657 3590 4711 qua:
3631 4650 3748 4695 sunt

2162 4750 2327 4805 super
2361 4740 2594 4803 quatuor
2616 4732 2840 4803 angulos
2863 4742 3045 4797 terrae,
3073 4731 3189 4804 Gog
3211 4743 3266 4787 et
3302 4732 3515 4804 Magog,
3543 4743 3597 4788 et
3620 4748 3748 4789 ceno

2160 4825 2407 4897 gregabit
2431 4839 2524 4879 eos
2553 4824 2607 4878 in
2651 4823 2913 4892 praelium,
2959 4838 3189 4893 quorum
3221 4838 3484 4879 numerus
3507 4836 3591 4879 est
3615 4825 3749 4879 sicut

2161 4932 2325 4971 arena
2352 4915 2536 4970 maris.
2567 4914 2633 4969 Et
2677 4914 3041 4970 ascenderunt
3080 4928 3242 4983 super
3266 4913 3607 4968 latitudinem
3638 4921 3745 4966 ter-

2161 5021 2254 5061 rze.
2285 5012 2340 5059 et
2363 5003 2696 5059 circuierunt
2720 5010 2899 5057 castra
2946 5010 3259 5058 sanctorum
3286 5010 3344 5056 et
3366 5002 3644 5058 civitatem
3669 5001 3742 5053 di-

2160 5093 2375 5154 lectam,
2403 5101 2457 5148 et
2481 5090 2759 5149 descendit
2785 5085 2925 5163 ignis
2946 5108 2975 5147 a
3004 5094 3114 5147 Deo
3139 5092 3203 5147 de
3231 5091 3372 5149 etelo
3394 5103 3453 5148 et
3473 5092 3739 5150 devoravit

2158 5200 2270 5241 eos.
2320 5184 2386 5238 Et
2412 5183 2680 5247 diabolus,
2729 5183 2819 5253 qui
2860 5182 3151 5239 sedueebat
3188 5198 3300 5247 eos,
3351 5185 3552 5239 missus
3586 5191 3666 5238 est
3691 5183 3736 5233 in

2140 5284 2409 5346 stagnum
2435 5273 2574 5346 ignis
2597 5282 2652 5327 et
2672 5272 2966 5342 sulphuris,
2995 5271 3087 5328 ubi
3125 5281 3208 5328 est
3235 5272 3409 5333 bestia
3437 5283 3495 5328 et
3513 5271 3731 5344 pseudo-

2156 5368 2451 5437 prophetae,
2500 5376 2556 5421 et
2600 5365 2986 5421 crueiabuntur
3012 5363 3100 5419 die
3144 5378 3210 5419 ac
3252 5371 3413 5420 nocte
3452 5364 3506 5418 in
3549 5360 3727 5419 secula

2156 5457 2497 5513 surculorum.
2523 5476 2541 5510 ι
2563 5455 2731 5528 (Beda
2752 5456 2808 5511 in
2830 5454 3015 5526 Apoc.)
3035 5454 3291 5510 Diabolus
3310 5456 3556 5511 deorsum
3572 5454 3724 5522 ﬂuam

2155 5547 2558 5615 interpretatur,
2600 5544 2788 5620 Grmce
2814 5554 2995 5600 autem
3046 5544 3357 5599 criminator
3401 5542 3610 5601 dicitur.
3635 5537 3721 5594 Sa-

2157 5647 2273 5703 tan,
2302 5636 2630 5693 adversarius
2659 5637 2775 5691 sive
2816 5636 3211 5706 praevaricator.
3246 5634 3422 5689 Draco
3467 5648 3586 5704 ergo
3606 5641 3718 5699 pro-

2156 5738 2275 5802 pter
2298 5730 2523 5785 nocendi
2548 5728 2829 5792 malitiam,
2854 5741 3078 5799 serpens
3101 5733 3324 5798 propter
3350 5724 3563 5782 falleudi
3584 5729 3705 5775 asta-
