3936 6356
179 385 279 441 877

1107 375 1459 434 COMMENT.
1501 374 1564 428 IN
1602 373 2051 429 EZECIIIELEM.
2096 406 2160 413 -—
2201 373 2324 428 LIB.
2372 372 2500 428 X‘III.

3325 372 3426 430 878

173 492 325 554 tiam,
358 488 601 544 diabolus
631 493 849 557 propter
874 494 1046 542 status
1074 487 1154 541 sui
1181 501 1388 550 casum,
1431 483 1596 538 Satan
1625 498 1748 553 prc-
1785 495 1827 548 Α
1864 502 1880 534 ι
1912 484 2221 546 comedetis,
2254 493 2308 538 et
2336 485 2650 554 sanguinem
2693 484 2995 554 principum
3032 491 3187 553 terrae
3215 486 3422 547 bibetiS,

169 591 294 651 pter
320 579 738 636 obstinationem
781 578 1007 633 Domino
1053 576 1371 632 adversandi
1421 575 1749 630 nominatur.

175 691 196 724 ι
225 673 293 726 Et
312 672 480 743 ligant
504 686 626 725 eum
652 685 748 740 per
787 685 958 724 annos
1001 667 1166 724 mille.
1193 687 1211 721 ι
1249 667 1304 722 Id
1331 676 1434 731 est,
1462 667 1579 736 ejus
1603 674 1754 735 pete-

168 771 366 817 statcm
395 779 425 815 a
451 761 768 816 seducendis
793 759 1120 823 hominibus,
1144 759 1235 827 qui
1259 757 1517 811 liberandi
1542 754 1754 809 fuerant

167 854 433 910 cohibens
464 851 774 916 refrenavit,
803 867 963 920 quam
986 850 1030 905 si
1058 858 1222 904 totam
1243 849 1296 903 vi
1321 848 1405 903 vel
1432 848 1619 902 fraude
1639 861 1755 916 per-

168 946 480 999 mitteretur
516 958 741 998 exerere
781 943 831 996 in
865 950 971 995 tam
1001 941 1158 1009 longo
1207 949 1446 1008 tempore
1496 937 1754 1007 plurimos

168 1036 511 1090 infirmorum
540 1035 830 1104 deciperet.
877 1032 1018 1087 Mille
1063 1046 1233 1085 annos
1274 1030 1410 1084 dixit
1441 1038 1670 1097 partem,
1697 1027 1754 1081 id

164 1137 273 1191 est,
304 1127 559 1195 reliquias
583 1124 728 1178 mille
756 1138 1017 1177 annorum
1044 1122 1182 1176 sexti
1230 1120 1334 1174 diei
1383 1119 1436 1172 in
1464 1133 1570 1185 quo
1597 1123 1754 1170 natus

163 1228 252 1271 est
277 1216 533 1270 Dominus
561 1221 616 1268 et
640 1227 852 1283 pagus.
876 1230 894 1262 ‹
933 1211 998 1264 Et
1020 1224 1144 1263 eum
1171 1205 1527 1262 consummati
1555 1203 1756 1258 fuerint

165 1309 317 1362 mille
346 1307 497 1368 anni,
522 1304 758 1361 solvetur
803 1302 1037 1357 Satanas
1065 1301 1131 1356 de
1158 1313 1377 1354 carcere
1415 1312 1532 1352 suo.
1559 1316 1577 1348 ι
1620 1294 1754 1350 Con-

163 1407 466 1453 summates
505 1396 639 1450 dixit
663 1410 693 1447 a
723 1403 834 1448 toto
861 1399 1086 1462 partem.
1135 1389 1268 1442 Nam
1297 1389 1377 1443 sic
1413 1386 1671 1449 solvetur,
1695 1391 1755 1438 ut

165 1490 440 1560 supersint
472 1489 593 1542 anni
625 1496 734 1541 tres
780 1495 835 1540 et.
878 1497 1092 1538 menses
1139 1495 1231 1536 sex
1276 1477 1551 1533 novissimi
1581 1484 1757 1531 certa-

166 1585 350 1638 minis.
379 1582 484 1636 Sed
513 1589 708 1649 praeter
733 1580 876 1634 hunc
915 1585 1128 1643 tropum
1157 1581 1304 1627 recte
1330 1571 1526 1626 dicitur
1546 1568 1753 1622 finitum

170 1687 404 1743 tempus.
438 1671 555 1727 Non
607 1671 750 1725 enim
803 1664 1176 1736 computanda:
1221 1669 1346 1717 sunt
1393 1669 1502 1715 tam
1545 1659 1754 1728 exiguae

167 1765 412 1833 reliquiae
436 1777 557 1817 cum
581 1757 926 1830 septingenti,
956 1764 1011 1810 et
1035 1770 1127 1824 qui
1156 1753 1177 1774 “
1203 1753 1342 1808 Deus
1369 1748 1597 1806 voluerit
1622 1747 1748 1803 anni

165 1827 306 1910 hora
335 1855 402 1908 ad
441 1827 700 1922 Apostolo
749 1827 995 1918 appellati
1043 1851 1188 1900 sunt.
1218 1861 1233 1893 ι
1267 1841 1335 1894 Et
1379 1839 1547 1894 exibit
1587 1846 1642 1892 et
1668 1851 1755 1892 se-
1785 1827 1832 1886 B

164 1947 329 2000 ducet
358 1953 561 2014 gentes.
583 1955 702 2010 quze
728 1946 857 1992 sunt
881 1950 1041 2004 super
1078 1941 1312 2002 quatuor
1339 1927 1562 1997 angulos
1596 1934 1758 1979 terra;

163 2035 283 2105 Gog
314 2013 598 2102 etMagog,
642 2036 695 2082 et
735 2024 1081 2095 congregabit
1119 2036 1213 2075 eos
1253 2020 1305 2073 in
1332 2016 1595 2088 praelium.
1621 2033 1639 2066 ι
1673 2013 1756 2067 Ad

165 2126 271 2178 hoc
297 2131 424 2175 tunc
461 2120 701 2182 seducet,
727 2116 861 2169 utin
886 2115 989 2167 hoc
1011 2109 1254 2180 praelium
1277 2112 1566 2175 congre'get
1589 2121 1601 2155 :
1632 2117 1755 2156 nam

165 2222 221 2267 et
257 2221 415 2265 antea
467 2209 639 2263 modis
687 2206 880 2274 quibus
927 2209 1138 2273 poterat
1171 2214 1269 2269 per
1316 2196 1456 2250 mala
1503 2192 1670 2248 multa
1701 2202 1756 2244 et

164 2302 320 2355 varia
356 2297 664 2353 seducebat.
703 2296 884 2349 Exibit
905 2293 1051 2347 enim
1087 2291 1289 2344 dictum
1320 2293 1404 2341 est
1428 2285 1481 2338 in
1511 2290 1754 2353 apertam

165 2388 616 2462 persecutionem,
645 2385 710 2439 de
748 2381 970 2437 latebris
1001 2385 1247 2446 erumpet
1274 2376 1518 2430 odiorum
1549 2389 1560 2424 :
1591 2383 1754 2440 porro

165 2459 283 2548 Cog
314 2487 369 2534 et
396 2478 582 2544 Magog
605 2473 689 2528 vel
717 2489 744 2526 a
771 2481 922 2541 parte
954 2477 1121 2524 totum
1149 2465 1478 2537 significant.
1505 2459 1758 2527 veljuxta

171 2565 676 2636 interpretationem
707 2561 1003 2620 nominum,
1044 2571 1165 2626 quae
1209 2562 1408 2609 tectum
1440 2559 1496 2606 et
1521 2551 1585 2604 de
1617 2556 1760 2602 tecto

165 2662 442 2722 dicuntur,
470 2653 714 2710 occultos
755 2660 808 2706 et
832 2657 1048 2718 apertos
1069 2646 1315 2713 judicant
1346 2644 1567 2697 hostes:
1605 2647 1656 2692 et
1685 2646 1761 2691 te-

167 2759 316 2805 ctum
354 2748 496 2801 enim
536 2745 636 2814 ipsi
683 2751 825 2804 sunt,
876 2739 1002 2808 quia
1039 2739 1092 2791 in
1129 2737 1210 2790 eis
1252 2748 1396 2788 nune
1439 2730 1674 2786 cluditur
1706 2737 1764 2782 et

168 2841 373 2909 tegitur
401 2835 688 2890 inimicus:
742 2840 798 2884 et
841 2829 905 2883 de
952 2834 1096 2881 tecto
1145 2825 1244 2894 ipsi
1276 2831 1434 2877 erunt
1462 2819 1674 2890 quando
1706 2818 1761 2870 in

168 2939 420 3002 apertum
443 2926 625 2981 odium
645 2919 885 2989 erupturi
911 2924 1054 2972 sunt.
1079 2935 1096 2966 ί
1126 2914 1194 2968 Et
1216 2912 1577 2968 ascenderunt
1601 2923 1763 2977 super

168 3019 508 3076 latitudinem
541 3022 700 3068 terrae
737 3017 792 3063 et
822 3006 1211 3062 circumierunt
1243 3013 1420 3057 castra
1451 3007 1760 3055 sanctorum

168 3118 227 3166 et
248 3108 522 3163 civitatem
552 3101 816 3157 dilectam.
839 3117 858 3149 ›
909 3094 1024 3150 Νοη
1052 3094 1237 3161 utique
1283 3091 1348 3146 ad
1391 3105 1556 3143 unum
1582 3087 1758 3141 locum

1861 595 1880 626 ι
1910 577 2156 641 arietum,
2181 591 2442 646 agnorum
2482 585 2536 631 et
2580 575 2851 630 hircorum
2899 584 3284 648 taurorumque
3310 578 3434 634 alti-

1862 686 1880 719 c
1907 667 2036 721 lium
2065 677 2120 721 et
2148 668 2426 739 pinguium
2463 667 2727 722 omnium.
2777 668 2843 722 Et
2888 669 3183 725 comedetis
3218 671 3430 740 adipem

1861 778 1879 810 ι
1908 759 1960 814 in
1988 759 2345 825 saturitatem,
2376 768 2432 815 et
2461 760 2655 814 bibetis
2694 761 3005 831 sanguinem
3033 762 3085 817 in
3111 762 3436 820 ebrietatem

1862 873 1880 906 ί
1912 855 1979 910 de
1998 855 2235 917 victima,
2260 868 2420 924 quam
2456 869 2557 925 ego
2593 853 2882 910 immolabo
2906 855 3089 910 vobis.
3123 855 3191 909 Et
3227 863 3436 910 satura—

1861 961 1878 992 ι
1907 941 2096 996 bimini
2125 956 2285 1011 super
2309 957 2552 997 mensam
2583 957 2782 1008 meam,
2814 944 2879 998 de
2914 957 3052 1014 equo
3083 951 3140 999 et
3166 945 3233 1000 de
3256 946 3438 1014 equite

1861 1049 1879 1081 ι
1911 1030 2057 1095 forti,
2075 1038 2130 1084 et
2150 1031 2215 1086 de
2237 1032 2504 1087 universis
2522 1033 2655 1088 viris
2684 1033 3052 1102 bellatoribus,
3079 1035 3155 1090 ait
3174 1036 3433 1093 Dominus

1860 1140 1879 1172 ‹
1909 1122 2069 1176 Deus.
2101 1122 2160 1174 Et
2187 1138 2380 1190 ponam
2406 1121 2628 1191 gloriam
2671 1139 2848 1178 meam
2893 1124 2949 1178 in
2985 1125 3250 1194 gentibus,
3278 1134 3332 1181 et
3357 1127 3437 1181 vi-

1861 1229 1879 1260 ε
1908 1211 2109 1264 debunt
2159 1226 2346 1266 omnes
2396 1222 2581 1280 gentes
2623 1212 2885 1280 judicium
2924 1230 3128 1282 meum,
3177 1218 3321 1286 quod
3361 1216 3440 1272 fe-

1860 1319 1878 1350 α
1910 1300 2097 1364 cerim,
2121 1309 2174 1354 et
2202 1315 2416 1356 manum
2445 1318 2640 1368 meam,
2663 1321 2824 1374 quam
2847 1307 3120 1374 posuerim
3141 1323 3304 1376 super
3323 1323 3436 1363 eos.

1860 1409 1878 1441 ‹
1908 1391 1973 1444 Et
1998 1392 2172 1445 scient
2202 1393 2391 1446 domus
2421 1393 2605 1458 Israel,
2628 1395 2753 1462 quia
2776 1411 2875 1467 ego
2899 1397 3155 1452 Dominus
3184 1399 3325 1452 Deus
3348 1412 3439 1454 eo-

1859 1501 1877 1533 ‹
1907 1498 2024 1537 rum
2046 1498 2075 1536 a
2105 1483 2188 1538 die
2212 1483 2299 1537 illa
2320 1491 2372 1538 et
2401 1485 2676 1555 deinceps,
2709 1495 2764 1540 et
2786 1487 2957 1540 scient
2981 1500 3166 1558 gentes
3187 1487 3440 1557 quoniam

1859 1592 1878 1625 ι
1910 1573 1962 1628 in
1998 1574 2278 1643 iniquitate
2319 1591 2417 1630 sua
2447 1585 2601 1646 capta
2646 1577 2718 1631 sit
2759 1578 2951 1633 domus
2979 1579 3161 1645 Israel,
3207 1595 3271 1634 eo
3297 1581 3440 1649 quod

1860 1682 1879 1714 ‹
1911 1665 2310 1734 dereliquemnt
2333 1681 2442 1730 me,
2465 1675 2520 1721 et
2547 1668 2922 1722 absconderim
2950 1668 3144 1724 faciem
3169 1685 3341 1725 meam
3371 1671 3442 1726 ab

1863 1773 1882 1805 ι
1909 1755 2030 1817 illis,
2069 1763 2123 1810 et
2162 1756 2476 1811 tradiderim
2517 1773 2610 1812 eos
2640 1759 2690 1812 in
2721 1775 2882 1813 manu
2918 1760 3176 1826 hostium,
3215 1770 3271 1817 et
3297 1761 3443 1816 ccci-

1866 1865 1884 1895 ι
1916 1846 2094 1900 derint
2130 1846 2183 1899 in
2215 1846 2391 1916 gladio
2420 1846 2677 1903 universi.
2724 1848 2883 1903 Juxta
2932 1850 3326 1905 immunditiam
3352 1866 3444 1906 eo-

1866 1955 1884 1987 ί
1917 1951 2035 1989 rum
2065 1945 2120 1990 et
2145 1937 2320 1991 scelus
2341 1935 2443 1992 feci
2469 1937 2567 2001 eis,
2595 1946 2648 1992 et
2672 1940 2926 1994 abscondi
2955 1938 3145 1995 faciem
3172 1955 3346 1996 meam
3375 1944 3444 1996 ab

1865 2042 1884 2074 ι
1914 2024 2037 2079 illis.
2067 2024 2357 2094 Propterea
2387 2025 2501 2081 hzec
2530 2027 2659 2081 dicit
2691 2027 2947 2082 Dominus
2981 2028 3157 2084 Deus:
3182 2027 3334 2086 Nunc
3361 2045 3446 2085 re-

1866 2132 1884 2165 (
1915 2115 2104 2169 ducam
2143 2116 2505 2184 captivitatem
2533 2114 2722 2181 Jacob,
2753 2126 2807 2172 et
2853 2118 3150 2173 miserebor
3178 2121 3324 2174 omni
3351 2120 3443 2175 do-

1864 2224 1881 2254 ι
1913 2205 2019 2258 mui
2047 2204 2230 2259 Israel.
2260 2206 2326 2258 Et
2365 2221 2634 2260 assumam
2682 2207 2858 2260 zelum
2885 2222 2982 2275 pro
3011 2208 3227 2262 nomine
3255 2217 3443 2263 sancto

1868 2313 1885 2344 ‹
1913 2309 2054 2356 meo,
2101 2302 2157 2349 et
2205 2296 2499 2364 portabunt
2552 2295 2923 2350 confusionem
2972 2311 3124 2351 suam
3154 2304 3208 2350 et
3231 2312 3444 2352 omnem

1869 2402 1885 2434 ‹
1915 2384 2440 2452 praevaricationem,
2491 2400 2652 2454 quam
2700 2387 3036 2455 prmvarieati
3086 2397 3212 2444 sunt
3255 2390 3308 2444 in
3337 2406 3446 2451 me.

1865 2493 1884 2524 ι
1913 2489 2035 2527 cum
2063 2474 2426 2529 habitaverint
2449 2476 2502 2528 in
2533 2485 2676 2530 terra
2705 2492 2798 2530 sua
2829 2477 3165 2534 confidenter
3178 2481 3447 2536 neminem

1867 2582 1885 2613 ε
1914 2561 2288 2629 formidantes,
2321 2573 2375 2617 et
2402 2564 2667 2619 reduxere
2692 2579 2786 2620 eos
2812 2567 2877 2620 de
2899 2567 3128 2636 populis,
3148 2576 3203 2624 et
3226 2583 3448 2639 congreo

1868 2671 1886 2704 ι
1915 2668 2115 2725 gavero
2145 2653 2212 2707 de
2242 2653 2403 2709 terris
2448 2653 2788 2710 inimicorum
2828 2670 3073 2722 suorum,
3113 2665 3168 2712 et
3213 2653 3450 2714 sanctifi-

1870 2761 1890 2795 ι
1917 2753 2069 2799 catus
2103 2742 2257 2800 fuero
2282 2743 2336 2796 in
2366 2744 2446 2798 eis
2477 2745 2530 2797 in
2564 2745 2739 2799 oculis
2785 2746 3024 2816 gentium
3065 2747 3439 2816 plurimarum.

1868 2853 1886 2886 ι
1918 2835 1986 2888 Et
2023 2835 2197 2890 scient
2227 2834 2354 2904 quia
2385 2847 2486 2904 ego
2512 2834 2772 2890 Dominus
2793 2835 2935 2891 Deus
2962 2851 3170 2902 eorum,
3203 2853 3271 2894 eo
3301 2838 3442 2908 quo'l

1869 2942 1888 2974 ι
1925 2925 2295 2979 transtulerint
2327 2939 2422 2980 eos
2451 2925 2504 2979 in
2551 2925 2821 2993 nationes,
2852 2936 2908 2982 et
2934 2943 3331 3000 congregavero
3356 2946 3452 2983 eos

1867 3033 1885 3064 ι
1916 3009 2087 3084 super'
2101 3025 2303 3072 terram
2325 3031 2499 3081 suam,
2522 3025 2577 3070 et
2596 3031 2703 3072 non
2724 3016 3100 3087 dereliquerim
3125 3033 3442 3088 quemquam

1870 3124 1889 3156 ‹
1911 3119 1988 3160 ex
2015 3105 2094 3160 eis
2130 3106 2224 3160 ibi.
2251 3107 2320 3160 Et
2348 3121 2454 3160 non
2485 3106 2812 3162 abscondam
2849 3108 2992 3162 ultra
3036 3107 3224 3162 faciem
3272 3122 3449 3162 meam

170 3201 385 3255 venisse
422 3196 505 3252 vel
543 3193 754 3248 venturi
800 3205 920 3246 esse
963 3185 1250 3258 signiﬁcati
1291 3191 1440 3249 sunt,
1470 3181 1624 3252 quasi
1652 3194 1762 3235 uno
1788 3169 1832 3231 C
1869 3213 1888 3246 ι
1915 3194 1984 3250 ab
2012 3196 2109 3258 eis,
2158 3211 2223 3250 eo
2262 3196 2404 3266 quod
2449 3192 2729 3249 επυάειίω
2776 3195 3025 3264 spiritum
3066 3210 3244 3249 meum
3287 3208 3450 3265 super

169 3293 354 3363 aliquo
381 3290 498 3344 loco
519 3283 836 3342 coarctanda
862 3281 931 3336 sit
970 3279 1164 3334 dilecta
1203 3277 1416 3339 civitas,
1443 3275 1496 3328 id
1521 3281 1625 3336 est,
1656 3271 1758 3326 Ec-

171 3385 358 3450 clesia,
388 3381 517 3451 quin
547 3377 726 3448 potius
765 3373 983 3428 nomine
1026 3368 1328 3424 latitudinis
1357 3375 1515 3420 terra:
1553 3364 1607 3418 in
1639 3377 1757 3416 om-

171 3475 336 3532 nibus
362 3479 488 3525 tune
513 3466 761 3538 gentibus
787 3462 1235 3533 persequendam,
1277 3463 1338 3510 et
1382 3470 1483 3509 nec
1510 3451 1760 3506 militiam

169 3580 329 3624 suam
355 3562 692 3617 deserturam
726 3551 986 3609 vocabulo
1028 3548 1216 3604 maluit
1261 3546 1511 3600 intimare
1551 3550 1760 3596 castro-

173 3669 318 3711 rum.
344 3672 360 3702 ‹
408 3651 477 3704 Ει
505 3644 782 3704 descendit
821 3659 850 3696 a
887 3643 999 3697 Deo
1033 3638 1172 3709 ignis
1213 3637 1279 3692 de
1310 3634 1467 3696 caelo,
1512 3640 1568 3687 et
1595 3631 1761 3685 devo-

172 3744 491 3799 raviteos.»
537 3737 651 3791 Non
705 3742 1003 3788 extremum
1053 3727 1345 3798 putandum
1396 3732 1496 3788 est,
1552 3723 1602 3776 id
1644 3733 1762 3774 esse

173 3831 517 3901 supplicium,
573 3826 665 3881 sed
704 3823 844 3893 ignis
890 3821 1069 3889 potius
1119 3815 1445 3875 invidentiaz,
1481 3826 1587 3882 quo
1632 3825 1760 3863 cru-

173 3922 410 3979 ciabitur
448 3916 744 3974 adversitas
787 3912 852 3965 de
902 3909 1154 3963 ﬁrmitate
1203 3915 1535 3966 sanctorum,
1582 3901 1765 3954 ﬁrma-

175 4017 421 4066 mentum
449 4015 533 4061 est
563 4005 704 4059 enim
733 4000 952 4064 coelum,
985 3998 1071 4052 hic
1108 4005 1187 4049 est
1235 3995 1371 4065 ignis
1409 3993 1498 4062 qui
1530 3991 1663 4045 exiit
1698 4002 1764 4042 ex

175 4117 274 4158 ore
304 4100 519 4154 testium
547 4094 660 4156 Dei,
695 4100 750 4147 et
791 4088 1067 4145 devorabit
1112 4087 1358 4140 inimicos
1387 4097 1607 4138 eorum:
1641 4095 1766 4134 nam

177 4189 471 4246 novissimo
506 4187 590 4239 die
620 4198 726 4237 non
769 4196 928 4250 super
963 4193 1057 4233 cos
1104 4176 1251 4245 pluet
1283 4175 1478 4244 ignem,
1517 4172 1607 4226 sed
1633 4186 1764 4225 con-

179 4284 434 4347 gregatos
470 4281 594 4326 ante
623 4287 680 4326 se
708 4279 764 4324 ct
795 4269 1064 4340 judicatos
1095 4266 1267 4319 mittet
1307 4263 1359 4316 in
1400 4261 1579 4330 ignem
1609 4269 1767 4313 teter-

182 4384 338 4432 num,
388 4365 454 4419 de
496 4379 604 4433 quo
651 4370 705 4416 et
751 4361 840 4415 hic
872 4358 1154 4413 subditur:
1185 4373 1203 4405 ι
1258 4354 1323 4407 Ει
1362 4351 1626 4413 diabolus,
1676 4351 1766 4418 qui

180 4455 474 4514 seducebat
518 4468 633 4518 eos,
670 4452 865 4506 missus
893 4456 974 4503 est
1020 4448 1071 4500 in
1103 4455 1348 4515 stagnum
1390 4443 1527 4512 ignis
1556 4449 1610 4496 et
1653 4439 1769 4495 sul-

1868 3305 1886 3338 ‹
1918 3300 2133 3340 omnem
2153 3285 2370 3338 domum
2390 3283 2576 3348 Israel,
2595 3284 2669 3336 ait
2685 3283 2943 3338 Dominus
2956 3283 3115 3338 Deus.
3138 3304 3156 3336 ι
3179 3282 3450 3356 (meram)

1861 3374 2053 3432 Omnia
2079 3382 2256 3427 autem
2307 3387 2479 3442 usque
2520 3373 2588 3426 ad
2615 3386 2739 3426 eum
2782 3370 2958 3426 locum
2994 3372 3047 3426 in
3082 3386 3189 3442 quo
3214 3374 3453 3428 succedit

1863 3462 2046 3534 templi
2076 3461 2381 3526 aediﬁcatio,
2412 3460 2466 3514 bi
2510 3473 2646 3528 quos
2691 3475 2850 3529 supra
2888 3461 3121 3514 diximus
3161 3459 3376 3517 Iudaeos
3399 3471 3456 3517 et

1863 3566 2080 3611 nostros
2120 3553 2460 3624 judaizantes
2507 3551 2576 3605 ad
2633 3551 2881 3605 ultimum
2931 3559 3141 3618 tempus
3191 3549 3451 3612 referunt,

1862 3647 2004 3717 quod
2035 3646 2286 3700 carnibus
2312 3643 2426 3714 Gog
2469 3643 2760 3710 cunctique
2804 3639 2924 3708 ejus
2961 3640 3253 3707 exercitus,
3300 3645 3452 3709 quasi

1861 3735 2229 3807 pinguissimis
2279 3734 2469 3788 hostiis
2520 3732 2763 3787 volucres
2812 3731 3103 3799 bestimque
3148 3731 3453 3785 saturanda:

1865 3827 1992 3890 sint,
2017 3833 2070 3880 et
2097 3824 2416 3878 restituatur
2438 3821 2600 3875 Israel
2627 3822 2681 3874 in
2713 3819 3003 3890 pristinum
3035 3827 3253 3882 statum,
3282 3828 3335 3872 et
3356 3834 3450 3872 ne-

1867 3931 2138 3986 quaquam
2164 3915 2303 3967 ultra
2332 3928 2360 3965 a
2399 3913 2648 3982 gentibus
2679 3919 3032 3979 expugnetur,
3079 3909 3173 3962 sed
3215 3907 3451 3961 effundat

1868 4007 2114 4075 spiritum
2145 4019 2298 4058 suum
2330 4017 2488 4070 super
2516 4016 2609 4055 cos
2643 4000 2805 4062 Deus,
2850 4008 2909 4051 ut
2949 3996 3194 4052 habitent
3224 3997 3276 4049 in
3311 4005 3449 4051 terr:

1869 4110 1986 4159 sua,
2023 4107 2128 4147 non
2175 4106 2365 4146 omnes
2404 4097 2609 4160 gentes,
2663 4088 2756 4144 sed
2808 4087 3027 4158 proprie
3055 4087 3243 4140 domus
3269 4085 3450 4139 Israel.

1869 4184 1977 4238 Nos
2004 4190 2181 4236 autem
2219 4187 2451 4250 emptam
2504 4177 2853 4248 tropologiam
2904 4183 3210 4246 sequentes,
3241 4173 3343 4228 hoc
3380 4176 3458 4226 (2i-

1871 4290 2074 4338 cemus,
2120 4272 2264 4343 quod
2318 4286 2505 4325 omnes
2554 4270 2801 4324 volucres
2847 4276 2903 4323 et
2929 4267 3211 4322 universas
3256 4265 3457 4320 bestias

1872 4373 2132 4421 convocet
2158 4363 2440 4427 Dominus,
2469 4372 2527 4416 ut
2561 4362 2737 4415 tradat
2781 4360 2861 4414 eis
2889 4358 3265 4413 haereticorum
3307 4356 3456 4426 prin-

1872 4457 2040 4525 cipes,
2069 4456 2224 4523 quasi
2274 4452 2654 4522 pinguissimas
2693 4450 2896 4504 hostias
2939 4449 3294 4504 devorandos.
3347 4447 3456 4500 Vo-

184 4547 396 4621 phuris,
442 4545 532 4598 ubi
578 4551 664 4597 est
706 4541 881 4595 bestia
931 4547 985 4593 et
1013 4536 1501 4606 pseudopropheta,
1527 4553 1543 4584 »
1587 4532 1637 4585 id
1663 4539 1761 4593 est,

1875 4546 2051 4598 lucres
2089 4552 2266 4596 autem
2294 4551 2349 4595 ot
2393 4543 2578 4597 bestia:
2629 4540 2710 4595 vel
2764 4547 2984 4607 propter
3034 4537 3364 4591 celeritatem
3404 4536 3456 4589 in

184 4636 426 4694 diabolus
459 4634 648 4687 ultimo
685 4631 890 4700 judicio
928 4630 980 4682 in
1013 4629 1189 4696 ignem
1219 4627 1461 4680 mittetur
1485 4633 1768 4682 :eternum,

180 4728 275 4782 ubi
318 4733 372 4779 ct
412 4738 600 4778 omnes
643 4736 776 4790 quos
813 4721 1093 4789 praemisit,
1143 4719 1195 4772 id
1230 4727 1332 4781 est,
1383 4717 1616 4770 maxima
1648 4730 1772 4782 pars

182 4817 362 4886 impia:
382 4814 637 4878 civitatis,
655 4812 821 4867 bestia
848 4812 1042 4881 quippe
1063 4825 1159 4880 pro
1181 4809 1312 4862 locis
1339 4807 1645 4877 accipienda
1668 4814 1770 4868 est,

185 4921 330 4960 nunc
356 4903 622 4963 diabolus.
661 4917 803 4955 nunc
827 4901 1198 4962 antichristus,
1239 4915 1381 4954 nunc
1424 4900 1537 4968 ipsa
1579 4898 1774 4950 civitas

183 4997 371 5064 impia,
404 5003 580 5063 potest
610 5001 789 5046 autem
839 4991 976 5061 ignis
1015 4992 1231 5045 nomine
1278 4993 1344 5046 de
1386 4991 1521 5045 coelo
1553 4991 1772 5044 descen-

187 5090 364 5145 dentis
415 5089 576 5141 etiam
629 5085 940 5156 repentinus
990 5085 1274 5152 impiorum
1331 5083 1579 5136 interitus
1632 5081 1775 5135 desi-

187 5179 363 5252 gnari

267 5298 286 5329 ι
315 5278 394 5331 Tu
418 5291 568 5347 ergo.
602 5276 669 5329 ﬁli
719 5276 969 5338 hominis,
1001 5275 1116 5328 hazc
1160 5274 1288 5327 dicit
1330 5273 1584 5326 Dominus
1611 5271 1771 5324 Deus.

197 5368 338 5425 «Dic
380 5369 527 5423 omni
575 5367 779 5422 volucri
844 5377 898 5420 et
954 5365 1178 5420 diversis
1228 5364 1414 5418 avibus
1461 5362 1775 5430 cunctisque

202 5476 224 5513 ι
250 5459 440 5514 bestiis
475 5457 588 5526 agri
621 5473 633 5508 :
661 5455 976 5520 Convenite,
1005 5463 1313 5525 properate,
1347 5453 1651 5508 concurrite
1678 5467 1776 5503 uu-

203 5568 227 5604 ι
245 5546 408 5620 dique
433 5550 500 5603 ad
527 5549 800 5603 victimam
831 5563 1024 5612 meam,
1053 5562 1211 5616 quam
1240 5561 1339 5616 ego
1365 5545 1579 5600 immolo
1599 5543 1771 5606 vobis,

202 5639 520 5698 «victimam
563 5641 817 5709 grandem
864 5654 1025 5707 super
1055 5647 1264 5692 montes
1304 5637 1489 5700 Israel,
1517 5645 1574 5689 ut
1602 5650 1778 5689 come-

202 5745 230 5786 ε
252 5732 388 5788 datis
410 5746 603 5787 carnes
631 5740 685 5786 et
723 5730 916 5784 bibatis
944 5730 1275 5800 sanguinem.
1323 5729 1526 5786 Carncs
1562 5728 1778 5783 fortium

1876 4637 2053 4690 omnia
2079 4633 2414 4688 discurrendi
2454 4631 2537 4686 vel
2576 4640 2793 4699 propter
2826 4627 3094 4682 feritatem
3137 4638 3191 4681 et
3218 4625 3454 4680 crudeli-

1876 4735 2040 4780 tatem
2077 4722 2430 4792 appellantur,
2480 4719 2674 4787 quibus
2724 4716 3011 4770 tradttntur
3061 4714 3353 4768 adversarii
3402 4713 3456 4767 in

1877 4820 2152 4873 interitum
2183 4814 2384 4878 carnis,
2424 4820 2482 4864 ut
2513 4810 2731 4879 spiritus
2776 4808 2953 4864 salvus
3001 4807 3110 4868 fiat,
3165 4814 3219 4859 et
3247 4805 3458 4859 discant

1877 4924 1982 4962 non
2008 4906 2402 4974 blasphemare.
2435 4900 2730 4956 Comedent
2758 4906 2937 4952 autem
2980 4897 3235 4966 grandem
3263 4905 3318 4948 et
3343 4895 3458 4964 pin-

1879 4997 2190 5069 guissimam
2220 4993 2513 5055 victimam,
2545 5004 2650 5044 non
2698 4989 2846 5052 alibi,
2897 4987 2988 5041 sed
3037 5000 3200 5054 super
3247 4995 3456 5040 montes

1877 5088 2060 5153 Israel,
2091 5102 2227 5156 quos
2273 5085 2565 5155 prephetas
2589 5091 2642 5138 et
2677 5080 2948 5151 apostolos
2971 5087 3027 5133 et
3068 5085 3286 5133 sanctos
3310 5078 3455 5130 viros

1879 5181 2173 5250 intelligere
2205 5178 2479 5232 debemus.
2531 5173 2590 5228 In
2629 5172 2731 5226 illis
2755 5171 2898 5225 enim
2942 5167 3339 5224 contrariorum
3363 5167 3456 5220 do-

1879 5245 2118 5343 gmatuvm
2154 5267 2393 5338 magistri
2426 5273 2704 5328 corruunt,
2747 5270 2800 5316 et
2825 5261 2893 5315 ab
2923 5260 3054 5330 ipsis
3078 5265 3306 5329 pereunt
3340 5245 3457 5310 vui-

1880 5364 2073 5417 nerati.
2122 5359 2294 5428 Super
2318 5373 2453 5428 quos
2494 5355 2788 5411 aedificatur
2815 5352 3073 5415 Ecclesia,
3101 5359 3156 5406 et
3198 5359 3257 5404 ut
3280 5350 3456 5403 verius

1880 5460 2072 5521 dicam,
2106 5470 2268 5525 super
2293 5451 2557 5506 montium
2585 5457 2841 5504 montem.
2867 5447 2941 5500 De
2962 5460 3068 5514 quo
3099 5443 3263 5498 Isaias
3287 5441 3458 5508 loqui-

1882 5561 1966 5605 tur
1998 5559 2052 5605 et
2095 5548 2379 5603 Michaeas:
2410 5564 2427 5595 ‹
2473 5545 2682 5608 Venite,
2730 5540 3082 5597 ascendamus
3134 5539 3186 5591 in
3217 5542 3453 5589 montem

1882 5640 2094 5696 Domini
2120 5647 2175 5693 et
2217 5638 2267 5691 in
2297 5637 2514 5692 domum
2536 5635 2629 5688 Dei
2657 5632 2844 5697 Iacob,
2872 5641 2925 5685 et
2945 5625 3284 5683 annuntiabit
3304 5625 3461 5678 nobis

1880 5731 2022 5784 viam
2062 5743 2213 5783 suam
2262 5727 2393 5793 (lsa.
2422 5742 2482 5786 ιι.
2507 5724 2665 5778 lifich.
2693 5720 2787 5778 tvl.
2812 5741 2831 5773 ι
2869 5719 2985 5775 Ista:
3029 5724 3205 5771 autem
3257 5727 3380 5767 aves
3402 5725 3458 5767 ct
