3936 6344
431 414 516 468 “3'7
525 415 557 468 9

1099 405 1158 456 Β.
1203 401 1453 456 ΠΛΒΑΝΙ
1493 397 1708 453 MAURI
1750 390 2065 448 ARCHIEP.
2110 387 2417 444 MOGUNT.
2461 381 2744 440 OPERUM
2785 378 2963 434 PARS
2999 378 3059 432 II.

3625 371 3724 424 89m

451 532 568 585 istac
597 526 780 586 bestiis
808 521 1010 577 Celeres
1053 528 1213 588 atque
1255 515 1498 571 crudeles
1536 512 1819 569 comedent
1842 519 2034 563 carnes
2061 507 2112 565 Α
2140 509 2302 556 tatem
2329 499 2514 563 Iacob,
2542 498 2636 567 qui
2659 496 2931 567 judaicum
2970 492 3220 564 populum
3249 489 3643 561 supplantant,
3671 499 3721 542 ct

450 629 516 676 etv
533 610 1076 682 hibeut'sanguinem,
1103 622 1222 677 qua:
1247 619 1471 676 regnum
1494 602 1588 656 Dei
1624 598 1902 670 possidere
1922 609 2030 650 non

453 711 736 782 possuntu
771 699 971 754 Games
1002 696 1219 754 fortium
1239 714 1259 747 ι
1289 693 1402 748 sive
1444 693 1744 763 gigantum,
1785 686 1878 757 qui
1904 700 2034 741 con-

455 776 539 852 tra
584 793 680 848 Dei
731 789 1011 846 scientiam
1047 785 1404 848 rebellabant,
1440 791 1493 836 et
1521 779 1835 850 sanguinem
1883 776 2034 844 prin—

455 888 656 957 cipum,
686 899 794 937 non
819 879 958 944 caeli,
1005 878 1100 933 sed
1125 884 1293 931 terrae
1315 874 1521 935 bibent,
1562 869 1653 940 qui
1695 875 1887 923 cuncta
1928 871 2036 920 ter-

457 993 588 1033 rena
617 978 926 1046 sapuerunt.
951 989 970 1023 ι
1019 967 1349 1039 Sanguinem
1399 963 1650 1025 arietum,
1683 971 1944 1030 agnorum
1981 964 2038 1011 et

458 1042 753 1124 hircorum,
777 1077 797 1111 ι
833 1056 968 1121 sive,
1002 1054 1162 1126 juxta
1205 1049 1575 1119 Septuaginta,
1620 1045 1871 1108 arietum,
1897 1042 2038 1098 vitu-

457 1153 631 1207 lorum
655 1159 711 1205 et
731 1151 1027 1212 hircorum,
1042 1153 1102 1199 ut
1128 1143 1232 1197 tria
1256 1139 1560 1212 signiﬁcent
1583 1135 1896 1200 animantia,
1919 1147 2038 1203 quae

460 1242 516 1296 in
543 1241 636 1296 Dei
663 1238 900 1294 victimis
927 1220 1293 1290 immolantur.
1329 1229 1615 1284 Imitantur
1655 1227 1801 1282 enim
1835 1233 1892 1280 et
1929 1225 2040 1279 bae-

462 1329 614 1382 rctici
662 1325 1086 1393 ecclesiasticam
1140 1318 1631 1380 mansuetudinem,
1687 1314 1782 1370 sed
1839 1312 2042 1368 oblatio

464 1432 652 1472 eorum
686 1431 792 1470 non
823 1414 876 1468 in
905 1413 1002 1468 Dei
1028 1412 1256 1475 cultum,
1304 1409 1395 1465 sed
1433 1408 1487 1461 in
1515 1408 1819 1462 daemonum
1860 1402 2040 1462 cibum

462 1505 696 1576 proficit,
728 1519 846 1573 qua:
870 1510 955 1557 est
979 1499 1329 1573 pinguissima
1377 1496 1550 1551 hostia
1574 1510 1786 1558 eorum,
1807 1501 1862 1549 et
1889 1489 2045 1562 quasi

464 1595 620 1664 adipe
645 1599 978 1655 saturantur,
1017 1599 1073 1643 et
1105 1587 1294 1643 bibunt
1336 1584 1651 1654 sanguinem
1698 1581 2076 1650 deceptorum'

467 1699 637 1754 usque
681 1685 737 1738 in
765 1682 1104 1737 ebrietatem.
1154 1677 1307 1733 Hanc
1353 1684 1531 1730 autem
1579 1673 1856 1728 victimam
1903 1671 2048 1725 Deus

465 1774 706 1830 immolat
739 1789 837 1845 per
863 1771 1260 1852 ecclesiasticos
1281 1769 1448 1834 viros,
1476 1775 1536 1822 ut
1579 1765 1920 1821 multitudine
1950 1763 2046 1819 de-

2135 601 2319 663 postea
2345 588 2722 644 haereticorum
2773 584 3049 638 fraudibus
3095 582 3472 650 supplantatus
3515 588 3624 641 est,
3672 587 3721 631 et

2135 682 2458 736 misereatur
2483 677 2629 732 omni
2675 675 2857 730 domui
2910 670 3091 735 Israel,
3144 685 3247 724 non
3283 670 3442 741 juxta
3481 681 3718 726 carnem,

2137 771 2230 825 sed
2278 767 2434 836 juxta
2493 766 2800 835 spiritum.«
2841 762 2907 816 Et
2957 775 3249 822 assumam,
3303 759 3497 826 inquit,
3553 755 3720 809 zelum

2138 873 2316 914 meum
2344 872 2443 926 pro
2467 856 2682 910 nomine
2713 863 2898 907 sancto
2930 866 3072 915 meo,
3101 865 3207 920 quo
3244 849 3648 917 blasphematur
3669 844 3720 897 in

2139 947 2409 1021 gentibus,
2433 967 2451 999 ι
2481 953 2700 1015 propter
2729 941 3031 1004 haereticos,
3065 948 3121 992 ut
3162 946 3446 1008 postquam
3478 950 3572 989 eos
3597 931 3722 988 libe-

2140 1039 2396 1104 raverim,
2429 1037 2748 1092 erubescant
2774 1041 2830 1087 et
2857 1031 3256 1086 confundantur
3301 1041 3468 1097 quare
3513 1025 3615 1078 fide
3644 1037 3725 1077 ec-

2129 1128 2444 1185 clesiastica
2469 1124 2728 1180 derelicta
2777 1120 3114 1193 prmvaricati
3142 1119 3252 1173 sint
3282 1119 3333 1171 in
3363 1131 3469 1170 me.
3498 1114 3726 1169 Confun-

2144 1221 2342 1276 dantur
2372 1228 2550 1273 autem
2571 1225 2626 1272 et
2651 1217 2974 1271 erubescant
2998 1213 3148 1266 valde
3174 1211 3451 1272 velociter,
3481 1221 3606 1262 cum
3639 1205 3730 1258 ha-

2144 1311 2436 1369 bitaverint
2463 1311 2517 1365 in
2556 1319 2702 1364 terra
2746 1323 2864 1371 sua,
2898 1315 3043 1360 terra
3072 1306 3300 1367 mitium,
3333 1314 3587 1370 terraque
3613 1313 3730 1354 sau-

2144 1412 2381 1469 ctorum,
2406 1421 2425 1454 ¢
2466 1402 2533 1456 Et
2554 1400 2916 1456 habitaverint
2943 1399 3276 1454 confidenter
3303 1397 3415 1451 sive
3443 1395 3497 1448 in
3523 1407 3675 1464 pace,
3705 1414 3724 1444 ο

2146 1505 2487 1562 nequaquam
2517 1489 2894 1544 haereticorum
2919 1487 3141 1542 insidias
3177 1484 3549 1540 formidantes.
3584 1480 3730 1534 Tunc

2148 1586 2477 1640 reducentur
2504 1583 2570 1636 de
2620 1579 2831 1652 populis
2882 1588 2938 1634 et
2971 1577 3440 1647 congregabuntur
3469 1574 3537 1626 de
3575 1571 3732 1626 terris

2148 1673 2491 1730 inimicorum
2521 1685 2742 1726 suorum
2785 1669 2840 1722 in
2872 1677 3074 1722 terram
3123 1679 3296 1720 suam.
3332 1664 3401 1718 Et
3427 1659 3729 1717 sanctiﬁca-

2151 1764 2298 1820 bitur
2325 1762 2609 1818 Dominus-
2634 1762 2690 1816 in
2734 1760 2814 1814 eis
2866 1764 3153 1826 conspectu
3191 1756 3427 1828 gentium
3475 1753 3730 1823 plurima-

465 1843 1082 1943 ceptorumisaturentur
1117 1860 1357 1916 convivae
1401 1857 1639 1928 pessimi,
1666 1862 1722 1911 et
1752 1856 1941 1909 bibant
1961 1867 2055 1908 us-
2079 1868 2127 1927 B
2157 1870 2300 1920 rum,
2327 1869 2446 1923 quae
2469 1860 2529 1907 et
2551 1853 2680 1923 ipsa:
2705 1849 2995 1905 crediturae
3038 1856 3163 1903 sunt
3212 1846 3438 1902 Domino
3463 1860 3478 1896 :
3508 1843 3734 1913 ﬁnisque

467 1972 571 2026 que
596 1957 664 2012 ad
701 1955 962 2011 vomitum
987 1960 1044 2009 et
1070 1951 1406 2007 ebrietatem.
1442 1949 1668 2015 Quando
1695 1945 1897 2001 videris
1927 1959 2051 2001 san-

468 2056 583 2102 ctos
615 2046 763 2102 viros
807 2054 864 2100 et
907 2043 1204 2113 Scripturis
1261 2039 1456 2096 divinis
1507 2038 1746 2094 eruditos
1798 2046 2052 2092 truncare

466 2151 634 2206 equos
655 2136 1029 2190 haereticorum
1048 2140 1103 2187 et
1124 2144 1455 2194 ascensores,
1482 2129 1550 2183 de
1570 2128 1764 2198 quibus
1792 2125 2052 2195 scriptum

474 2236 550 2282 est
575 2245 586 2278 :
617 2243 634 2276 ‹
669 2225 878 2294 Equum
908 2232 963 2279 et
988 2234 1330 2276 ascensorem
1356 2216 1581 2288 proiecit
1606 2216 1660 2270 in
1682 2228 1832 2271 mare
1853 2212 2050 2286 (Exod.

472 2316 602 2386 xv);
643 2334 660 2367 ι
696 2323 752 2370 et
793 2327 981 2368 omnes
1011 2309 1242 2366 rebelles
1284 2317 1338 2364 et
1383 2309 1626 2378 gigantes
1656 2319 1755 2361 suo
1795 2317 2055 2361 mucrone

470 2405 773 2468 concidere,
832 2411 887 2458 et
934 2409 1251 2457 cunctorum
1302 2398 1619 2452 bellatorum
1668 2395 1791 2449 falsi
1821 2393 2056 2449 nominis

469 2494 706 2550 scientiae
728 2491 1044 2562 sanguinem
1070 2487 1316 2553 fundere,
1359 2496 1490 2541 tunc
1513 2485 1649 2540 scito
1675 2497 1916 2539 mensam
1957 2482 2058 2538 Do-

469 2586 601 2641 mini
628 2590 1006 2656 prazparatam,
1028 2589 1087 2635 ut
1115 2587 1278 2650 ponat
1318 2577 1540 2649 gloriam
1569 2591 1723 2631 suam
1755 2575 1809 2629 in
1846 2573 2058 2629 cunctis

474 2676 744 2748 gentibus,
781 2688 901 2743 quae
938 2671 1081 2727 illius
1102 2670 1330 2726 credunt
1372 2667 1610 2723 nomini:
1662 2674 1718 2720 et
1759 2664 2059 2735 intelligant

451 2765 714 2821 ecclesiae
768 2771 1079 2818 sanctorum
1128 2759 1390 2829 judicium
1439 2757 1582 2812 illius
1611 2797 1626 2824 ,
1674 2756 1818 2826 quod
1868 2753 2060 2810 fecerit

470 2867 633 2924 super
659 2850 1018 2917 adversarios,
1045 2858 1100 2904 et
1125 2862 1343 2907 manum
1387 2847 1604 2912 fortem,
1655 2860 1762 2914 qua
1807 2859 1901 2900 eos
1928 2857 2056 2914 per-

471 2941 724 3005 cusserit,
754 2948 810 2996 et
838 2939 1011 2996 sciant
1056 2939 1248 2995 domus
1292 2936 1462 2992 Israel
1503 2944 1665 3006 atque
1707 2941 2057 3005 cognoscant,

472 3033 615 3102 quod
640 3031 710 3086 sit
733 3030 992 3085 Dominus
1017 3020 1161 3084 Deus
1182 3043 1392 3092 eorum,
1415 3028 1508 3096 qui
1528 3026 1737 3081 locutus
1757 3031 1871 3080 est:
1901 3043 1920 3075 ι
1947 3024 2059 3094 Ego

475 3137 593 3177 sum
625 3122 880 3177 Dominus
928 3122 1072 3176 Deus
1116 3128 1315 3184 vester,
1340 3138 1358 3170 ι
1390 3136 1419 3173 a
1462 3119 1548 3174 die
1577 3119 1817 3173 victoriae
1845 3116 2060 3172 Domini

2152 1945 2224 2001 sit
2245 1944 2594 2001 beatitudinis
2617 1942 2757 1998 scire
2790 1950 2952 2010 atque
2979 1953 3303 2011 cognoscere
3326 1937 3473 2007 quod
3518 1936 3633 2004 ipse
3665 1937 3732 1990 sit

2153 2038 2414 2094 Dominus
2467 2034 2610 2089 Deus
2666 2049 2876 2098 eorum,
2933 2049 2998 2088 eo
3041 2031 3183 2101 quod
3226 2027 3540 2100 apparuerit
3575 2025 3729 2081 eisin

2153 2127 2421 2199 gentibus,
2449 2124 2563 2180 sive
2597 2123 2936 2178 transtulerit
2967 2137 3060 2177 eos
3086 2121 3150 2176 de
3172 2118 3500 2181 nationibus,
3530 2125 3586 2171 et
3606 2128 3732 2171 cun-

2153 2215 2461 2291 gregaverit
2486 2229 2648 2286 super
2673 2223 2873 2268 terram
2904 2227 3077 2276 suam,
3105 2219 3306 2266 terram
3328 2207 3590 2271 Iudaeam,
3622 2220 3728 2259 ter-

2155 2323 2273 2364 ram
2301 2305 2686 2370 confessionis,
2712 2314 2912 2358 terram
2935 2303 3163 2366 mitium,
3197 2309 3514 2370 terramque
3548 2298 3730 2350 viven-

2155 2400 2312 2465 tium,
2341 2406 2396 2453 et
2422 2412 2491 2453 ne
2533 2411 2700 2451 unum
2745 2395 2960 2465 quidem
2990 2392 3266 2462 reliquerit
3313 2390 3584 2446 haeretica:
3610 2403 3724 2458 pra-

2154 2489 2346 2556 vitati;
2377 2497 2432 2542 et
2456 2486 2598 2542 ultra
2639 2501 2744 2541 non
2772 2484 3070 2540 abscondat
3113 2482 3306 2537 faciem
3339 2495 3492 2536 suam
3543 2480 3612 2534 ab
3637 2479 3732 2541 eis,

2157 2595 2258 2635 nec
2276 2587 2556 2633 aversetur
2580 2576 2720 2640 illos,
2765 2591 2830 2631 eo
2865 2575 3008 2645 quod
3049 2572 3296 2630 effuderit
3338 2571 3590 2641 spiritum
3618 2584 3736 2640 gra-

2159 2671 2247 2726 tim
2270 2684 2413 2725 suae:
2443 2668 2511 2724 de
2538 2682 2646 2738 quo
2675 2676 2731 2723 et
2757 2664 2873 2721 Joel
2895 2665 3155 2735 propheta
3200 2661 3437 2731 loquitur
3462 2679 3476 2712 :
3510 2678 3529 2711 ι
3558 2658 3618 2713 In
3644 2673 3737 2712 no—

2157 2762 2394 2818 vissimis
2416 2761 2605 2816 diebus
2634 2758 2902 2813 eﬂundam
2939 2756 3006 2811 de
3031 2754 3223 2826 spiritu
3265 2767 3388 2808 meo
3428 2764 3593 2820 super
3629 2763 3740 2803 om~

2159 2867 2282 2907 nem
2313 2863 2534 2906 carnem
2562 2845 2829 2920 (1091.11),
2863 2864 2882 2897 ι
2933 2842 3184 2899 effuderit
3232 2849 3412 2895 autem
3457 2852 3624 2906 super
3651 2835 3740 2890 do-

2159 2957 2309 3000 mum
2337 2939 2521 2996 Israel.
2552 2937 2646 2992 Sin
2679 2943 2860 2991 autem
2889 2949 2987 3004 pro
3009 2932 3199 3002 spiritu
3213 2928 3364 2998 juxta
3391 2923 3738 2996 Septuaginta

2164 3033 2399 3089 furorem
2428 3027 2737 3099 legerimus,
2767 3025 2858 3094 qui
2887 3023 2940 3078 in
2965 3022 3229 3078 Hebraico
3257 3035 3362 3074 non
3395 3017 3641 3077 habetur,
3667 3016 3741 3069 sic

2163 3123 2502 3183 sentiendum
2543 3129 2647 3185 est,
2681 3118 2824 3190 quod
2872 3116 3027 3172 ultra-
3061 3130 3170 3170 non
3218 3110 3514 3167 abscondat
3552 3105 3740 3162 faciem

475 3220 528 3268 et
560 3227 728 3281 usque
756 3213 809 3266 in
844 3219 1182 3282 perpetuum,
1220 3219 1276 3264 et
1303 3209 1600 3280 recogitent
1620 3208 1821 3262 idcirco
1846 3214 2056 3275 captam

2162 3232 2316 3280 suam
2345 3216 2414 3271 ab
2437 3214 2536 3279 eis,
2567 3213 2622 3267 in
2647 3227 2784 3283 quos
2829 3210 3066 3265 furorem
3099 3221 3254 3262 suum
3297 3213 3425 3259 ante
3460 3201 3736 3256 effuderat.

474 3317 595 3358 esse
631 3301 900 3372 quondam
930 3303 997 3356 ab
1018 3300 1286 3356 imreticis
1309 3300 1525 3354 domum
1557 3297 1742 3363 Israel,
1771 3305 1825 3352 et
1863 3296 1919 3350 in
1945 3304 2058 3352 toto
2104 3295 2129 3296 ”
2165 3310 2280 3365 nuc
2302 3320 2472 3376 usque
2499 3305 2553 3359 in
2599 3299 2849 3358 Ezechiel
2878 3301 3194 3371 prophetam
3239 3295 3369 3359 Deo,
3408 3300 3468 3347 ut
3495 3300 3740 3361 optamus

476 3405 852 3462 perversorum
881 3391 1190 3460 dogmatum
1235 3388 1366 3444 orbe
1395 3389 1711 3458 dispersam,
1746 3385 1891 3455 quod
1927 3383 2060 3440 reli-

477 3483 692 3551 querint
721 3497 863 3545 eum,
919 3481 1010 3550 qui
1058 3494 1349 3551 parumper
1394 3478 1676 3533 abscondit
1723 3476 1838 3532 sive
1867 3475 2062 3546 avertit

477 3573 667 3629 faciem
700 3587 849 3627 suam
884 3572 952 3626 ab
981 3571 1079 3637 eis,
1129 3578 1185 3625 et
1233 3569 1453 3624 tradidit
1489 3582 1582 3623 eos
1609 3569 1663 3622 in
1701 3581 1860 3621 manu
1891 3566 2061 3620 haere-

478 3662 707 3719 ticorum
733 3669 786 3716 et
815 3661 1121 3716 ceciderunt
1153 3659 1364 3715 illorum
1395 3672 1650 3714 mucrone
1675 3655 1907 3712 confossi
1929 3669 2056 3726 pro-

478 3761 600 3824 pter
628 3751 996 3808 immunditias
1014 3761 1071 3808 et
1095 3753 1407 3823 iniquitates
1443 3766 1568 3805 suas
1595 3769 1607 3802 :
1637 3765 1756 3821 quae
1785 3763 1945 3803 causa
1971 3762 2061 3802 ex-

482 3843 588 3896 titit
609 3850 667 3896 ut
697 3841 1051 3896 absconderet
1074 3850 1130 3896 et
1156 3847 1427 3895 averteret
1468 3837 1661 3893 faciem
1690 3851 1842 3891 suam
1866 3835 1934 3890 ab
1959 3835 2056 3890 eis.

480 3933 756 4003 Expositis
811 3943 989 3988 autem
1048 3933 1346 3988 rationibus
1392 3929 1687 3987 secundum
1744 3928 1892 3993 illud,
1924 3928 2068 3997 quod

2163 3409 2218 3456 et
2233 3398 2526 3460 credimus,
2548 3393 2842 3448 auxiliante
2855 3400 2909 3445 et
2928 3388 3204 3460 aperiente
3219 3401 3281 3442 os
3301 3392 3566 3445 nostrum,
3583 3380 3740 3435 locuti

2162 3502 2369 3552 sumus,
2395 3501 2500 3540 non
2521 3482 2749 3540 aliorum
2772 3481 2818 3536 si
2841 3481 2929 3550 qui
2948 3479 3300 3550 scripserunt,
3317 3473 3400 3529 vel
3425 3471 3678 3541 deinceps
3699 3469 3740 3524 si

2162 3579 2414 3651 scripturi
2435 3585 2580 3643 sunt,
2603 3575 2925 3632 sententiam
2950 3574 3302 3633 destruentes,
3328 3565 3424 3622 sed
3444 3571 3742 3619 asserentes

2165 3671 2560 3742 qualiacunque
2587 3674 2712 3723 sunt
2731 3673 2931 3721 nostra.
2956 3663 3013 3719 In
3035 3659 3387 3718 aedificatione
3416 3663 3596 3710 autem
3621 3662 3742 3707 tem-

2163 3763 2237 3834 pli
2264 3772 2319 3818 et
2347 3761 2536 3816 ordine
2564 3759 2907 3815 sacerdotum
2938 3763 3201 3823 temeque
3237 3758 3440 3807 sancta:
3465 3747 3739 3805 divisione,

2165 3866 2220 3910 et
2246 3853 2466 3909 flumine
2517 3851 2828 3921 egrediente
2867 3849 2934 3904 de
2985 3845 3203 3915 templo,
3264 3850 3319 3898 et
3370 3839 3658 3896 arboribus
3683 3852 3739 3892 ex

2171 3955 2402 4015 utraque
2430 3944 2547 4013 ripa
2571 3955 2785 4011 semper
2813 3936 3131 4000 virentibus,
3157 3942 3212 3988 et
3230 3947 3325 4001 per
3345 3928 3586 4000 singulos
3608 3941 3751 3981 men-

483 4025 744 4095 scriptum
773 4034 891 4079 est:
920 4044 937 4076 ‹
967 4023 1190 4093 Oportet
1233 4033 1288 4078 et
1330 4023 1564 4077 hareses
1590 4033 1731 4086 esse,
1773 4027 1832 4074 ut
1858 4016 2070 4087 probati
2173 4052 2259 4091 ses
2299 4031 2666 4090 εεεενεηιίιιυε
2708 4028 2957 4088 (motum,
2988 4033 3036 4080 et
3075 4022 3300 4091 reliquis
3339 4035 3459 4090 qua:
3487 4029 3661 4086 usque
3685 4015 3742 4068 ad

484 4116 685 4186 quique
706 4114 975 4171 manifesti
1004 4115 1133 4169 fiant
1153 4113 1203 4185 (1
1225 4113 1348 4168 Cor.
1370 4112 1470 4183 xi),
1492 4131 1510 4163 ι
1537 4109 1864 4180 captivitatis
1884 4108 2068 4173 Israel,

485 4208 737 4265 videlicet
765 4209 1040 4276 Ecclesiae,
1071 4210 1122 4262 in
1150 4222 1257 4277 qua
1285 4206 1530 4261 habitant
1571 4210 1852 4259 cernentes
1876 4200 2067 4254 Deum.

488 4298 641 4354 Nunc
682 4297 983 4369 pollicetur,
1022 4298 1163 4368 quod
1212 4296 1433 4352 reducat
1460 4294 1513 4348 in
1538 4292 1820 4349 ecclesiam
1849 4288 2072 4358 captivi-

2175 4126 2332 4179 finem
2362 4120 2680 4192 prophetico
2719 4115 2990 4172 volumine
3018 4113 3382 4182 continentur,
3429 4115 3615 4177 aperte
3655 4105 3744 4158 im-

2168 4214 2426 4285 peritiam
2454 4210 2792 4273 confitemur,
2831 4205 3022 4260 melius
3051 4203 3378 4258 arbitrantes
3422 4198 3646 4254 interim
3675 4195 3742 4248 ni-

2176 4304 2249 4360 hil
2276 4319 2435 4373 quam
2459 4315 2650 4371 parum
2677 4299 2876 4354 dicere.

500 4449 3731 4505 Μ

1422 4623 1721 4702 LIBER
1800 4615 2249 4698 DECIMUS
2324 4607 2827 4708 QUARTUS.

1070 4853 1489 4916 PROOEMIUM.

995 4967 1062 5005 AD
1096 4965 1272 5006 REGE!
1310 4959 1571 5002 FRANCIB.

570 5045 834 5102 Praeteriti
865 5043 988 5098 libri
1019 5039 1179 5095 finem
1209 5040 1368 5094 dictis
1395 5038 1540 5091 beati
1587 5031 1897 5102 Hieronymi
1927 5030 2073 5084 refu-

499 5141 692 5212 gientis
737 5138 1020 5207 mysticam
1092 5130 1526 5203 explanationem
1597 5127 1801 5180 ultimae
1849 5122 2072 5176 visionis

500 5230 774 5299 propheta:
828 5223 1125 5281 Ezechielis
1182 5218 1591 5277 terminavimus
1627 5234 1639 5268 :
1671 5213 1825 5282 cujus
1853 5226 2072 5266 sensum

504 5323 559 5376 in
588 5317 937 5388 responsione
957 5315 1024 5368 ad
1045 5311 1395 5368 Eustochium
1418 5308 1681 5377 virginem
1707 5310 1993 5372 sequentes
2016 5301 2071 5354 in

502 5408 767 5480 principio
799 5404 1084 5476 praesentis
1101 5402 1227 5457 libri
1256 5399 1372 5463 tibi,
1398 5397 1693 5466 Imperator
1720 5391 2072 5453 nobilissime,

503 5497 936 5569 respondendum
982 5508 1284 5556 censemus,
1342 5489 1435 5559 qui
1480 5487 1617 5541 ultra
1667 5485 1811 5539 vires
1861 5492 2077 5538 nostras

505 5591 677 5659 cogis,
707 5593 804 5643 hos
821 5593 1176 5642 memoratam
1199 5583 1464 5637 visionem
1507 5590 1673 5661 usque
1700 5569 1756 5630 iri
1779 5575 1940 5629 finem
1963 5587 2077 5626 mo-

508 5680 608 5736 rali
634 5695 795 5736 sensu
841 5692 1129 5747 exponere.
1159 5675 1272 5745 Ego
1319 5673 1465 5728 enim
1513 5663 1611 5724 tibi
1645 5667 1758 5736 jam
1795 5667 1911 5721 haec
1945 5663 2078 5718 mihi

511 5772 816 5840 suggerenti
846 5769 1118 5832 respondi,
1166 5765 1306 5836 quod
1332 5772 1552 5834 propter
1578 5759 1898 5832 imperitiam
1929 5772 2078 5812 men-

2100 4849 2151 4908 D
2179 4847 2248 4902 tis
2295 4853 2349 4899 et
2398 4842 2778 4897 infirmitatem
2812 4835 3057 4908 corporis
3087 4851 3195 4892 non
3241 4849 3498 4891 struerem
3546 4842 3738 4887 tantum

2178 4952 2313 5008 Opus
2341 4934 2582 5006 aggredi,
2631 4932 2772 5002 quod
2818 4931 3068 4986 doctores
3104 4929 3487 5000 sapientissimi
3519 4927 3738 4998 trepida-

2179 5030 2310 5085 bant
2339 5027 2532 5082 saltem
2561 5025 2846 5094 attingere,
2895 5021 3024 5091 quin
3075 5020 3254 5074 minus
3307 5027 3477 5073 totum
3527 5017 3741 5088 pleniter

2178 5121 2503 5191 explanare:
2543 5116 2636 5172 sed
2664 5123 2720 5169 tu
2745 5115 2886 5169 hanc
2933 5112 3339 5181 responsionem
3385 5125 3560 5165 meam
3587 5121 3736 5176 repu-

2181 5212 2310 5276 listi,
2359 5219 2414 5263 et
2463 5205 2756 5262 instantius
2804 5201 3080 5274 flagitasti,
3127 5209 3188 5254 ut
3235 5199 3378 5271 quod
3409 5200 3648 5254 hortatus
3685 5209 3738 5250 es

2179 5302 2492 5370 inciperem,
2543 5305 2599 5351 et
2642 5308 2858 5364 quoquo
2897 5292 3055 5346 modo
3086 5304 3324 5360 possem,
3378 5304 3546 5359 usque
3589 5286 3651 5342 ad
3681 5285 3737 5338 fi-

2176 5405 2301 5444 nem
2323 5386 2452 5442 illud
2477 5385 2772 5457 perducere
2809 5381 3104 5437 studerem.
3137 5378 3421 5448 Obsequar
3472 5377 3627 5448 igitur
3649 5389 3735 5426 νο-

2177 5480 2372 5535 luntati
2419 5487 2542 5543 tuae,
2593 5485 2650 5529 et
2690 5473 2833 5528 sicut
2877 5472 2933 5525 in
2960 5471 3234 5541 prioribus
3285 5469 3412 5533 feci,
3444 5477 3733 5523 sanctorum

2180 5572 2464 5626 doctorum
2527 5564 2758 5635 vestigia
2814 5576 3065 5630 sequens,
3109 5577 3171 5615 ea
3221 5575 3341 5630 quae
3391 5559 3624 5629 cxpesha
3661 5568 3740 5607 re-

2180 5661 2296 5730 peri
2344 5659 2445 5715 sub
2489 5655 2757 5710 brevitate
2796 5660 2849 5706 et
2905 5652 3184 5705 succincte
3232 5664 3446 5719 ponam.
3486 5645 3607 5714 Quae
3645 5657 3735 5694 au-

2188 5763 2294 5807 tem
2330 5750 2461 5804 mihi
2490 5748 2668 5801 divina
2712 5744 2886 5817 gratia
2938 5743 3005 5796 ad
3065 5742 3204 5796 idem
3251 5757 3383 5811 opus
3432 5737 3732 5810 explendum
