3936 6328
234 400 335 454 831

1174 398 1526 455 COMMENT.
1570 398 1637 453 lN
1676 398 2125 454 EZECHIELBM.
2163 433 2234 442 -—
2266 404 2392 458 ΜΒ.
2436 404 2575 460 XIV.

3384 415 3497 469 83:?

237 518 461 586 insuper
501 514 864 584 inspiraverit,
912 514 1071 569 simul
1100 515 1340 569 inserere
1364 517 1586 577 curabo,
1638 524 1696 569 ut
1736 515 1816 569 le-
1843 516 1895 576 Α
1921 518 2187 572 cationem
2217 520 2267 574 in
2299 522 2513 577 ossibus
2562 525 2736 592 campi
2763 525 2862 579 sub
2912 525 3323 581 resurrectionis
3345 526 3487 582 ima-

237 616 364 662 ctor
405 612 460 658 et
488 602 749 670 majorum
793 604 937 659 dicta
986 618 1332 673 cognoscens,
1364 613 1418 660 et
1452 617 1635 660 nostra
1684 605 1818 659 rele-

238 714 396 768 gens,
431 711 549 767 quae
578 696 679 751 sibi
709 695 947 751 salubria
980 703 1035 751 ct
1057 696 1208 750 utilia
1230 696 1356 751 inde
1376 711 1499 753 esse
1521 696 1813 761 censuerit,

240 796 508 856 Sequatur

876 897 1101 954 CAPUT
1138 898 1251 953 XL.

242 1010 324 1062 De
346 1010 693 1078 mdiﬁcatione
717 1010 961 1074 civitatis,
988 1018 1036 1063 et
1060 1012 1168 1063 viro
1208 1010 1297 1079 qui
1322 1012 1493 1063 stabat
1510 1010 1565 1064 in
1594 1018 1743 1078 porta
1771 1019 1821 1063 et

317 1080 651 1133 mensurabat
695 1095 902 1133 murum
928 1078 1233 1133 exteriorem
1283 1096 1400 1133 cum
1427 1078 1643 1132 calamis
1664 1080 1772 1133 suis
1802 1096 1819 1133 .'

316 1150 379 1202 de
413 1150 539 1202 locis
566 1150 824 1218 deputatis
849 1147 915 1200 ad
938 1148 1230 1202 custodiam
1260 1147 1435 1218 templi
1458 1158 1505 1201 et
1527 1148 1734 1211 altaris,
1757 1149 1821 1202 de

315 1235 493 1271 mensa
514 1219 636 1271 atrii
656 1228 703 1271 et
724 1217 907 1271 altaris
922 1217 1371 1284 holocaustorum,
1390 1218 1454 1271 de
1473 1233 1720 1273 mensura
1736 1233 1822 1272 ve-

318 1287 499 1341 stibuli
522 1287 717 1357 templi.

1921 608 2043 679 giue
2090 609 2477 665 demonstravit
2522 629 2537 665 :
2570 613 2647 667 sic
2672 628 2814 668 nunc
2864 614 3308 669 instaurationem
3335 614 3488 672 urbis

1918 714 2037 768 qua:
2065 699 2360 771 Babylonio
2388 701 2564 757 fuerat
2582 711 2707 757 ante
2734 719 2903 759 annos
2926 705 3331 775 quatuordecim
3363 707 3485 774 igne

1923 788 2118 853 delata,
2170 790 2269 844 sub
2316 792 2676 862 descriptione
2714 793 2831 862 ejus
2866 795 3135 851 Dominus.
3164 796 3448 867 pollicetur
3469 836 3499 861 ,ν

1922 886 1980 931 ut
2007 877 2147 933 sicut
2169 880 2533 949 captivitatem
2572 891 2627 935 et
2670 884 3006 938 eversionem
3054 885 3171 940 olla:
3220 900 3490 941 succensa:

1920 983 1951 1021 a
1992 968 2128 1024 facie
2156 970 2422 1039 aquilonis
2478 981 2869 1028 monstraverat
2897 981 3073 1044 typus,
3106 982 3161 1029 et
3195 975 3491 1045 prophetiae

1921 1061 2124 1115 veritas
2154 1076 2318 1131 opere
2344 1063 2688 1134 comprobata
2714 1073 2798 1119 est
2843 1083 2855 1117 :
2888 1065 2961 1119 ita
2987 1080 3054 1119 ex
3093 1066 3489 1135 praeteritorum

1923 1151 2028 1206 lide
2049 1151 2624 1208 futummdilicationis
2647 1156 2845 1210 veritas
2871 1155 3125 1210 vaticinio
3148 1156 3489 1225 probaretur.

1922 1239 2035 1297 Nec
2062 1243 2166 1296 hoc
2190 1242 2255 1296 de
2280 1242 2370 1297 illo
2402 1252 2642 1314 tempore
2670 1244 2863 1299 dicitur
2888 1246 3033 1315 quod
3074 1245 3294 1316 quidam
3324 1246 3493 1315 impe-

1924 1332 2014 1386 riti
2034 1331 2338 1387 Judaeorum
2367 1332 2569 1396 volunt,
2610 1333 2824 1402 quando
2846 1335 2945 1390 sub
2992 1335 3292 1391 Zorobahel
3321 1343 3375 1390 et
3398 1338 3497 1391 sub

334 1440 349 1471 ι
395 1420 451 1475 in
478 1421 737 1477 vicesimo
760 1429 815 1477 et
837 1421 1024 1492 quinto
1048 1436 1190 1477 anno
1221 1420 1714 1492 transmigrationis
1737 1435 1828 1475 no-
1923 1424 2051 1480 Jesu
2099 1424 2212 1479 lilio
2255 1423 2519 1480 Josedech
2573 1425 2853 1481 sacerdote
2899 1441 3095 1498 magno
3122 1427 3376 1497 templum
3406 1442 3497 1481 cx-

250 1529 271 1560 (
322 1519 467 1577 stne,
491 1511 543 1565 in
565 1511 786 1565 exordio
821 1512 970 1576 anni,
997 1512 1208 1567 decima
1252 1512 1473 1576 mensis,
1509 1520 1703 1581 quarto
1728 1512 1824 1566 de-

1926 1523 2189 1571 structum
2234 1524 2335 1581 est,
2387 1515 2835 1585 pr0phetantihus
2871 1514 3067 1587 Aggzeo
3113 1524 3171 1571 et
3213 1516 3493 1570 Zacharia.

250 1620 269 1650 ι
320 1601 461 1655 cimo
481 1614 623 1654 anno
644 1608 926 1670 postquam
953 1615 1211 1671 percussa
1232 1608 1316 1656 est
1336 1601 1548 1666 civitas,
1580 1602 1695 1670 ipsa
1723 1599 1828 1655 hac
1925 1602 2042 1658 Hoc
2070 1604 2212 1658 enim
2255 1604 2510 1674 templum
2537 1605 2681 1675 quod
2714 1620 2858 1659 nunc
2895 1604 3239 1669 describitur,
3279 1613 3333 1659 et
3365 1604 3496 1659 ordo

250 1708 269 1741 ι
320 1690 407 1744 die
433 1689 573 1746 facta
596 1697 681 1745 est
706 1705 869 1759 super
894 1704 981 1744 me
1027 1705 1222 1744 manus
1256 1689 1493 1755 Domini,
1524 1696 1579 1743 et
1603 1689 1827 1743 adduxit
1925 1694 2213 1749 sacerdotii
2253 1701 2519 1762 terraeque.
2547 1695 2760 1759 divisio,
2798 1702 2852 1750 et
2890 1693 3162 1760 fertilitas,
3196 1694 3363 1749 multo
3408 1709 3502 1747 au-

251 1800 269 1831 ‹
318 1795 402 1835 me
434 1780 581 1836 illuc.
613 1799 635 1834 ι
672 1777 911 1851 (Gregor.
947 1782 1001 1833 in
1032 1779 1347 1845 Comment.,
1370 1780 1455 1833 hic
1469 1789 1517 1833 et
1539 1779 1824 1851 deinceps.)

1927 1783 2138 1853 gustius
2188 1790 2271 1837 est
2304 1796 2465 1851 quam
2507 1781 2608 1836 fuit
2642 1782 2783 1852 quod
2840 1781 3090 1838 Salomon
3132 1790 3491 1838 exstruxerat.

246 1869 500 1924 Dicturus
540 1850 789 1941 mystica,
840 1870 1205 1925 narrationem
1238 1871 1551 1925 historicam
1589 1872 1828 1941 praemit-
1856 1850 2060 1927 Βὶιιιιά
2088 1882 2266 1928 autem
2302 1871 2444 1941 quod
2481 1850 2803 1927 aediﬁcatum
2845 1880 2930 1927 est
2963 1873 3062 1929 sub
3114 1873 3411 1929 Zorobabel
3445 1875 3496 1927 in

246 1962 337 2024 tit,
362 1970 420 2014 ut
446 1958 576 2029 ﬁgat
594 1975 660 2015 ex
685 1969 924 2031 tempore
944 1960 1086 2030 quod
1108 1960 1364 2015 credatur
1387 1960 1441 2014 in
1473 1960 1823 2017 revelatione.

244 2048 552 2103 Notandum
573 2062 701 2103 vero
716 2048 858 2118 quod
887 2048 941 2103 in
979 2048 1204 2104 exordio
1231 2048 1353 2103 libri
1376 2049 1538 2119 hujus
1559 2063 1666 2119 quo
1686 2064 1828 2105 anno

242 2139 569 2208 prephetare
618 2138 803 2209 cmpit,
852 2139 1129 2196 indicavit.
1175 2140 1233 2194 In
1280 2140 1388 2195 line
1433 2155 1562 2195 vero
1598 2140 1829 2196 inseruit

243 2245 356 2300 quo
378 2237 675 2284 extremam
703 2230 959 2284 visionem
989 2230 1122 2285 vidit
1155 2247 1167 2283 :
1200 2230 1272 2284 ita
1295 2239 1354 2285 ut
1374 2230 1625 2301 cognosci
1653 2229 1830 2285 valeat

245 2321 301 2375 in
334 2328 466 2389 quot
510 2321 668 2375 annis
694 2321 993 2390 prophetia:
1029 2337 1139 2376 sua:
1168 2321 1367 2377 dixerit
1411 2322 1630 2377 librum.
1670 2320 1829 2377 Tem-

243 2425 349 2480 pus
381 2424 612 2479 namque
638 2424 744 2479 quo
773 2412 1098 2480 prophetare
1125 2411 1359 2481 cmpitin
1396 2411 1686 2479 locutionis
1716 2426 1830 2466 suae

245 2502 405 2556 initio
424 2502 620 2572 posuit,
645 2502 863 2556 dicens:
897 2522 915 2554 ‹
946 2502 1129 2572 Aperti
1147 2510 1273 2557 sunt
1294 2502 1435 2566 cmli,
1456 2511 1511 2558 et
1528 2504 1633 2558 vidi
1662 2503 1830 2558 visio-

246 2604 348 2644 nes
371 2589 576 2644 Domini
605 2592 657 2644 iu
680 2590 867 2659 quinta
902 2592 1123 2656 mensis,
1156 2592 1270 2661 ipse
1292 2599 1375 2647 est
1409 2608 1584 2647 annus
1611 2594 1832 2663 quintus

228 2679 744 2750 transmigrationis
791 2681 933 2749 regis
970 2679 1236 2736 Joachim.
1272 2700 1291 2732 ι
1325 2681 1477 2737 Nunc
1501 2697 1634 2737 vero
1661 2682 1834 2753 loqui-

249 2780 359 2836 tur,
383 2769 606 2827 dicens:
638 2789 657 2821 t
698 2770 754 2824 In
798 2773 1055 2827 vicesimo
1082 2781 1136 2827 et
1162 2774 1349 2843 quinto
1391 2788 1534 2829 anno
1580 2774 1828 2828 transmi-
1874 2782 1887 2799 '

246 2860 514 2931 grationis
539 2869 755 2916 nostra.
792 2880 811 2913 ι
845 2861 990 2916 llem
1022 2878 1256 2933 namque
1286 2865 1547 2935 propheta
1574 2865 1629 2918 in
1661 2865 1833 2934 capti-

244 2952 417 3005 vitate
448 2952 621 3020 prima
651 2967 772 3006 cum
792 2950 1036 3007 Joacbim
1073 2968 1198 3023 rege
1232 2953 1411 3008 fuerat
1456 2956 1511 3009 in
1538 2954 1831 3026 Babylonia

244 3041 634 3096 transductus:
669 3057 792 3095 nam
829 3043 893 3097 de
940 3045 1177 3099 secunda
1215 3034 1831 3118 Jerosolymorumxap-

247 3132 460 3187 tivitate
488 3130 780 3203 subjuugit,
817 3152 835 3184 ‹
883 3142 1077 3203 quarto
1106 3134 1316 3191 decimo
1362 3151 1505 3191 anno
1543 3145 1830 3208 postquam

247 3236 502 3291 percussa
528 3233 611 3278 est
633 3224 840 3280 civitas.
863 3244 881 3277 ι
903 3226 1162 3282 Undecim
1179 3229 1376 3298 quippe
1390 3231 1547 3285 annis
1575 3230 1829 3287 Setlecias

247 3321 376 3383 post
399 3315 763 3386 captivitatem
796 3316 1048 3387 primam,
1081 3318 1135 3372 in
1157 3334 1261 3388 qua
1288 3320 1549 3389 propheta
1576 3319 1825 3376 Ezechiel

248 3422 375 3460 cum
415 3403 657 3461 Joachim
699 3420 825 3476 rege
870 3407 1081 3463 ductus~
1106 3417 1220 3474 est,
1262 3409 1314 3463 in
1366 3406 1824 3480 Jerosolymorum

246 3495 387 3552 urbe
410 3505 744 3575 regnaverat.
761 3498 888 3553 Post
920 3500 1290 3568 captivitatem
1316 3515 1443 3555 vero
1465 3499 1705 3569 ejusdem
1729 3501 1827 3556 Se-

247 3588 438 3655 deciaz,
467 3589 707 3660 quzejam
730 3591 964 3646 secunda
998 3591 1279 3647 eraturbis
1306 3592 1609 3661 captivitas,
1635 3600 1827 3661 quarto

248 3681 461 3737 decimo
514 3697 654 3737 anno
694 3682 953 3752 propheta
995 3682 1255 3737 visionem
1307 3683 1550 3738 ultimam
1590 3684 1823 3739 videbat.

251 3769 515 3827 Undecim
561 3772 743 3840 itaque
791 3780 845 3826 et
884 3773 1290 3840 quatuordecim
1332 3773 1491 3827 simul
1536 3774 1707 3843 juncti
1745 3773 1827 3827 fa-

246 3858 402 3913 ciunt
450 3859 634 3930 viginti
661 3867 717 3913 et
741 3859 998 3928 quinque.
1035 3858 1092 3917 Si
1117 3860 1278 3930 igitur
1307 3861 1565 3915 visionem
1594 3861 1823 3932 primam

249 3951 441 4020 quinto
493 3950 823 4020 captivitatis
854 3951 1053 4020 prioris
1098 3966 1240 4006 anno
1296 3951 1510 4008 locutus
1536 3963 1639 4019 est,
1667 3963 1825 4023 atque

249 4040 394 4095 hanc
423 4039 665 4095 ultimam
696 4042 958 4111 vigesimo
991 4050 1045 4097 et
1058 4041 1246 4112 quinto
1273 4056 1416 4097 anno
1441 4042 1638 4098 factam
1662 4044 1827 4100 fuisse

250 4131 529 4198 describit,
557 4130 803 4201 profecto
828 4141 975 4204 patet
1003 4134 1146 4204 quod
1183 4135 1238 4189 in
1272 4134 1462 4206 viginti
1492 4136 1648 4190 annis
1677 4136 1827 4191 locu-

251 4225 414 4280 tionis
459 4241 569 4280 sua:
616 4241 797 4282 moras
839 4242 1009 4297 usque
1042 4228 1109 4282 ad
1144 4226 1347 4283 ultimm
1391 4229 1616 4286 visionis
1659 4232 1824 4287 verba

249 4317 557 4371 tetenderit.
585 4314 693 4372 Nec
728 4332 947 4373 movere
994 4318 1302 4387 quempiam
1345 4318 1505 4374 debet
1563 4321 1708 4389 quod
1767 4321 1821 4375 in

249 4408 428 4463 medio
466 4409 761 4478 pr0phetize
785 4424 895 4465 suae
935 4408 1228 4475 volumine,
1258 4426 1379 4466 cum
1404 4412 1470 4466 de
1500 4411 1792 4483 Babylonio

1928 1973 2138 2020 tantum
2166 1979 2393 2035 parvum
2419 1970 2557 2029 erat,
2588 1971 2643 2019 et
2667 1964 2865 2035 prioris
2892 1966 3294 2036 comparatione
3321 1966 3491 2031 nihili,

1927 2053 2093 2123 utqui
2121 2051 2565 2122 priustemplum.
2594 2051 2863 2119 viderant,
2914 2064 2969 2109 et
3006 2063 3190 2124 postea
3215 2056 3317 2110 hoc
3355 2058 3498 2126 aspi-

1927 2142 2160 2207 ciebant,
2194 2140 2459 2211 ejularent
2481 2141 2829 2212 doloremque
2858 2159 3014 2199 suum
3037 2144 3293 2215 lacrymis
3336 2155 3501 2201 testa-

1928 2242 2116 2289 rentur
2160 2240 2261 2288 :et
2328 2232 2500 2287 multo
2550 2231 2722 2301 major
2756 2242 2901 2289 esset
2942 2234 3147 2290 clamor
3186 2235 3502 2291 ululantium
3594 2228 3597 2231 ’

1927 2341 2090 2396 quam
2133 2325 2358 2395 clangor
2406 2326 2680 2390 tubarum,
2710 2325 2828 2397 lege
2855 2326 3041 2381 Esdrte
3092 2327 3307 2383 librum.
3334 2328 3503 2384 Porro

1928 2417 2071 2486 quod
2099 2417 2315 2472 additur
2335 2426 2530 2487 quarto
2554 2417 2933 2473 decimoanno
2954 2426 3234 2488 postquam
3249 2433 3501 2489 percussa

1930 2509 2042 2563 sive
2094 2516 2252 2577 capta
2291 2518 2376 2565 est
2417 2510 2631 2575 civitas,
2682 2510 2836 2580 juxta
2886 2509 3144 2580 mysticos
3198 2510 3501 2565 intellectus

1929 2600 2337 2671 quatuordecim
2385 2600 2650 2673 significat
2696 2600 3092 2669 generationes,
3131 2601 3325 2669 quibus
3354 2616 3501 2656 com-

1929 2691 2086 2761 pletis
2140 2708 2170 2745 a
2198 2690 2370 2747 David
2422 2706 2592 2761 usque
2620 2690 2688 2746 ad
2738 2690 3073 2746 nativitatem
3104 2690 3326 2757 Christi,
3355 2690 3504 2747 urbis

1931 2783 2201 2838 restitutio
2243 2783 2577 2852 promittitur
2627 2783 2695 2838 ab
2757 2797 2823 2837 eo
2858 2782 2923 2837 de
2967 2797 3073 2853 quo
3098 2784 3359 2853 scriptum
3380 2791 3501 2838 est:

1937 2892 1956 2926 ι
2000 2875 2118 2945 ipse
2148 2874 2436 2930 aediﬁcabit
2487 2875 2761 2930 civitatem
2796 2889 2995 2941 meam,
3043 2882 3098 2931 et
3137 2874 3502 2944 captivitatem

1928 2966 2109 3037 populi
2159 2966 2263 3021 mei
2306 2967 2528 3021 reducet
2568 2964 2702 3037 (Isa.
2732 2965 2998 3038 ιι.ν,15).
3054 2984 3075 3017 ι
3134 2964 3204 3021 Et
3259 2966 3501 3021 iterum:

1937 3081 1956 3115 ‹
2000 3062 2158 3119 Venit
2201 3069 2264 3116 ut
2297 3061 2617 3132 praedicaret
2638 3062 2866 3132 captivis
2897 3061 3293 3128 remissionem,
3323 3069 3378 3117 et
3400 3077 3503 3117 ca:-

1855 3187 1901 3249 C
1934 3154 2012 3209 cis
2049 3154 2250 3219 visum,
2286 3153 2472 3208 dicens
2505 3152 2591 3208 his
2631 3152 2725 3223 qui
2753 3160 2910 3207 erant
2934 3153 2991 3207 in
3020 3151 3270 3219 vinculis,
3323 3153 3499 3215 Exite,

1932 3251 1987 3297 et
2008 3243 2100 3313 qui
2131 3250 2285 3298 erant
2324 3243 2378 3296 in
2438 3242 2695 3306 tenebris,
2730 3240 3066 3296 Revelamini
3115 3238 3440 3313 (lamnas).
3483 3261 3500 3292 ι

1930 3330 2134 3404 (Greg.)
2173 3332 2311 3400 Quid
2334 3338 2418 3387 est
2458 3331 2601 3386 enim
2628 3331 2771 3400 quod
2793 3346 2891 3402 per
2914 3330 3057 3387 hanc
3082 3331 3344 3387 visionem
3381 3332 3504 3386 ulti-

1930 3438 2074 3477 mam
2124 3422 2466 3492 omnipotens
2519 3421 2664 3476 Deus
2710 3436 2773 3476 ea
2819 3421 2934 3493 ipsa
2992 3420 3080 3477 die
3125 3420 3376 3491 dignatus
3423 3434 3501 3476 est

1927 3512 2303 3581 promissionis
2330 3527 2443 3567 suae
2502 3511 2927 3566 misericordiam
2955 3509 3158 3578 facere,
3182 3526 3288 3581 qua
3324 3511 3411 3566 die
3452 3512 3502 3564 in

1929 3616 2182 3670 percussa
2232 3601 2451 3658 civitate
2484 3601 2619 3656 iram
2646 3602 2869 3673 justitia:
2899 3600 3172 3671 implevit;
3227 3600 3333 3656 nisi
3362 3602 3503 3670 quod

1928 3693 2017 3746 illa
2030 3692 2326 3747 divinitatis
2343 3692 2446 3754 vis,
2465 3706 2585 3760 qua:
2606 3692 2660 3746 in
2683 3691 3009 3755 diversitate,
3027 3699 3174 3748 motu
3201 3699 3257 3747 et
3277 3691 3513 3746 mutabi-

1925 3783 2077 3837 litate
2100 3798 2204 3837 non
2228 3782 2444 3847 dicitur,
2461 3782 2745 3836 diversaea
2762 3783 2872 3852 ipsa
2895 3782 3014 3837 luce
3037 3781 3263 3851 iustitia:
3284 3780 3507 3836 aﬂlictos

1927 3890 1989 3928 ac
2026 3873 2349 3942 pmnitentes
2369 3871 2628 3936 viviﬁcat,
2648 3886 2776 3940 .qute
2804 3871 3174 3940 superbientes
3198 3887 3262 3927 ac
3304 3871 3506 3942 rigidos

1924 3963 2190 4035 percutit?
2233 3962 2518 4018 Praemisso
2566 3963 2748 4031 itaque
2811 3962 3034 4017 visionis
3087 3977 3198 4017 sua:
3264 3970 3506 4031 tempore

1926 4050 2203 4122 subjungit
2230 4069 2243 4104 :
2273 4070 2291 4103 ι
2324 4050 2492 4106 Facta
2533 4059 2617 4105 est
2644 4065 2806 4120 super
2827 4066 2912 4106 me
2940 4065 3129 4119 manus
3173 4051 3407 4118 Domini,
3453 4061 3524 4106 et.

1926 4142 2149 4197 adduxit
2175 4156 2259 4196 me
2276 4140 2419 4196 illuc.
2443 4139 2500 4195 In
2526 4140 2820 4195 visionibus
2846 4140 3056 4195 Domini
3086 4139 3309 4195 adduxit
3338 4157 3420 4195 mc
3450 4142 3501 4194 iu

1927 4240 2123 4287 terram
2147 4230 2330 4285 Israel.
2362 4249 2381 4282 ι
2414 4228 2567 4297 Quod
2608 4229 2839 4296 dixerat,
2870 4248 2887 4281 ι
2913 4229 3150 4286 Adduxit
3171 4246 3256 4286 me
3296 4231 3459 4294 illuc,
3481 4250 3498 4280 ι

1925 4322 2028 4375 hoc
2050 4319 2318 4389 replicans
2339 4318 2552 4373 subdit:
2574 4338 2591 4369 ‹
2611 4319 2944 4374 Adduxitme
2959 4320 3012 4375 in
3041 4329 3243 4376 terram
3266 4320 3427 4375 [Sl'arl
3448 4363 3463 4375 .
3480 4344 3497 4374 ι

1924 4411 2015 4465 Ait
2047 4418 2227 4465 autem
2256 4429 2269 4466 :
2309 4430 2327 4463 ι
2359 4409 2525 4465 Facta
2554 4419 2636 4465 est
2665 4426 2827 4480 super
2846 4427 2933 4468 me
2961 4428 3153 4468 manus
3183 4413 3416 4476 Domini,
3450 4427 3504 4469 et

251 4515 379 4571 rege
398 4500 729 4570 loqueretur,
752 4502 993 4556 vicesimi
1019 4516 1084 4556 ac
1111 4502 1323 4572 septimi
1348 4503 1474 4556 anni
1506 4506 1821 4558 memoriam
1850 4536 1903 4595 Β
1929 4500 2151 4555 adduxit
2176 4515 2262 4554 me
2288 4499 2413 4555 illuc
2440 4500 2496 4554 in
2533 4500 2830 4555 visionibus
2857 4500 3092 4556 Domini.
3128 4520 3148 4553 ι
3196 4501 3383 4557 Manus
3418 4514 3501 4557 et-

250 4586 382 4643 facit
407 4604 420 4641 :
451 4602 558 4658 quo
582 4588 636 4642 in
662 4586 780 4644 loco
819 4604 939 4644 cum
960 4588 1095 4642 nihil
1121 4589 1189 4644 de
1218 4596 1459 4659 tempore
1492 4606 1602 4645 sua:
1650 4592 1822 4660 capti-

253 4678 431 4732 vitatis
475 4679 765 4743 interserit,
818 4687 1005 4748 aperte
1044 4679 1380 4735 demonstrat
1419 4680 1545 4750 quia
1578 4681 1696 4751 ejus
1745 4697 1829 4737 re-

248 4770 331 4839 gis
381 4777 625 4839 tempora
674 4768 966 4834 describit,
1007 4769 1075 4825 de
1125 4785 1233 4840 quo
1274 4772 1595 4841 prophetare
1646 4786 1827 4841 cmpe-

248 4871 352 4915 rat.
398 4859 667 4930 (Iliorum)
715 4860 866 4928 Quod
904 4861 949 4916 si
976 4860 1131 4931 juxta
1173 4861 1598 4919 Theodotionem
1636 4864 1728 4933 qui
1768 4863 1824 4919 in

247 4966 316 5006 eo
330 4950 447 5006 loco
458 4950 547 5003 ubi
575 4964 673 5004 nos
692 4950 968 5019 posuimus
983 4950 1036 5004 in
1061 4952 1283 5005 exordio
1296 4953 1421 5005 anni
1440 4953 1824 5020 interpretatus

245 5051 356 5105 est,
383 5043 438 5094 in
466 5055 607 5095 nono
627 5056 792 5105 anno,
822 5040 1029 5095 decima
1058 5041 1279 5096 mensis.
1313 5040 1496 5095 Nonus
1523 5050 1701 5094 autem
1726 5056 1822 5094 an-

246 5146 353 5185 nus
393 5130 532 5199 apud
574 5127 827 5184 Hebraeos
869 5138 1092 5184 vocatur
1130 5130 1331 5184 mensis
1392 5130 1673 5199 septimus,
1725 5130 1819 5200 qui

247 5223 389 5294 apud
419 5236 512 5276 eos
537 5220 857 5275 vocabulum
883 5221 1043 5275 habet
1067 5222 1219 5285 theri,
1252 5229 1311 5275 ut
1340 5219 1592 5276 Kalendis
1621 5222 1823 5276 mensis

246 5313 462 5385 septimi
500 5313 574 5368 sit
599 5314 847 5367 tubarum
868 5311 1103 5381 clangor,
1136 5320 1191 5365 et
1217 5311 1425 5366 decima
1453 5313 1537 5367 die
1582 5311 1819 5380 ejusdem

246 5402 451 5458 mensis
470 5401 587 5457 dies
612 5401 802 5473 jejunii
825 5409 877 5456 et
890 5400 1220 5469 placationis.
1251 5399 1446 5466 Quinta
1464 5401 1668 5455 decima
1690 5416 1817 5455 vero

246 5493 462 5563 quando
507 5500 653 5548 totus
679 5492 818 5547 lunai
854 5492 1005 5547 orbis
1041 5491 1288 5559 expletur
1316 5492 1430 5546 dies
1466 5493 1817 5562 scenopegia-

246 5597 369 5635 rum
408 5581 567 5635 datur
595 5581 842 5651 intelligi,
872 5581 1014 5651 quod
1034 5581 1239 5636 decima
1267 5580 1353 5637 die
1374 5581 1687 5651 placationis
1714 5581 1819 5636 Do~

247 5672 460 5729 minicze
490 5679 846 5727 monstratum
873 5672 1047 5727 fuerat
1082 5673 1346 5727 Ezechieli
1369 5673 1654 5728 aedilicium
1692 5675 1819 5729 civi-

248 5763 397 5829 tatis,
442 5772 495 5819 et
541 5762 811 5838 quomodo
850 5763 1245 5819 restitutionem
1270 5764 1471 5833 populi,
1508 5765 1613 5819 imo
1644 5766 1817 5819 viviﬁ-

1928 4595 2072 4649 enim
2104 4595 2355 4649 virtutem
2376 4592 2677 4662 potestatis,
2711 4592 2947 4658 visiones
2977 4608 3106 4649 vero
3134 4593 3306 4665 ipsam
3338 4610 3501 4665 quam

1928 4692 2210 4753 acceperat
2260 4682 2650 4737 revelationem
2702 4681 3027 4749 signiﬁcant.
3079 4682 3268 4740 Manus
3305 4685 3501 4755 quippe

1928 4774 1982 4829 in
2006 4774 2208 4828 visione
2228 4780 2334 4837 est,
2359 4771 2532 4825 virtus
2553 4770 2608 4824 in
2642 4771 3112 4842 contemplatione,
3155 4773 3350 4844 quibus
3375 4791 3498 4829 ver-

1925 4864 2011 4920 bis
2053 4865 2181 4934 quid
2220 4873 2405 4934 aperte
2445 4863 2666 4927 indicat,
2699 4864 2800 4917 nisi
2832 4865 2955 4932 quia
3002 4866 3135 4919 nihil
3185 4868 3253 4922 de
3281 4868 3501 4923 civitate

1927 4969 2087 5023 quam
2121 4954 2331 5008 viderat
2352 4954 2503 5022 juxta
2529 4952 2766 5006 litteram
2799 4954 2978 5007 dicat?
3018 4954 3152 5009 Nam
3180 4956 3500 5026 spiritaliter

1926 5043 1993 5098 de
2039 5058 2102 5097 ea
2124 5043 2383 5111 loquitur,
2409 5058 2569 5111 quam
2602 5042 3337 5114 spiritalitercontemplatur.
3374 5066 3391 5097 ‹
3429 5048 3496 5102 Et

1927 5133 2133 5189 dimisit
2157 5148 2243 5187 me
2273 5147 2435 5202 super
2461 5142 2700 5186 montem
2746 5132 3015 5187 excelsum
3058 5135 3237 5189 nimis.
3272 5154 3291 5186 ι
3322 5135 3493 5203 Quem

1926 5241 2058 5296 ergo
2082 5225 2350 5295 signiﬁcat
2381 5239 2533 5278 mons
2559 5226 2809 5280 excelsus
2845 5226 3030 5291 nimis,
3076 5227 3180 5281 nisi
3237 5229 3497 5283 mediato-

1926 5330 2041 5368 rem
2089 5315 2182 5367 Dei
2231 5322 2288 5367 et
2328 5314 2605 5368 hominum
2651 5315 2922 5370 hominem
2987 5315 3263 5371 Christum
3310 5316 3493 5373 Jesum

1925 5404 1976 5475 (Ι
2006 5404 2136 5458 Tim.
2182 5403 2265 5475 ιι),
2302 5406 2392 5474 qui
2435 5407 2499 5461 de
2542 5418 2685 5462 terra
2723 5410 2959 5477 quidem,
2992 5412 3086 5466 sed
3122 5412 3262 5469 ultra
3294 5422 3493 5468 terram

1924 5496 2041 5549 est?
2086 5496 2208 5563 quia
2232 5511 2361 5550 caro
2388 5498 2629 5569 ejusdem
2663 5498 3034 5571 Redemptoris
3075 5504 3250 5559 nostri
3273 5504 3341 5559 de
3366 5500 3496 5555 imis

1922 5587 2085 5641 habet
2112 5587 2394 5641 materiam
2423 5589 2445 5641 ?
2482 5588 2575 5643 sed
2613 5589 2666 5643 in
2700 5592 2923 5646 summis
2967 5594 3279 5661 prmeminet
3305 5608 3374 5649 ex
3405 5608 3505 5664 po-

1922 5684 2139 5740 testate,
2178 5691 2336 5745 quem
2368 5680 2543 5734 minus
2601 5688 2717 5735 erat
2738 5688 2797 5735 ut
2836 5682 3109 5737 excelsum
3138 5684 3354 5747 dixerit,
3384 5684 3494 5742 nisi

1925 5765 2179 5833 adjecerit
2224 5766 2380 5821 nimis
2418 5786 2427 5820 :
2460 5769 2547 5838 qui
2589 5786 2690 5825 non
2715 5771 2885 5827 solum
2919 5774 3096 5837 homo,
3130 5775 3219 5828 scd
3262 5789 3326 5828 ex
3354 5789 3492 5840 eluso
