3936 6346
512 442 621 499 883

1160 442 1223 496 Β.
1267 442 1522 501 RABANI
1560 442 1780 501 MAURI
1820 442 2140 498 ARCIHEP.
2184 442 2493 502 MOGUNT.
2535 445 2821 503 OPERUM
2860 446 3038 505 PARS
3075 448 3139 506 il.

3680 461 3766 516 88$

508 556 632 612 dem
675 550 1027 611 humanitatis
1063 555 1420 624 conceptione
1460 572 1581 627 qua:
1612 556 1680 611 ab
1708 571 1774 611 eo
1822 562 2099 627 assumpta
2130 556 2180 617 A
2210 555 2401 611 scituri
2433 567 2577 625 sunt,
2608 559 2907 614 tolerantur
2939 562 3156 632 quidem
3187 577 3216 616 a
3254 562 3574 634 majoribus,
3607 574 3658 619 ut
3694 582 3774 622 eo.

508 656 594 703 est
617 646 757 701 Deus
790 646 951 699 homo
986 660 1093 699 nou
1124 644 1301 702 solum
1332 647 1496 703 homo
1519 646 1659 701 ultra
1701 646 1971 710 homines,
1998 646 2093 701 sed

505 738 668 792 homo
691 736 853 791 etiam
877 750 1041 806 super
1069 735 1291 806 angelos
1328 736 1520 793 factus.
1566 736 1839 811 (Ηὶετοη.)
1885 736 1977 793 Fit
1999 754 2086 792 au-

504 837 612 884 tem
644 842 806 898 super
834 842 959 882 eum
989 842 1184 883 manus
1215 828 1453 893 Domini,
1495 837 1553 883 ut
1586 826 1744 897 juxta
1778 842 2002 883 carnem
2040 828 2094 882 in

501 918 775 989 Babylone
804 918 1032 989 positus,
1083 919 1138 973 in
1194 920 1390 988 spiritu
1444 919 1513 975 ad
1542 927 1746 974 terram
1773 921 1987 975 veniret
2020 918 2095 974 Is-

502 1011 652 1065 rael:
684 1020 738 1066 et
781 1016 1123 1081 nequaquam
1155 1012 1211 1067 in
1264 1012 1498 1078 visione,
1552 1012 1648 1075 sed
1696 1013 1752 1066 in
1794 1012 2093 1068 visionibus

499 1104 596 1160 Dei
629 1114 923 1174 poneretur
972 1120 1137 1176 super
1172 1113 1415 1161 montem
1474 1105 1751 1161 excelsum
1808 1106 1993 1171 nimis,
2027 1106 2093 1160 de

497 1211 606 1266 quo
650 1196 818 1252 Isaias
868 1206 921 1252 et
957 1197 1210 1253 Michteas
1255 1197 1663 1252 vaticinantur:
1704 1216 1722 1249 (
1756 1196 1970 1264 Venite,
2004 1214 2094 1254 as-

498 1288 796 1343 cendamus
858 1288 913 1342 in
970 1296 1209 1343 montem
1252 1288 1467 1344 Domini
1518 1296 1571 1343 et
1635 1289 1704 1344 ad
1738 1290 1957 1344 domum
1996 1288 2088 1343 Dei

494 1375 665 1433 Jacob
701 1378 857 1449 (Isai.
898 1395 958 1444 ιι,
992 1364 1156 1433 Micli.
1190 1378 1289 1451 IV).
1323 1399 1342 1433 ι
1382 1378 1485 1447 Qui
1529 1394 1686 1435 mons
1719 1380 1967 1435 excelsus
2005 1387 2090 1434 est

495 1470 663 1525 nimis
703 1470 769 1525 ad
820 1470 1281 1539 comparationem
1330 1472 1595 1525 montium
1632 1480 1975 1537 caaterorum,
2022 1471 2090 1527 de

493 1559 691 1629 quibus
734 1559 1009 1632 Propheta
1045 1568 1297 1627 testatur,
1356 1559 1590 1616 dicens:
1630 1581 1648 1613 ι
1723 1561 1925 1617 Levavi
1951 1578 2088 1619 ocu-

495 1650 576 1707 los
624 1667 776 1707 meos
841 1654 895 1707 in
942 1661 1179 1719 montes,
1234 1652 1377 1708 unde
1432 1652 1615 1708 veniet
1643 1654 1904 1708 auxilium
1956 1654 2089 1709 mihi

493 1741 666 1816 (Psal.
692 1749 840 1817 cxx).
875 1766 893 1797 ι

565 1855 584 1887 ι
607 1834 782 1906 Super
796 1851 955 1905 quem
982 1846 1100 1891 erat
1115 1836 1270 1906 quasi
1287 1836 1578 1892 :ediiicium
1605 1836 1842 1893 civitatis
1862 1853 2087 1910 vergen-

2202 662 2321 701 rum
2361 663 2543 704 mores
2590 651 2658 704 ad
2692 651 2834 706 bona
2870 652 3062 708 merita
3086 664 3497 723 componantur,
3551 657 3638 711 sed
3663 674 3765 713 cum

2196 752 2291 794 eos
2322 755 2428 795 non
2459 750 2759 810 sequuntur
2779 744 2869 812 qui
2892 759 2989 813 per
3012 743 3130 798 illos
3161 746 3470 815 proﬁciant,
3504 750 3670 803 nnllns
3692 766 3766 805 sa-

2196 844 2295 899 per
2317 846 2377 886 se
2408 831 2578 887 ﬁdelis
2616 831 2837 888 fabricze
2878 832 2992 901 jam
3024 834 3229 905 lapides
3277 847 3478 906 portat.
3510 838 3653 895 Nunc
3677 841 3765 894 ita-

2196 937 2302 992 que
2342 921 2434 976 alii
2463 931 2751 993 portantur
2785 940 2814 976 a
2846 924 3021 989 nobis,
3048 939 3147 979 nos
3196 942 3327 981 vero
3371 930 3572 998 portati
3604 945 3767 985 sumus

2197 1014 2265 1069 ab
2296 1013 2433 1068 aliis.
2460 1011 2632 1068 Omne
2663 1024 2842 1069 autem
2874 1016 3085 1084 pondus
3115 1014 3335 1071 fabrica:
3366 1019 3765 1075 fundamentum

2195 1112 2401 1174 portat,
2434 1106 2559 1174 quia
2594 1120 2777 1161 mores
2804 1106 2961 1161 simul
2998 1108 3240 1161 omnium
3288 1108 3434 1163 solus
3467 1109 3769 1180 Redemptor

2196 1202 2383 1249 uoster
2409 1194 2625 1259 tolerat,
2658 1194 2723 1249 de
2751 1202 2857 1267 quo
2886 1195 3088 1251 Paulus
3135 1197 3212 1252 ait
3248 1216 3260 1252 :
3295 1218 3312 1249 ι
3350 1198 3764 1256 Fundamentum

2194 1283 2340 1339 aliud
2370 1300 2530 1340 nemo
2575 1294 2755 1355 potest
2794 1300 2997 1356 ponere
3035 1296 3232 1358 praeter
3282 1290 3336 1345 id
3374 1292 3519 1360 quod
3558 1292 3767 1362 positum

2194 1384 2275 1431 est
2306 1371 2359 1447 (Ι
2394 1374 2518 1431 Cor.
2543 1375 2652 1448 ιιι).
2697 1396 2715 1429 ι
2750 1376 2819 1431 Et
2846 1379 3145 1432 notandum
3165 1380 3307 1449 quod
3334 1382 3579 1436 eamdem
3602 1384 3769 1437 civita-

2194 1473 2300 1521 tem
2328 1480 2493 1536 quam
2512 1466 2783 1537 Propheta
2807 1470 3089 1540 conspexit
3118 1472 3187 1525 ad
3212 1481 3457 1527 austrum
3474 1484 3767 1544 vergentem

2192 1554 2346 1611 vidit.
2388 1555 2589 1612 Auster
2613 1558 2767 1615 enim
2781 1566 2975 1614 ventus
3005 1561 3097 1629 qui
3130 1560 3184 1615 in
3216 1564 3387 1616 sancti
3406 1562 3639 1632 Spiritus
3661 1574 3769 1635 typo

2191 1648 2317 1716 poni
2346 1647 2535 1713 soleat,
2555 1648 2600 1704 si
2627 1649 2718 1719 qui
2759 1650 2815 1704 in
2844 1665 3001 1705 sacro
3045 1650 3261 1721 eloquio
3289 1654 3517 1708 studiosi
3547 1662 3667 1708 sunt
3686 1670 3767 1707 re-

2193 1748 2544 1810 cognoscunt.
2585 1739 2739 1796 Sicut
2784 1756 2814 1797 e
2841 1742 3115 1797 contrario
3166 1757 3262 1812 per
3304 1744 3610 1813 aquilonem
3642 1757 3769 1813 saepe

2192 1830 2439 1887 diabolus
2483 1832 2827 1902 designatur,
2875 1834 3004 1903 quia
3034 1842 3088 1888 et
3123 1834 3213 1889 ille
3238 1844 3454 1890 retaxat
3482 1836 3540 1891 in
3584 1836 3765 1900 calore,

490 1926 565 1981 tis
590 1926 662 1981 ad
683 1934 951 1981 austrum.
984 1944 1002 1976 ι
1034 1924 1240 1996 (Greg.)
1265 1923 1572 1980 Notandum
1595 1926 1740 1996 quod
1766 1942 1874 1982 non
1897 1928 2095 1984 dicitur
2122 1934 2168 1993 Β
2195 1926 2251 1975 et
2293 1921 2619 1993 constringit
2660 1922 2714 1977 in
2753 1922 2976 1994 frigore.
3004 1922 3074 1978 Et
3115 1924 3329 1979 Veritas
3371 1925 3505 1980 dicit
3534 1942 3548 1980 :
3585 1944 3602 1975 ί
3632 1924 3768 1980 Post-

487 2030 653 2084 super
676 2030 836 2085 quem
862 2023 981 2071 erat
1010 2015 1318 2081 mdiﬁcium,
1339 2015 1435 2070 sed
1466 2033 1484 2065 ι
1515 2017 1671 2085 quasi
1700 2017 1989 2074 aediﬁcium
2016 2060 2029 2086 ,
2056 2040 2073 2074 ι

487 2113 549 2159 ιιι
602 2105 856 2161 videlicet
896 2107 1273 2162 ostenderetur
1302 2106 1447 2177 quod
1483 2122 1590 2162 non
1633 2109 1952 2178 corporalis,
1986 2112 2082 2166 sed

487 2196 747 2266 spiritalis
794 2198 1032 2253 civitatis
1082 2199 1316 2255 aediﬁcio
1344 2210 1542 2256 cuncta
1600 2201 1933 2271 dicerentur,
1987 2206 2079 2276 qui

484 2287 632 2342 enim
662 2302 769 2341 non
802 2302 860 2343 se
887 2288 1194 2354 mdiﬁcium,
1233 2291 1330 2346 sed
1380 2293 1535 2361 quasi
1566 2294 1854 2351 aediﬁcium
1881 2298 2082 2355 vidisse

487 2377 760 2447 perhibet.
821 2378 928 2433 Cor
960 2380 1303 2437 audientium
1349 2384 1417 2440 ad
1472 2385 1772 2454 spiritalem
1816 2387 2079 2446 fabricam

490 2468 691 2533 mittit,
746 2469 887 2523 sicut
958 2485 1057 2542 per
1126 2471 1471 2529 Psalmistam
1523 2474 1723 2531 dicitur
1762 2492 1778 2531 :
1819 2477 2081 2536 «Jerusa~

481 2556 588 2613 lem
637 2573 760 2628 quae
807 2558 1107 2615 aediﬁcatur
1135 2569 1192 2616 ut
1234 2562 1430 2619 civitas
1461 2562 1636 2635 (Psal.
1665 2564 1837 2638 cm).
1874 2586 1894 2620 ›
1940 2566 2076 2635 Quia

480 2648 627 2702 enim
664 2648 719 2703 in
762 2648 851 2701 illa
895 2658 1131 2706 terrente
1170 2651 1324 2721 pacis
1354 2652 1493 2708 visio
1543 2668 1611 2708 ex
1655 2664 1969 2712 sanctorum
1995 2659 2075 2713 ci-

482 2738 630 2792 vium
685 2740 1106 2810 congregatione
1164 2743 1516 2809 coustruitur,
1566 2741 1869 2802 Jerusalem
1911 2749 2077 2805 caele-

481 2829 583 2884 stis
619 2838 680 2883 ut
724 2831 919 2886 civitas
960 2831 1279 2887 aediﬁcatur.
1326 2832 1463 2898 Quia
1489 2843 1672 2892 tamen
1705 2837 1759 2892 in
1790 2840 1893 2894 hac
1923 2854 2075 2911 pere-

479 2921 800 2992 grinationis
852 2931 998 2978 terra
1042 2925 1170 2979 dum
1208 2922 1432 2996 ﬂagellis
1470 2928 1797 2996 percutitur,
1851 2931 2074 2987 tribula-

480 3015 720 3070 tionibus
762 3016 1030 3081 tunditur,
1091 3015 1210 3086 ejus
1257 3018 1465 3088 lapides
1500 3022 1744 3091 quotidie
1795 3025 2072 3093 quadran-

478 3115 607 3161 tur:
633 3116 689 3162 et
711 3108 824 3178 ipsa
850 3117 934 3165 est
955 3109 1174 3177 civitas,
1198 3111 1407 3167 scilicet
1432 3123 1623 3170 sancta
1662 3114 1925 3182 Ecclesia,
1951 3132 2073 3187 quae

478 3205 775 3266 regnatura
807 3200 859 3253 in
890 3200 1031 3256 ctelo
1082 3201 1262 3256 adhuc
1298 3202 1510 3257 laborat
1547 3204 1602 3259 in
1647 3213 1815 3273 terra,
1869 3207 1924 3261 in
1961 3222 2068 3277 qua

2184 2026 2348 2081 quam
2387 2011 2681 2069 abundavit
2704 2014 2986 2083 iniquitas,
3035 2014 3351 2086 refrigescet
3380 2018 3623 2072 charitas
3646 2016 3767 2072 mul-

2186 2112 2364 2163 torum
2398 2104 2616 2177 (Matth.
2646 2107 2822 2177 xxxv).
2866 2126 2885 2159 ι
2920 2107 3047 2163 Haec
3073 2122 3206 2179 ergo
3230 2109 3424 2165 civitas
3452 2109 3519 2164 ad
3540 2121 3767 2165 austrum

2182 2211 2410 2269 vergere
2440 2199 2658 2263 dicitur,
2705 2214 2772 2254 ac
2792 2199 2839 2254 si
2875 2208 3064 2271 aperte
3118 2202 3411 2277 diceretur.
3453 2201 3609 2270 Quod
3632 2203 3768 2273 prior

2187 2287 2277 2343 illa
2308 2290 2501 2347 civitas
2528 2305 2799 2362 synagoga
2830 2292 2884 2346 in
2912 2291 3218 2349 inﬁdelibus
3245 2295 3358 2350 suis
3377 2296 3446 2350 ad
3474 2295 3769 2365 aquilonem

2186 2380 2361 2446 stetit,
2392 2396 2513 2451 qua:
2535 2381 2592 2436 in
2616 2381 2821 2451 frigore
2860 2383 3102 2454 perﬁdiae
3136 2385 3373 2442 duravit.
3402 2386 3604 2444 Sancta
3638 2404 3757 2446 vero

2180 2470 2425 2527 Ecclesia
2475 2488 2595 2543 quae
2650 2474 2973 2531 charitatem
3022 2476 3148 2533 ﬁdei
3194 2482 3447 2553 concepit
3499 2498 3600 2553 per
3637 2483 3769 2539 caio-

2182 2576 2297 2616 rem
2320 2562 2388 2618 ad
2431 2572 2680 2620 austrum
2714 2567 2913 2638 vergit,
2945 2575 3002 2624 et
3028 2570 3185 2638 quasi
3221 2569 3396 2627 calido
3443 2584 3605 2630 vento
3628 2576 3760 2633 inni-

2179 2654 2314 2709 titur
2361 2669 2482 2724 quae
2510 2672 2619 2711 non
2658 2657 2713 2713 in
2737 2672 2834 2713 sua
2875 2658 3093 2727 ﬁducia,
3120 2662 3215 2717 sed
3256 2662 3312 2718 in
3339 2666 3483 2722 dono
3514 2668 3765 2737 spiritalis

2179 2741 2368 2812 gratiae
2396 2742 2628 2800 laetatur.

2247 2832 2317 2886 Et
2340 2833 2642 2890 introduxit
2688 2850 2775 2891 me
2827 2836 2975 2893 illuc.
3030 2838 3303 2913 (Ηὶενοη.)
3347 2842 3416 2898 Ει
3455 2845 3766 2903 subauditur

2175 2939 2370 2980 manus
2389 2925 2505 2981 Dei.
2534 2926 2664 2984 Illuc
2686 2936 2894 2996 autem,
2935 2931 3038 2986 hoc
3065 2940 3166 2998 est,
3187 2935 3342 3003 quasi
3390 2937 3459 2992 ad
3484 2938 3763 2994 aediﬁcium

2176 3013 2435 3082 civitatis,
2462 3025 2523 3073 ut
2553 3018 2684 3073 inibi
2733 3029 2929 3076 cuncta
2958 3036 3077 3091 quae
3104 3034 3261 3078 erant
3311 3026 3645 3084 intrinsecus
3670 3031 3760 3085 de-

2174 3116 2529 3163 monstraret.
2560 3107 2763 3183 (Greg.)
2789 3110 3038 3169 Caelestis
3090 3115 3328 3172 civitatis
3357 3118 3647 3175 aediﬁcium
3679 3121 3762 3178 ille

2175 3196 2367 3263 intrat,
2398 3200 2491 3270 qui
2519 3200 2573 3256 in
2604 3213 2797 3257 saneta
2819 3202 3063 3260 Ecclesia
3088 3204 3356 3263 bonorum
3394 3210 3522 3264 vias
3549 3211 3755 3267 imitan-

484 3305 504 3338 ε
556 3302 786 3358 magnus
845 3288 1104 3345 Dominus
1150 3298 1207 3345 et
1250 3289 1539 3347 laudabilis
1569 3293 1731 3349 nimis
1762 3294 1816 3349 in
1843 3294 2067 3351 civitate
2093 3279 2139 3344 ο
2170 3286 2238 3343 d0
2272 3288 2587 3344 CODSiderai
2620 3308 2633 3343 :
2663 3290 2874 3347 [uitare
2920 3294 3119 3364 quippe
3165 3304 3250 3352 est
3278 3298 3569 3354 aediﬁcium
3608 3317 3755 3372 super

476 3378 572 3434 Dei
614 3379 783 3434 nostri
812 3379 866 3433 in
905 3388 1087 3435 monte
1116 3391 1304 3437 sancto
1325 3381 1445 3452 ejus
1468 3382 1643 3455 (Psal.
1670 3385 1891 3457 nm)»
1916 3383 2069 3458 (Hie-

476 3469 631 3541 ran.)
664 3469 732 3524 Et
770 3470 825 3524 in
875 3472 1121 3527 turribus
1149 3473 1392 3529 civitatis
1422 3474 1556 3529 isius
1599 3474 1746 3531 Deus
1783 3476 2066 3546 cognosci-

476 3568 570 3613 tur
593 3560 810 3630 quando
831 3561 1091 3631 suscipiet
1124 3576 1267 3627 eam,
1298 3565 1366 3618 de
1402 3573 1581 3633 quaet
1613 3564 1743 3619 alibi
1770 3583 1783 3619 :
1816 3584 1834 3616 ο
1864 3565 2069 3621 Flumi-

473 3649 564 3707 nis
607 3651 843 3721 inpetus
903 3652 1141 3709 laetiﬁcat
1196 3656 1468 3711 civitatem
1508 3657 1605 3713 Dei
1646 3658 1819 3729 (Psal.
1870 3660 2015 3733 xcv).
2040 3681 2058 3715 ι

475 3743 591 3799 Et:
630 3762 649 3795 ι
678 3743 796 3799 Νοιι
848 3755 1030 3816 potest
1073 3747 1330 3804 abscondi
1381 3748 1577 3805 civitas
1622 3766 1785 3821 super
1826 3764 2066 3809 montem

470 3834 652 3905 posita
706 3834 923 3907 (Matth.
973 3835 1051 3910 v),
1091 3859 1111 3891 ι
1138 3854 1260 3908 qua:
1288 3839 1528 3911 loquitur
1568 3841 1622 3895 in
1677 3842 1857 3897 Isaia:
1888 3864 1905 3896 ι
1950 3845 2063 3917 Ego

2169 3376 2372 3434 electos
2410 3392 2613 3435 sanctae
2647 3379 2907 3438 Ecclesiae
2961 3383 3198 3454 qualiter
3242 3386 3297 3440 in
3340 3387 3570 3444 Domino
3606 3390 3760 3460 proﬁ-

2168 3465 2320 3520 ciunt
2358 3468 2591 3523 amando
2617 3470 2987 3526 considerare.
3025 3471 3282 3544 Quisquis
3319 3489 3452 3547 ergo
3485 3478 3539 3532 in
3576 3488 3758 3533 sancta

2167 3554 2409 3612 Ecclesia
2451 3558 2800 3616 considerare
2853 3562 3087 3619 sollicite
3108 3566 3310 3634 studet,
3334 3576 3397 3623 ut
3424 3576 3519 3623 aut
3572 3571 3627 3625 in
3664 3572 3757 3625 bo-

2166 3662 2364 3706 norum
2388 3649 2801 3722 conjugatorum
2818 3652 3010 3722 vitam,
3026 3665 3121 3711 aut
3145 3657 3200 3712 in
3223 3672 3348 3714 arce
3370 3662 3756 3718 continentium

2166 3749 2222 3796 et
2258 3742 2457 3797 omnia
2482 3758 2605 3813 qure
2643 3753 2771 3800 sunt
2814 3745 2976 3817 hujus
3013 3748 3202 3804 mundi
3249 3750 3754 3823 derelinquentium,

2171 3838 2266 3886 aut
2310 3833 2477 3888 etiam
2550 3834 2604 3889 in
2653 3834 3087 3906 prtedicatorum»
3121 3840 3437 3897 summitate
3487 3844 3754 3913 proﬁciat,

472 3924 667 3981 civitas
696 3924 871 3992 ﬁrma,
899 3928 1093 3984 civitas
1126 3945 1247 4000 qua:
1270 3941 1616 4002 oppugnatur
1641 3930 1782 4004 (lsa.
1822 3935 2000 4003 xxvi).
2036 3955 2057 4005 ι

2188 3936 2274 3975 am
2329 3922 2567 3978 civitatis
2597 3924 2653 3979 in
2689 3934 2933 3983 montem
2955 3927 3146 3996 posita:
3176 3928 3466 3985 aediﬁcium
3518 3932 3752 3987 intravit.

472 4012 590 4070 Non
638 4015 776 4070 dixit
828 4030 946 4088 quae
1004 4030 1356 4088 expugnatur,
1386 4022 1479 4075 sed
1529 4033 1873 4093 oppugnatur
1902 4039 2062 4095 :quae

469 4106 737 4163 aediﬁcata
767 4116 850 4165 est
886 4124 1048 4181 super
1069 4120 1302 4180 petram,
1329 4119 1384 4167 et
1408 4112 1552 4166 nulla
1580 4121 1901 4184 tempestate
1932 4132 2063 4172 con-

469 4198 693 4254 cutitur.
734 4198 939 4272 (Greg.)
961 4200 1091 4268 Quae
1122 4201 1375 4257 videlicet
1423 4203 1615 4258 civitas
1665 4204 1828 4259 habet
1869 4207 1959 4262 hic
2005 4207 2059 4262 in

469 4302 783 4349 sanctorum
815 4294 1057 4350 moribus
1102 4310 1356 4366 magnum
1380 4294 1492 4365 jam
1537 4297 1826 4354 aediﬁcium
1877 4315 2056 4355 suum.

466 4383 527 4439 In
563 4369 791 4439 aediﬁcio
814 4384 1015 4456 quippe
1034 4384 1175 4457 lapis
1198 4386 1428 4456 lapidem
1456 4396 1660 4458 portat,
1686 4390 1779 4460 qui
1811 4390 1944 4462 lapis
1969 4407 2060 4447 su-

470 4488 569 4546 per
597 4474 829 4544 lapidcm
858 4474 1098 4545 ponitur,
1123 4485 1183 4532 et
1211 4476 1300 4547 qui
1325 4487 1508 4547 portat
1545 4479 1776 4536 alterum
1810 4491 2060 4553 portatur

470 4566 540 4621 ab
568 4565 742 4621 altero
772 4583 785 4619 :
818 4566 899 4621 sic
946 4566 1131 4637 itaque
1176 4568 1258 4624 sic
1284 4570 1337 4625 in
1372 4580 1561 4626 sancta
1595 4571 1859 4640 Ecclesia,
1891 4591 2058 4631 unus-

469 4658 701 4729 quisque
725 4666 782 4714 et
800 4668 985 4729 portat
1012 4660 1243 4717 alterum
1261 4670 1315 4718 et
1336 4671 1586 4733 portatur
1614 4666 1683 4721 ab
1710 4666 1901 4723 altero.
1922 4666 2060 4722 Nam

468 4750 709 4807 vicissim
737 4767 796 4806 se
834 4753 1064 4822 proximi
1104 4753 1357 4820 tolerant,
1406 4763 1464 4809 ut
1502 4770 1600 4826 per
1639 4772 1734 4813 eos
1767 4758 2057 4815 aediﬁcium

471 4842 755 4900 charitatis
802 4852 1009 4914 surgat.
1065 4843 1203 4901 Hinc
1249 4845 1394 4901 enim
1438 4845 1638 4903 Paulus
1682 4849 1935 4907 admonet
1979 4852 2059 4906 di—

470 4951 602 4994 cens
642 4955 655 4991 :
690 4955 708 4988 ι
745 4935 979 4992 Invicem
1008 4953 1173 4993 onera
1196 4949 1381 4995 vestra
1407 4950 1643 5010 portate,
1676 4952 1731 4998 et
1775 4946 1854 4999 sic
1883 4947 2057 5001 adim-

469 5031 689 5103 plebitis
730 5031 901 5101 legem
928 5029 1129 5085 Christi
1156 5027 1299 5102 (Gal.
1337 5031 1435 5103 vi).
1472 5052 1491 5084 ι
1524 5032 1690 5102 Cujus
1731 5035 1865 5106 legis
1890 5036 2059 5091 virtu-

469 5134 578 5180 tem
640 5122 989 5187 denuntians,
1041 5123 1118 5184 ait
1164 5139 1179 5177 :
1235 5142 1253 5175 ι
1312 5123 1596 5183 Plenitudo
1639 5127 1771 5199 legis
1817 5129 2059 5186 charitas

467 5213 647 5283 (Rom.
690 5213 867 5282 ιιιι).»
914 5212 971 5269 Si
1009 5214 1153 5269 enim
1191 5228 1293 5287 ego
1344 5232 1441 5271 vos
1478 5227 1696 5287 portare
1751 5220 1962 5291 neglige
2002 5221 2075 5276 in

466 5304 709 5361 moribus
732 5307 946 5373 vestris,
970 5314 1026 5361 et
1052 5321 1149 5362 vos
1180 5322 1266 5363 me
1297 5306 1590 5364 intolerare
1616 5311 1961 5368 contemnitis
2003 5312 2055 5367 in

466 5396 710 5453 moribus
749 5397 909 5451 meis.
948 5396 1242 5455 Charitatis
1279 5401 1422 5455 inter
1453 5416 1553 5457 nos
1582 5400 1870 5457 aediﬁcium
1916 5404 2057 5459 unde

465 5490 665 5561 surgit,
692 5503 830 5559 quos
853 5490 1054 5544 vicaria
1100 5490 1314 5547 dilectio
1339 5508 1438 5563 per
1458 5493 1773 5563 patientiam
1802 5510 1908 5548 non
1931 5509 2058 5549 con-

462 5574 926 5651 jungit.Lapides
950 5595 1080 5636 vero
1102 5582 1195 5653 qui
1236 5582 1288 5636 in
1342 5584 1656 5639 summitate
1684 5594 1848 5655 atque
1872 5595 2053 5640 extre-

466 5671 656 5728 mitate
683 5671 901 5729 fabrica:
929 5685 1223 5745 ponuntur,
1266 5670 1366 5746 ipsi
1402 5677 1621 5746 quidem
1657 5688 1941 5748 portantur
1986 5678 2055 5731 ab

466 5764 609 5831 aliis,
667 5768 761 5822 sed
788 5765 921 5822 alios
947 5782 1288 5838 nequaquam
1334 5776 1568 5838 portant.
1602 5768 1738 5836 Quia
1771 5778 1826 5826 et
1862 5769 1918 5824 hi
1963 5769 2052 5839 qui

466 5852 526 5913 in
552 5853 715 5913 ﬁnem
744 5857 1018 5925 Ecclesim,
1072 5858 1125 5915 id
1158 5866 1255 5925 est,
1292 5860 1345 5915 in
1373 5861 1716 5916 extremitate
1749 5861 1929 5915 mundi
1956 5876 2053 5915 na-

2164 4007 2304 4063 Nam
2349 4010 2441 4079 qui
2518 4011 2867 4067 considerare
2938 4012 3229 4068 meliorum
3297 4015 3468 4071 vitam
3511 4027 3573 4071 ut
3638 4033 3757 4087 pm-

2164 4097 2315 4153 ﬁciat
2349 4099 2591 4172 negligit,
2643 4101 2818 4157 adhuc
2844 4108 2997 4157 extra
3031 4101 3296 4158 fabricam
3324 4113 3435 4160 stat
3464 4123 3479 4159 :
3508 4116 3566 4160 et
3590 4106 3642 4175 (si
3666 4107 3755 4161 ho—

2166 4206 2355 4247 norem
2382 4206 2541 4261 quem
2563 4191 2677 4261 jam
2702 4201 2889 4249 sancta
2913 4191 3155 4248 Ecclesia
3177 4193 3231 4247 in
3255 4195 3462 4250 mundo
3481 4195 3647 4252 habet
3671 4196 3755 4252 ad-

2164 4284 2398 4338 miratur
2424 4283 2580 4353 quasi
2610 4282 2900 4338 tediﬁcium
2941 4281 3076 4339 foris
3105 4284 3374 4355 conspicit
3422 4295 3478 4340 et
3509 4286 3748 4358 obstupe-

2164 4373 2267 4429 scit
2306 4389 2319 4426 :
2348 4380 2405 4429 et
2448 4372 2574 4443 quia
2622 4372 2987 4429 exterioribus
3017 4370 3149 4428 solis
3198 4373 3445 4431 intentus
3478 4385 3584 4441 est,
3613 4378 3749 4431 intus

2164 4466 2444 4535 ingressus
2463 4481 2571 4521 non
2598 4474 2703 4522 est.

2243 4591 2261 4624 ι
2284 4572 2351 4627 Et
2371 4585 2498 4627 ecce
2517 4572 2603 4625 vir
2621 4569 2779 4640 cujus
2790 4578 2912 4626 erat
2930 4575 3144 4642 species
3153 4573 3310 4642 quasi
3331 4572 3545 4642 species
3564 4574 3706 4637 aris.
3729 4590 3745 4621 ι

2169 4666 2288 4737 Ipse
2316 4664 2564 4736 signatur
2614 4664 2668 4718 in
2717 4663 2837 4718 viro
2883 4662 2973 4733 qui
2996 4662 3262 4734 ﬁguratur
3306 4678 3377 4719 ex
3430 4664 3752 4719 montezvir

2170 4764 2350 4811 autem
2379 4756 2479 4811 iste
2503 4753 2682 4810 metiri
2708 4751 2993 4808 aediﬁcium
3023 4751 3240 4808 dicitur.
3278 4751 3348 4807 Et
3391 4762 3540 4807 recte
3578 4751 3747 4807 1)οωί-

2168 4863 2271 4904 nus
2295 4863 2392 4919 per
2416 4848 2593 4902 virum
2645 4846 2895 4916 signatur
2946 4852 3003 4899 et
3031 4853 3272 4901 montem
3307 4844 3473 4915 :quia
3531 4854 3589 4900 et
3642 4844 3751 4913 ipse

2167 4940 2350 4996 omnia
2379 4940 2519 4995 intra
2551 4949 2793 4996 sanctam
2824 4937 3128 4995 Ecelesiam
3166 4937 3402 5009 disponit
3440 4936 3747 5009 judicaudo,

2167 5040 2224 5086 et
2250 5031 2365 5101 ipse
2390 5030 2636 5085 eamdem
2682 5038 2927 5085 sanctam
2954 5026 3254 5083 Ecclesium
3284 5036 3488 5098 portat,
3514 5037 3569 5082 et
3626 5040 3747 5096 por-

2163 5124 2327 5177 tando
2377 5122 2443 5177 ad
2489 5121 2732 5177 caelestia
2786 5120 3054 5177 sublevat.
3099 5119 3192 5174 Sic
3221 5119 3275 5174 in
3304 5127 3497 5174 sancto
3542 5132 3747 5188 quoque

2162 5211 2449 5283 Evangelia
2495 5213 2665 5268 isdem
2692 5204 3024 5282 Redemptor
3043 5218 3229 5266 noster
3256 5210 3498 5281 loquitur
3525 5210 3742 5264 dicens:

2167 5327 2183 5357 ε
2213 5305 2315 5373 Qui
2342 5306 2510 5361 intrat
2535 5321 2632 5375 per
2651 5306 2871 5370 ostium,
2887 5316 3076 5375 pastor
3095 5310 3181 5358 est
3206 5303 3391 5357 ovium
3418 5300 3599 5375 (Joan.
3625 5298 3700 5369 ι).
3722 5316 3739 5346 ι

2161 5398 2229 5452 Et
2277 5397 2439 5469 paulo
2464 5406 2626 5467 post:
2667 5414 2685 5447 σ
2716 5396 2828 5468 Ego
2862 5412 2983 5452 sum
3020 5396 3245 5450 ostium.
3287 5413 3308 5447 ι
3344 5393 3521 5463 Atque
3550 5392 3741 5446 iterum

2160 5500 2283 5558 post
2327 5504 2500 5559 pauca
2555 5487 2833 5560 subjungit
2862 5504 2874 5542 :
2910 5506 2929 5539 ι
2970 5488 3083 5557 Ego
3127 5502 3247 5543 sum
3279 5485 3468 5557 pastor
3492 5484 3682 5540 bonus.
3718 5498 3737 5531 ι

2162 5580 2216 5635 Si
2251 5582 2416 5651 igitur
2446 5581 2560 5651 ipse
2582 5589 2769 5650 pastor
2801 5588 2858 5635 et
2885 5580 2999 5650 ipse
3046 5579 3271 5643 ostium,
3302 5587 3359 5634 et
3380 5579 3741 5643 iutratpastor

2158 5692 2256 5746 per
2295 5676 2519 5740 ostium,
2562 5688 2661 5730 cur
2694 5691 2799 5730 non
2831 5675 2935 5729 hoc
2982 5673 3037 5728 in
3080 5673 3216 5735 loco,
3247 5680 3307 5726 et
3346 5672 3462 5742 ipse
3486 5681 3639 5724 mons
3686 5668 3738 5715 et

2156 5763 2270 5839 ipse
2308 5770 2390 5822 vir
2412 5767 2729 5838 intelligitur
2756 5766 2847 5837 qui
2876 5762 3167 5820 aediﬁcium
3200 5763 3427 5818 metitur
3449 5760 3501 5816 in
3531 5762 3735 5854 monte,

2158 5860 2244 5915 ille
2276 5859 2524 5916 videlicet
2566 5860 2650 5915 vir
2693 5858 2756 5914 de
2787 5872 2893 5928 quo
2943 5856 3211 5928 scriptum
3243 5863 3365 5911 est:
3404 5871 3423 5915 ι
3450 5851 3584 5908 Ecce
3628 5851 3732 5906 περ
