3936 6342
239 416 352 473 885

1165 410 1515 468 COMMENT.
1553 412 1619 467 ΙΝ
1656 411 2104 468 EZECHIELEM.
2144 443 2212 452 -
2251 412 2379 469 LIB.
2420 413 2560 472 XIV.

3378 420 3482 477 886

241 529 441 587 Oriens
463 540 657 582 nomen
692 524 809 593 ejus
846 522 1029 598 (Zach.
1058 520 1156 595 νι).
1214 542 1233 577 ι
1266 522 1533 596 (ιιὶενοη.)
1576 522 1819 579 Habebat
1844 538 1891 597 Α
1920 525 2399 589 cmmentariorum,
2432 524 2526 581 sed
2560 523 2826 582 funiculus
2856 525 3027 582 lincus
3054 527 3107 581 in
3148 542 3310 582 manu
3345 528 3475 599 ejus.

243 626 429 672 autem
467 614 699 686 speciem
738 627 1077 683 nequaquam
1100 611 1312 681 electri,
1344 619 1402 667 ut
1440 613 1495 667 in
1546 611 1813 684 principio

244 710 408 778 hujus
435 707 718 763 voluminis
743 705 974 773 dicitur;
1011 719 1183 774 neque
1228 704 1503 760 accinctus
1529 712 1647 759 erat
1677 718 1811 759 zona

245 816 436 864 aurea,
462 808 520 852 ut
545 800 597 853 in
623 796 844 852 Joannis
866 795 1187 866 Apocalypsi
1210 795 1393 865 (Apoc.
1420 794 1460 868 ι)
1484 796 1809 863 continetur,

245 893 342 947 scd
374 891 606 945 habebat
648 887 880 959 speciem
915 884 1071 955 juxta
1101 885 1414 964 hebraicum
1460 884 1612 953 quasi
1662 884 1809 939 aeris.

244 980 375 1035 llrcc
401 980 544 1033 enim
574 978 795 1032 materia
843 976 1050 1032 cunctis
1092 974 1319 1029 metallis
1344 975 1583 1029 vocalior
1626 982 1727 1039 est,
1756 982 1814 1029 et

246 1072 445 1124 tinnitu
488 1070 643 1139 longe
683 1074 920 1123 resonat.
972 1065 1125 1122 Unde
1150 1072 1206 1119 et
1240 1064 1295 1119 in
1325 1064 1507 1118 Daniel
1532 1064 1693 1132 (Dan.
1745 1060 1809 1134 ιι)

241 1160 297 1213 in
332 1159 560 1229 imagine
584 1173 703 1226 quae
750 1165 871 1213 erat
896 1171 960 1211 ex
1005 1170 1157 1219 auro,
1202 1161 1451 1224 argento,
1476 1168 1601 1216 acre,
1632 1150 1807 1207 ferro-

239 1264 347 1319 quc
388 1257 683 1318 compacta,
715 1260 938 1317 regnum
978 1243 1269 1300 Alexandri
1304 1251 1464 1311 atque
1501 1241 1806 1296 Gra‘corum

239 1340 293 1391 in
325 1339 448 1393 aeris
476 1337 823 1395 similitudine
851 1336 1270 1396 demonstratur,
1301 1340 1361 1385 ut
1394 1330 1595 1385 Graeca:
1618 1329 1809 1398 lingua:

237 1427 547 1497 (loquentia
590 1427 940 1497 signaretur:
977 1422 1082 1477 Per
1126 1435 1289 1491 quam
1334 1417 1676 1473 manifestum
1726 1423 1812 1471 est

237 1520 417 1574 adhuc
444 1533 539 1573 eos
569 1518 807 1586 indigere
838 1515 1081 1570 doctrina
1128 1512 1222 1583 qui
1277 1510 1461 1580 templi
1494 1508 1809 1578 spiritaliter

234 1607 558 1672 aedificandi,
591 1606 817 1661 necdum
860 1604 1021 1673 plena
1050 1616 1249 1658 novere
1299 1599 1574 1671 mysteria.
1614 1596 1803 1653 Cuncti

232 1707 416 1753 autem
455 1698 704 1753 novimus
746 1694 1019 1751 metallum
1049 1694 1171 1748 aeris
1212 1690 1368 1747 valde
1407 1704 1527 1745 esse
1560 1686 1804 1743 durabile

232 1798 398 1857 atque
446 1785 754 1842 omnimodo
791 1799 1064 1839 sonorum.
1098 1779 1272 1851 (Greg.
1306 1780 1325 1854 )
1359 1779 1497 1847 Quid
1545 1786 1630 1833 est
1674 1792 1804 1848 ergo

1916 613 2028 670 Hoc
2055 615 2195 682 quod
2229 615 2368 685 apud
2408 630 2507 670 nos
2538 614 2737 671 certius
2763 616 2991 671 habetur
3018 630 3289 686 exponere
3322 616 3481 673 debe-

1912 717 2054 757 mus.
2081 702 2292 758 Scimus
2319 711 2498 759 autem
2527 705 2668 774 quod
2714 703 2979 761 funiculus
3024 704 3196 761 lineus
3236 704 3483 762 subtilior

1912 797 1995 847 est
2028 806 2187 860 quam
2210 792 2254 846 si
2280 792 2499 848 funiculi
2525 792 2657 847 fiant
2680 792 2911 848 aliunde.
2937 793 3003 849 Et
3021 796 3149 865 quid
3170 796 3221 850 in
3248 794 3483 852 funiculo

1909 880 2075 947 lineo,
2112 881 2218 937 nisi
2260 882 2589 938 subtiliorem
2619 882 3074 952 praedicationem,
3104 884 3156 938 id
3185 892 3291 949 est,
3326 886 3483 955 spiri-

1910 970 2074 1026 talem
2102 971 2355 1028 debemus
2387 972 2665 1042 accipere?
2691 970 2929 1027 Censura
2959 972 3155 1028 etenim
3185 972 3317 1044 legis
3343 972 3483 1027 funi-

1907 1058 2061 1114 culus
2090 1059 2206 1123 fuit,
2231 1060 2324 1114 sed
2352 1059 2523 1114 lineus
2547 1075 2653 1115 non
2690 1059 2790 1113 fuit
2814 1079 2826 1113 :
2855 1060 2977 1129 quia
3007 1060 3193 1115 rudem
3228 1060 3479 1130 populum

1907 1163 2016 1203 non
2057 1149 2239 1204 subtili
2266 1150 2646 1219 praedicatione
2674 1150 2933 1213 coercuit,
2975 1150 3026 1203 in
3055 1165 3159 1219 quo
3188 1166 3283 1219 per
3310 1151 3482 1221 paeni-

1909 1238 2132 1293 tentiam
2179 1252 2288 1292 non
2336 1247 2555 1309 peccata
2594 1239 2952 1309 cogitationis,
2984 1237 3077 1293 sed
3116 1238 3293 1307 operis
3333 1252 3481 1293 rese-

1907 1326 2089 1382 cavit:
2123 1336 2179 1381 at
2207 1335 2489 1398 postquam
2532 1344 2627 1399 per
2655 1330 3000 1399 semetipsum
3036 1329 3295 1384 Dominus
3318 1330 3480 1383 etiam

1906 1416 2256 1487 cogitationes
2285 1416 2563 1471 hominum
2607 1418 2945 1488 praedicando
2976 1418 3243 1489 religatit.
3268 1426 3322 1473 et
3360 1433 3482 1487 per-

1906 1503 2103 1559 fectum
2131 1519 2253 1560 esse
2284 1515 2563 1575 peccatum
2596 1506 2758 1562 etiam
2784 1508 2838 1560 iu
2868 1507 3029 1562 corde
3059 1508 3311 1573 innotuit,
3342 1507 3480 1562 funi-

1910 1593 2088 1649 culum
2124 1594 2323 1650 lineum
2352 1596 2407 1650 in
2443 1612 2612 1651 manu
2639 1597 2829 1651 tenuit.
2844 1596 2945 1651 Ait
2976 1597 3119 1651 enim
3144 1616 3156 1651 :
3197 1615 3215 1649 ι
3242 1596 3482 1653 Audistis

1905 1685 2029 1753 quia
2060 1685 2261 1740 dictum
2288 1693 2370 1740 est
2395 1686 2652 1756 antiquis,
2694 1701 2801 1741 non
2833 1686 3204 1741 mmchaberis.
3237 1686 3349 1755 Ego
3383 1702 3481 1740 au-

1906 1784 2017 1830 tem
2045 1776 2163 1832 dico
2207 1776 2398 1831 vobis:
2426 1775 2525 1843 Qui
2556 1776 2753 1831 viderit
2798 1776 3075 1832 mulierem
3119 1777 3185 1831 ad
3216 1776 3475 1845 concupi-

230 1880 379 1949 quod
433 1886 683 1948 aspectus
733 1875 1047 1931 mediatoris
1078 1874 1173 1928 Dei
1207 1882 1262 1927 et
1304 1872 1580 1926 hominum
1607 1868 1804 1938 speciei
1834 1870 1879 1928 B
1909 1865 2165 1918 scendum
2188 1880 2330 1930 eam,
2349 1865 2461 1936 jam
2493 1865 2792 1920 moechatus
2814 1875 2897 1919 est
2923 1880 3043 1920 eam
3066 1866 3118 1921 in
3141 1867 3302 1922 corde
3323 1880 3474 1922 suo.»

228 1976 581 2038 comparatur
621 1966 766 2031 aeris,
825 1964 929 2019 nisi
976 1965 1081 2018 hoc
1123 1960 1265 2032 quod
1314 1968 1499 2028 aperte
1530 1958 1798 2022 novimus,

229 2060 361 2129 quia
396 2058 701 2129 unigenitus
747 2054 916 2109 Filius
964 2052 1192 2108 formam
1219 2049 1359 2106 servi
1403 2047 1677 2118 accipiens
1696 2046 1805 2100 fra-

222 2158 493 2230 gilitatem
546 2155 724 2211 carnis
778 2155 1027 2209 humana:
1083 2165 1178 2220 per
1242 2146 1653 2204 resurrectionis
1696 2158 1805 2199 suae

229 2248 459 2321 gloriam
516 2245 677 2300 vertit
713 2247 765 2298 in
793 2242 1188 2297 aeternitatem:
1216 2237 1342 2307 quia
1378 2236 1431 2292 in
1476 2250 1543 2290 eo
1569 2248 1696 2290 caro
1724 2231 1805 2287 fa—

227 2350 319 2395 cta
349 2346 434 2394 est
480 2334 592 2405 jam
638 2334 755 2390 sine
798 2332 905 2387 fine
952 2328 1209 2385 durabilis
1239 2345 1252 2382 :
1284 2325 1418 2381 Nam
1452 2344 1470 2377 ι
1506 2338 1732 2396 surgens
1772 2338 1803 2377 a

228 2426 459 2481 mortuis
479 2424 589 2495 jam
634 2437 739 2477 non
794 2419 1046 2482 moritur,
1077 2425 1133 2472 et
1158 2430 1305 2471 mors
1325 2415 1376 2469 ei
1406 2413 1545 2468 ultra
1571 2428 1677 2466 non
1704 2410 1804 2465 do-

228 2515 526 2569 minabitur
553 2511 723 2583 (Rom.
755 2508 854 2581 vt).
911 2528 930 2562 ι
963 2508 1103 2574 Quid
1158 2514 1245 2561 est
1279 2512 1458 2559 autem
1491 2502 1635 2573 quod
1688 2501 1801 2572 ipsa

225 2603 346 2673 ejus
391 2603 691 2659 incarnatio
733 2614 867 2655 sono
907 2596 1108 2653 metalli
1134 2602 1494 2665 comparatur,
1521 2594 1624 2647 nisi
1658 2592 1801 2661 quod

224 2711 328 2765 per
356 2695 601 2750 eamdem
650 2690 1071 2761 assumptionem
1097 2684 1445 2742 humanitatis
1473 2692 1670 2739 nostrae
1715 2682 1799 2738 in-

225 2783 411 2838 sonuit
458 2780 707 2836 omnibus
732 2778 899 2849 gloria
924 2774 1220 2845 majestatis
1240 2772 1390 2828 sum?

306 2892 323 2923 ‹
353 2872 417 2924 Et
450 2870 717 2925 funiculus
744 2868 917 2923 lineus
946 2867 1001 2921 in
1035 2881 1195 2920 manu
1221 2863 1355 2933 ejus.
1377 2881 1396 2915 ι
1429 2859 1698 2936 (Hieron)
1739 2859 1798 2915 in

224 2964 575 3035 Septuaginta
606 2961 992 3032 interpretibus
1034 2956 1302 3013 funiculus
1344 2956 1519 3010 lineus
1546 2969 1650 3008 non
1695 2952 1795 3006 ha-

223 3059 401 3122 betur,
450 3054 545 3109 sed
595 3073 613 3105 ι
644 3050 912 3106 funiculus
943 3048 1425 3105 cmmctttariorum.
1452 3064 1470 3096 ι
1504 3042 1797 3098 Funiculus

221 3160 440 3219 quoque
481 3152 601 3198 erat
650 3142 823 3196 lineus
864 3141 976 3195 sive
1016 3137 1482 3195 crementariorum
1523 3134 1578 3188 in
1631 3147 1795 3186 manu

1907 1951 2199 2009 Funiculus
2226 1970 2356 2025 ergo
2405 1954 2577 2009 lineus
2614 1962 2698 2009 est
2740 1955 3049 2025 praedicatio
3079 1956 3312 2023 subtilis,
3353 1972 3475 2027 quze

1907 2051 2143 2097 mentem
2172 2041 2437 2097 audientis
2468 2042 2626 2113 ligat,
2671 2058 2739 2099 ne
2762 2058 2821 2098 se
2844 2044 2927 2099 vel
2956 2044 3010 2098 in
3053 2044 3251 2100 misera
3280 2047 3481 2116 cogita-

1907 2132 2054 2188 tione
2077 2132 2354 2188 dissolvat.
2379 2132 2637 2203 Quodque
2658 2133 2904 2205 sequitur
2930 2152 2945 2191 :

1980 2248 1999 2282 ‹
2026 2230 2092 2285 Ει
2117 2230 2356 2286 calamus
2388 2246 2653 2288 mensurae
2698 2232 2752 2285 in
2798 2247 2959 2287 manu
2994 2234 3130 2305 ejus.
3153 2254 3171 2287 ι
3204 2235 3475 2308 (Ηίετοη.)

1904 2320 2151 2390 designat
2181 2320 2409 2391 gratiam
2446 2320 2833 2390 prophetalem,
2867 2323 2934 2379 de
2968 2339 3072 2394 qua
3103 2327 3363 2396 scriptum
3391 2336 3479 2384 est

1904 2413 1958 2467 in
1986 2414 2395 2486 quadragesimo
2438 2424 2630 2485 quarto
2658 2418 2899 2487 psalmo:
2943 2438 2961 2470 ι
2993 2420 3196 2491 Lingua
3225 2438 3343 2479 mea
3387 2439 3478 2480 ea-

1902 2500 2075 2557 lamus
2100 2504 2289 2558 scribae
2311 2502 2566 2559 velociter
2590 2505 2892 2561 scribentis.
2915 2525 2934 2559 »
2962 2505 3162 2580 (Greg.)
3189 2509 3264 2565 De
3290 2520 3474 2566 sancta

1901 2588 2141 2645 Ecclesia
2168 2606 2265 2661 per
2306 2594 2623 2663 prophetam
2670 2592 2836 2649 alium
2880 2594 3136 2652 Dominus
3168 2598 3470 2667 pollicetur,

1902 2681 2123 2738 dicens:
2160 2699 2179 2733 ι
2210 2680 2425 2738 Orietur
2466 2684 2521 2738 in
2548 2698 2612 2738 ea
2640 2684 2790 2739 viror
2826 2685 3017 2741 calami
3052 2696 3107 2742 et
3142 2685 3291 2755 junci
3340 2690 3473 2761 (Ira.

1900 2772 2088 2843 xxxv),
2112 2792 2130 2825 ι
2163 2774 2304 2844 quod
2334 2774 2388 2827 in
2415 2774 2520 2830 alio
2548 2774 2667 2831 loco
2692 2776 3006 2845 exposuisse
3032 2792 3117 2831 me
3147 2779 3389 2845 memini,
3418 2792 3477 2834 ut

1898 2876 1995 2933 per
2037 2864 2303 2920 calamum
2345 2867 2654 2935 scriptores,
2682 2881 2780 2937 per
2818 2868 3041 2936 juncum
3069 2882 3198 2925 vero
3244 2870 3475 2926 debeant

1899 2952 2171 3010 auditores
2207 2955 2451 3023 intelligi.
2498 2953 2607 3010 Sed
2645 2958 2769 3025 quia
2799 2958 2867 3012 ad
2897 2958 3177 3015 humorem
3208 2975 3383 3031 aquze,
3421 2970 3477 3015 et

1890 3037 2089 3109 juncus
2109 3048 2164 3096 et
2187 3042 2428 3097 calamus
2454 3044 2603 3098 nasci
2634 3045 2825 3110 solent,
2855 3054 2909 3101 et
2939 3061 3005 3102 ex
3040 3063 3146 3102 una
3177 3050 3474 3119 eademque

1899 3142 2035 3197 aqua
2063 3137 2287 3201 utraque
2314 3132 2620 3200 proficiunt,
2647 3142 2702 3189 et
2726 3135 2965 3191 calamus
2993 3138 3210 3207 quidem
3241 3138 3309 3192 ad
3342 3139 3476 3194 scri-

222 3199 472 3308 gjnsjde
509 3248 617 3303 quo
660 3231 715 3285 in
749 3228 1010 3284 Zacharia
1044 3227 1302 3298 scriptum
1330 3231 1415 3280 est
1462 3221 1653 3294 (Zach.
1687 3221 1792 3292 ιι),
1824 3199 1870 3263 C
1900 3219 2135 3275 bendum
2181 3199 2496 3289 assumitur,
2524 3238 2646 3278 cum
2671 3224 2836 3293 junco
2865 3241 2993 3281 vero
3009 3199 3185 3282 scribi
3230 3244 3335 3283 non
3379 3230 3475 3298 po-

221 3325 368 3394 quod
410 3320 705 3377 funiculum
751 3318 1000 3373 habuerit
1036 3315 1442 3387 geometricum,
1470 3321 1531 3365 ut
1558 3311 1796 3365 latitudi—

220 3429 348 3468 nem
376 3421 429 3466 et
475 3408 858 3481 longitudinem
888 3405 1036 3463 urbis
1073 3403 1370 3457 metiretur.
1413 3394 1795 3454 Caementario-

221 3520 343 3560 rum
379 3511 555 3556 autem
583 3498 668 3554 vel
693 3496 1002 3566 angelorum
1030 3494 1118 3565 qui
1145 3491 1236 3546 Dei
1272 3489 1497 3560 imperio
1522 3488 1796 3541 ministra-

224 3595 373 3656 bant,
401 3590 485 3645 vel
523 3589 687 3659 Moysi
714 3598 770 3642 et
802 3585 1041 3641 omnium
1070 3582 1453 3654 prophetarum
1479 3587 1642 3647 atque
1668 3591 1797 3647 apo-

221 3684 484 3740 stolorum
526 3680 617 3749 qui
646 3678 914 3733 aedificant
956 3674 1227 3728 civitatem
1270 3670 1387 3734 Dei,
1431 3677 1488 3724 et
1524 3666 1797 3736 adjutores

221 3776 307 3829 vel
338 3772 569 3828 ministri
604 3777 727 3825 sunt
757 3766 1048 3821 Dominica:
1074 3762 1384 3819 voluntatis.
1414 3760 1615 3832 (Greg.)
1657 3759 1794 3825 Quid

219 3865 367 3918 aliud
410 3858 783 3916 czcmentarios
824 3871 985 3926 quam
1034 3861 1246 3908 sanctos
1292 3852 1540 3906 doctores
1579 3848 1791 3918 accepi-

222 3970 364 4018 tnus,
407 3952 494 4020 qui
546 3947 811 4018 loquendo
854 3943 1112 4014 spiritalia
1143 3941 1208 3995 ad
1256 3940 1474 3995 caeleste
1507 3938 1793 3993 aedilicium

220 4044 373 4097 vivos
406 4040 634 4110 lapides,
659 4036 711 4091 id
745 4043 845 4099 est,
871 4034 1163 4089 electorum
1193 4032 1399 4085 animas
1435 4030 1792 4100 componunt?

219 4131 489 4202 Quidquid
526 4129 668 4185 enim
700 4125 907 4195 antiqui
950 4125 1162 4189 Patres,
1207 4122 1463 4194 quidquid
1494 4123 1789 4192 prophetae,

220 4220 479 4292 quidquid
503 4216 751 4288 apostoli,
778 4212 1033 4283 quidquid
1062 4212 1425 4283 apostolorum
1450 4226 1791 4268 successores

219 4311 384 4367 locuti
421 4318 567 4372 sunt,
612 4307 740 4377 quid
784 4304 927 4359 aliud
974 4303 1076 4358 fuit
1104 4318 1264 4373 quam
1297 4303 1613 4371 compositio
1654 4302 1787 4373 lapi-

220 4400 369 4465 dum,
408 4400 460 4453 in
503 4400 605 4453 hac
630 4411 749 4467 qua:
792 4394 1028 4466 quotidie
1061 4392 1387 4449 constniitur
1432 4391 1633 4447 fabrica
1666 4407 1791 4447 san-

221 4499 451 4545 ctorum.
476 4487 535 4541 lu
562 4486 799 4541 funiculo
824 4494 1004 4539 autem
1033 4483 1359 4539 czementarii
1386 4483 1487 4537 hoc
1513 4484 1596 4553 agi
1627 4483 1783 4549 solet,

220 4588 277 4634 ut
330 4578 579 4648 cognosci
616 4577 897 4647 aequalitas
931 4576 1014 4631 vel
1059 4577 1321 4631 rectitudo
1374 4578 1643 4647 surgentis
1692 4592 1787 4646 pa-

220 4668 371 4722 rietis
402 4667 594 4721 debeat
620 4685 633 4721 :
662 4676 715 4722 et
745 4666 789 4721 si
823 4666 959 4736 lapis
1001 4666 1147 4720 intus
1194 4674 1294 4730 est,
1322 4664 1467 4720 foras
1495 4666 1711 4731 dicitur,
1744 4669 1788 4723 si

219 4760 463 4813 exterius
488 4758 776 4828 prominet,
823 4758 1046 4812 interius
1078 4766 1381 4812 revocatur.
1409 4758 1476 4811 Et
1505 4767 1649 4813 certe
1687 4761 1788 4813 hoc

218 4846 460 4918 quotidie
510 4848 617 4917 agit
672 4846 979 4917 praedicatio
1026 4847 1303 4901 doctorum
1348 4856 1405 4901 ut
1451 4863 1788 4917 unaqquue

218 4938 399 4992 anima
432 4938 518 4992 cui
558 4938 831 5008 regiminis
875 4951 1037 4991 onera
1087 4937 1358 5005 suscipere
1402 4935 1629 4991 fortasse
1680 4952 1785 4991 non

215 5028 455 5099 expedit,
498 5028 707 5082 etiamsi
754 5028 897 5082 foras
954 5041 1212 5096 apparere
1277 5036 1521 5095 appetat,
1561 5028 1787 5082 interius

217 5128 537 5173 revocetur:
571 5126 625 5172 et
666 5132 877 5172 rursum
918 5132 1038 5186 quae
1076 5117 1243 5171 latere
1268 5118 1398 5182 vult,
1439 5126 1493 5171 et
1537 5118 1617 5172 sui
1666 5126 1784 5172 tan-

218 5208 496 5262 tummodo
525 5223 709 5262 curam
738 5222 940 5277 gerere,
972 5207 1015 5262 si
1046 5206 1146 5261 sibi
1184 5222 1245 5261 ac
1273 5206 1454 5262 multis
1480 5222 1599 5263 esse
1642 5208 1785 5263 utilis

216 5307 423 5369 potest,
456 5298 618 5351 etiam
645 5313 765 5353 cum
800 5296 964 5352 latere
995 5297 1283 5361 desiderat,
1312 5297 1549 5351 exterius
1582 5297 1785 5366 produ-

216 5398 373 5442 catur
400 5396 460 5441 ut
493 5397 781 5457 appareat:
809 5388 988 5455 sicque
1027 5384 1085 5439 fit
1116 5395 1174 5440 ut
1205 5396 1515 5441 sanctorum
1550 5388 1783 5456 lapidum

216 5477 351 5531 ordo
419 5485 681 5540 teneatur,
707 5477 832 5531 dum
875 5490 1013 5544 saepe
1065 5485 1121 5529 et
1168 5476 1352 5533 volens
1404 5478 1470 5531 ad
1525 5477 1782 5532 honorem

216 5568 401 5622 vcnirc
432 5568 721 5637 repellitur,
769 5574 823 5621 et
870 5567 1131 5621 honorem
1172 5566 1381 5637 fugiens
1428 5567 1481 5620 in
1520 5569 1658 5622 sacri
1696 5584 1784 5625 or-

216 5660 361 5715 diuis
386 5675 511 5714 arce
532 5658 857 5714 sublevatur.
884 5658 990 5713 Sed
1010 5659 1133 5728 quia
1157 5658 1297 5713 sicut
1314 5672 1411 5727 per
1433 5659 1779 5727 interpretem

215 5762 461 5807 nostrum
501 5750 803 5814 didicimus,
836 5748 1179 5804 llebrmoruttt
1226 5748 1448 5803 historia
1480 5762 1586 5802 non
1621 5748 1780 5803 habet

1897 3317 2017 3364 test.
2044 3308 2179 3376 Quid
2209 3312 2262 3365 in
2281 3310 2448 3379 junco
2471 3320 2524 3365 et
2554 3312 2761 3368 calamo
2782 3314 3167 3383 acciperemus,
3200 3316 3302 3370 nisi
3329 3318 3468 3385 quod

1893 3412 2000 3451 una
2029 3407 2113 3453 est
2145 3399 2386 3454 doctrina
2432 3402 2678 3457 veritatis
2717 3417 2836 3471 qua:
2865 3403 3062 3459 multos
3090 3405 3363 3462 auditores
3395 3407 3467 3461 ir-

1893 3489 2065 3558 rigat?
2104 3490 2196 3544 sed
2233 3491 2462 3559 irrigati,
2492 3491 2583 3545 alii
2610 3490 2678 3545 ad
2727 3493 2833 3547 hoc
2874 3507 3043 3563 usque
3090 3494 3144 3548 in
3172 3497 3339 3551 verbo
3372 3498 3465 3551 Dei

1893 3579 2204 3646 proficiunt,
2254 3587 2314 3634 ut
2347 3582 2509 3635 etiam
2556 3582 2847 3651 scriptores
2889 3581 3021 3637 fiant
3054 3583 3305 3639 videlicet
3351 3594 3466 3639 tan-

1894 3683 2054 3738 quam
2084 3669 2297 3735 calami,
2338 3670 2425 3723 alii
2471 3686 2599 3725 vero
2629 3674 2849 3726 verbum
2881 3672 3002 3726 vitae
3036 3672 3290 3740 audiunt,
3320 3675 3470 3731 bona:

1894 3760 2006 3828 spei
2057 3768 2111 3814 et
2152 3768 2418 3814 rectorum
2449 3776 2671 3830 Operam
2703 3762 2987 3815 veritatem
3027 3771 3232 3828 tenent,
3262 3766 3358 3819 sed
3391 3775 3469 3821 ta-

1894 3866 2018 3907 men
2047 3852 2114 3906 ad
2144 3853 2487 3907 scribendum
2533 3852 2835 3907 nullatenus
2866 3860 3108 3922 possunt.
3150 3852 3214 3908 lli
3248 3856 3375 3923 quid
3412 3857 3467 3912 in

1893 3958 2031 4012 aqua
2058 3944 2154 3998 Dei
2187 3944 2289 3998 nisi
2330 3946 2547 4014 quidam
2594 3954 2651 3999 ut
2696 3946 2771 3999 ita
2802 3946 2976 4000 dicam
2996 3944 3147 4013 junci
3177 3949 3339 4002 sunt?
3363 3947 3465 4015 Qui

1894 4034 2106 4103 quidem
2134 4034 2237 4088 viri
2285 4033 2541 4089 discendo
2566 4034 2872 4103 proficiunt,
2898 4035 2991 4091 sed
3037 4035 3247 4091 litteras
3286 4040 3467 4107 expri-

1891 4137 2042 4177 mere
2084 4137 2421 4192 nequaquam
2468 4123 2670 4177 valent.
2704 4123 3033 4194 Redemptor
3076 4125 3240 4196 igitur
3287 4134 3473 4181 noster

1890 4216 2016 4286 quia
2064 4215 2225 4270 verba
2267 4232 2385 4285 quae
2419 4217 2555 4271 dixit
2593 4218 2753 4271 etiam
2786 4232 2881 4287 per
2910 4217 3186 4273 doctorum
3228 4218 3463 4273 studium

1889 4304 2050 4359 scribi
2093 4304 2313 4375 largitus
2356 4314 2439 4360 est
2490 4306 2543 4359 in
2589 4322 2750 4361 manu
2793 4306 3057 4361 calamum
3108 4307 3281 4363 tenuit
3316 4326 3329 4362 :
3370 4310 3461 4378 qui

1888 4392 2127 4449 calamus
2156 4410 2422 4450 mensurae
2451 4395 2645 4450 dicitur
2669 4397 2794 4465 quia
2823 4397 2938 4466 ipsa
2965 4394 3243 4451 doctorum
3288 4398 3464 4453 studia

1890 4486 1990 4540 sub
2024 4484 2254 4554 quadam
2285 4486 2478 4541 occulti
2500 4487 2687 4556 judicii
2714 4486 3109 4557 dispensatione
3139 4486 3459 4553 retinentur,

1891 4583 2027 4630 utet
2054 4574 2173 4629 aliis
2198 4576 2495 4646 legentibus
2522 4575 2750 4644 prosint,
2781 4582 2835 4630 et
2862 4573 2982 4630 aliis
3010 4574 3309 4645 legentibus
3338 4591 3463 4646 pro-

1888 4667 2044 4722 desse
2087 4682 2191 4721 non
2222 4668 2449 4736 possint.
2497 4665 2649 4723 Unde
2688 4667 2857 4722 sancti
2905 4667 3130 4735 apostoli
3171 4682 3291 4723 cum
3340 4684 3458 4721 ma-

1887 4756 2111 4827 gistrum
2155 4758 2435 4811 veritatem
2464 4756 2567 4811 sibi
2608 4758 2846 4827 apertius
2885 4756 3192 4825 loquentem
3223 4759 3461 4826 require-

1888 4852 2023 4906 rent,
2053 4859 2151 4897 cur
2191 4846 2358 4899 turbis
2380 4847 2434 4899 in
2468 4845 2737 4914 parabolis
2764 4845 3091 4914 loqueretur,
3125 4848 3450 4901 audierunt:

1888 4933 2022 5000 Quia
2056 4951 2074 4983 σ
2105 4934 2257 4989 vobis
2296 4936 2477 4989 datum
2505 4944 2589 4990 est
2618 4949 2778 4990 nosse
2806 4936 3121 5005 mysterium
3154 4936 3303 5004 regni
3345 4950 3457 4991 co:—

1888 5024 2082 5089 lorum,
2124 5025 2228 5080 illis
2270 5034 2446 5080 autem
2476 5040 2580 5080 non
2624 5023 2774 5097 (Luc.
2800 5025 2940 5097 vni).
2966 5043 2986 5079 ι
3022 5025 3113 5081 Vel
3142 5034 3290 5081 certe
3318 5026 3458 5080 cala-

1889 5130 2009 5169 mus
2059 5129 2321 5169 mensurae
2358 5124 2461 5181 est,
2486 5116 2611 5184 quia
2641 5116 2695 5171 in
2726 5116 2842 5186 ipso
2886 5130 3044 5171 sacro
3088 5116 3205 5186 ejus
3245 5116 3459 5185 eloquio

1888 5205 2015 5274 quid
2053 5206 2207 5260 nobis
2243 5206 2603 5278 conscriptum
2630 5214 2733 5271 est,
2762 5207 3000 5262 occultas
3027 5222 3148 5262 esse
3182 5207 3455 5277 dispensa-

1888 5297 2066 5351 tiones
2087 5298 2473 5368 cognoscimus.
2502 5295 2637 5351 Nam
2661 5312 2758 5367 per
2778 5296 3316 5367 incomprehensibile
3337 5296 3456 5367 ejus

1884 5386 2164 5457 judicium,
2193 5396 2248 5441 et
2274 5387 2411 5442 alter
2438 5388 2578 5442 intra
2608 5402 2915 5442 mensuram
2949 5386 3244 5443 electorum
3293 5387 3456 5442 mitti-

1890 5484 1994 5541 tur,
2027 5485 2082 5533 et
2108 5477 2244 5531 alter
2271 5476 2417 5533 foras
2447 5478 2782 5547 relinquitur,
2807 5485 2867 5531 ut
2896 5476 3040 5531 nullo
3068 5477 3227 5531 modo
3251 5474 3318 5529 ad
3345 5475 3455 5531 ele-

1886 5575 2097 5621 ctorum
2142 5582 2422 5621 numerum
2472 5568 2742 5636 pertinere
2783 5574 3073 5622 mereatur.
3111 5564 3285 5621 Habet
3322 5581 3453 5637 ergo

1884 5653 2198 5721 funiculum,
2236 5656 2394 5711 habet
2436 5657 2489 5711 in
2520 5671 2679 5710 manu
2708 5657 2973 5711 calamqu
3011 5669 3311 5713 mensura:
3344 5654 3449 5722 Qui

1883 5747 2025 5801 cnim
2054 5746 2286 5803 funiculo
2312 5748 2485 5803 locum
2516 5746 2752 5813 metitur,
2779 5746 2906 5803 alibi
2933 5745 3227 5802 funiculum
3257 5744 3447 5810 trahit,
