3950 6358
528 398 632 457 887

1161 394 1217 447 Β.
1262 392 1512 446 ὶὶᾸΒᾹῩὲΙ
1554 392 1771 449 ΜᾹΙΜΠ
1812 387 2107 445 ᾹὶἶίὶίιιΕΡ

2212 384 2488 442 [ΟΟΗΝΤ.
2533 386 2821 444 OPERUM
2860 387 3041 445 PARS
3080 388 3142 445 11.

3723 392 3829 449 888

530 511 746 565 aliunde
774 508 1020 566 retrahit,
1056 516 1106 559 et
1140 507 1240 558 huc
1269 506 1437 568 ducit,
1465 520 1624 573 quem
1660 503 1877 558 aliunde
1910 501 2109 557 subdu-
2137 500 2188 559 A
2214 507 2356 565 rent,
2388 500 2483 554 sed
2525 516 2739 555 rursum
2768 502 3072 571 passionem
3117 502 3265 557 illius
3294 506 3707 574 perpendentes
3738 505 3827 558 (ie-

531 608 625 657 cit.
651 600 742 655 Sic
768 598 1022 652 nimirum
1058 596 1138 649 sic
1167 596 1476 664 redemptor
1503 603 1685 649 noster
1714 594 1768 648 in
1794 592 2113 648 collectione

529 692 805 747 hominum
838 686 999 751 facit,
1043 687 1167 741 dum
1213 686 1347 740 alios
1379 702 1408 739 a
1439 686 1552 741 suis
1583 684 1956 753 iniquitatibus
1985 683 2114 737 edu-

528 783 619 842 cit.
646 781 781 835 alios
823 781 878 835 iu
918 795 1015 834 sua
1059 778 1343 848 iniquitate
1374 777 1715 847 derelinquit.
1744 776 1801 830 ln
1844 768 2110 831 his'enim

528 888 662 942 quos
704 874 957 941 colligere
987 871 1239 940 dignatus
1273 879 1375 933 est,
1411 869 1638 925 occultte
1667 883 1938 924 mensura:
1967 866 2112 920 funi-

528 966 707 1021 culum
738 966 919 1028 traxit,
949 973 1003 1018 et
1031 964 1099 1017 ab
1128 963 1212 1017 his
1241 977 1377 1031 quos
1410 959 1791 1028 relinquendos
1825 972 1947 1013 esse
1969 957 2113 1027 judi-

530 1056 693 1117 Cavit,
720 1054 851 1123 quid
880 1052 1022 1107 aliud
1058 1053 1158 1107 nisi
1193 1051 1488 1105 funiculum
1504 1048 1781 1104 retraxit?
1808 1047 1877 1104 Ut
1904 1057 1958 1102 et
1984 1046 2109 1101 boni

531 1150 669 1201 intra
703 1161 1009 1201 mensuram
1037 1144 1276 1200 cmlestis
1317 1142 1534 1197 fabrica
1560 1149 1863 1205 teneantur,
1888 1149 1944 1194 et
1984 1137 2112 1193 mali

527 1248 678 1291 cura
715 1236 996 1299 fabricam,
1027 1236 1081 1288 in
1106 1234 1305 1304 quibus
1330 1233 1468 1287 bona
1497 1246 1617 1301 quae
1639 1231 1976 1286 aestimentur
2003 1243 2111 1283 non

525 1341 669 1394 sunt,
699 1330 850 1400 quasi
881 1330 998 1384 sine
1036 1342 1287 1382 mensura
1336 1331 1671 1380 remaneant.
1716 1322 1871 1377 Hunc
1900 1320 2114 1375 funicu-

525 1422 633 1475 lum
662 1430 714 1475 et
745 1434 1010 1475 mensurae
1050 1418 1319 1474 calamum
1358 1417 1413 1471 in
1456 1431 1622 1470 manu
1662 1430 1757 1470 sua
1802 1414 2114 1484 redemptor

524 1521 708 1567 noster
766 1511 962 1576 tenuit,
1004 1525 1125 1563 cum
1176 1507 1398 1563 Paulum
1451 1505 1753 1577 apostolum
1803 1518 2113 1575 per.appa-

525 1610 729 1657 rentem
776 1600 955 1654 virum
987 1599 1337 1653 Macedonem
1397 1595 1693 1651 admonere
1732 1595 1985 1666 dignatus
2026 1601 2113 1648 est

526 1691 664 1763 (Act.
689 1691 825 1761 xw),
849 1691 924 1744 ita
949 1700 1006 1743 ut
1027 1689 1168 1743 idem
1186 1686 1406 1742 Macedo
1426 1686 1511 1740 vir
1530 1686 1757 1751 diceret,
1787 1683 2112 1740 «Transiens

521 1781 710 1851 adjuva
745 1797 863 1837 nos.
890 1801 909 1834 ι
940 1781 1008 1835 Ει
1036 1787 1214 1834 tamen
1241 1777 1490 1834 volentes
1520 1775 1795 1847 apostolos
1823 1774 1891 1829 ad
1918 1774 2112 1845 praedi-

2218 591 2581 662 dignabantur
2610 591 2778 648 Deum
2826 594 3071 658 credere,
3118 609 3279 664 quem
3330 596 3625 650 mortalem
3669 597 3828 651 vide-

2216 681 2347 736 bant
2372 701 2385 736 :
2415 684 2555 739 unde
2591 683 2795 739 factum
2837 693 2921 739 est
2948 694 3007 739 ut
3040 686 3106 740 de
3153 685 3271 754 ejus
3302 687 3625 757 cognitione
3669 688 3831 741 dubi-

2214 781 2413 828 tarent.
2443 775 2710 831 Videbant
2735 777 2879 831 enim
2922 776 3272 841 esurientem,
3302 779 3601 842 sitientem,
3637 795 3826 835 eome-

2214 865 2462 930 dentem,
2512 867 2817 930 bibentem,
2867 868 3274 936 lassescentem,
3327 871 3729 934 dormientem,
3771 881 3827 927 et

2212 969 2408 1024 purum
2456 956 2600 1010 hunc
2642 957 2916 1011 hominem
2965 973 3086 1013 esse
3127 960 3492 1015 :estimabant.
3546 961 3822 1015 Videbunt

2215 1052 2458 1101 mortuos
2508 1047 2862 1102 suscitantem
2882 1089 2897 1113 ,
2929 1047 3172 1117 leprosos
3216 1051 3570 1105 inundantem
3592 1093 3608 1116 ,
3641 1067 3823 1107 uncos

2214 1135 2631 1203 illuminantem,
2659 1140 2926 1195 daemonia
2954 1140 3288 1209 ejicientem,
3314 1152 3369 1198 et
3406 1160 3527 1199 esse
3558 1147 3707 1199 hunc
3742 1144 3821 1195 ul-

2214 1233 2303 1279 tra
2335 1226 2585 1281 homines
2615 1213 2960 1283 Sentiebaltt:
3002 1231 3095 1285 sed
3139 1231 3254 1302 ipsa
3290 1231 3408 1301 ejus
3453 1233 3719 1289 miracula
3769 1237 3820 1287 in

2213 1332 2400 1372 eorum
2447 1320 2611 1374 corde
2657 1320 2890 1391 cogitata
2922 1315 3232 1377 hbmanitas
3263 1324 3638 1393 perturbabat,
3671 1325 3819 1377 ιιηείρ

2214 1418 2403 1465 sancta
2432 1409 2671 1465 Ecclesia
2714 1411 2815 1465 sub
2861 1424 3075 1481 sponsa:
3117 1428 3250 1468 voce
3283 1414 3428 1468 hunc
3473 1423 3658 1483 aperte
3699 1412 3817 1480 jam

2217 1499 2400 1554 videre
2425 1499 2740 1555 desiderans
2767 1500 2883 1554 ait:
2929 1520 2948 1550 ι
2980 1501 3060 1555 Εη
3102 1504 3217 1571 ipse
3252 1511 3361 1559 stat
3397 1514 3521 1574 post
3547 1506 3815 1574 parietem

2214 1596 2462 1643 nostrum
2505 1586 2682 1661 (Cant.
2708 1591 2795 1660 ll).
2820 1609 2839 1641 ι
2873 1590 2977 1657 Qui
3024 1591 3171 1646 enim
3220 1593 3474 1649 humanis
3510 1595 3682 1650 oculis
3714 1596 3818 1649 hoc

2214 1680 2359 1749 quod
2386 1679 2452 1734 de
2500 1680 2714 1734 mortali
2751 1689 2947 1735 natura
2993 1683 3289 1753 assumpsit
3338 1684 3609 1749 ostendit,
3654 1694 3712 1740 et
3761 1686 3813 1739 in

2214 1769 2393 1840 seipse
2423 1769 2708 1826 invisibilis
2731 1773 3050 1843 permansit,
3080 1775 3132 1828 in
3162 1784 3350 1845 aperto
3374 1792 3435 1832 se
3458 1778 3637 1832 videre
3664 1793 3813 1847 qure-

525 1880 750 1933 raudum
796 1878 874 1933 ire
914 1878 968 1932 in
1012 1876 1220 1940 Asiam,
1264 1888 1372 1928 non
1401 1872 1652 1943 permisit
1693 1871 1917 1942 spiritus
1955 1868 2103 1925 Jesu.
2135 1851 2185 1913 Β
2211 1860 2352 1917 rei!“
2384 1861 2538 1930 quasi
2564 1871 2686 1931 post
2716 1863 2983 1933 parietem
3031 1866 3221 1920 stetit:
3254 1868 3383 1937 quia
3430 1868 3721 1924 videndum
3756 1884 3815 1924 sc

520 1967 659 2034 Quid
700 1974 784 2022 est
828 1965 972 2036 quod
1000 1964 1171 2021 sancti
1208 1962 1474 2032 Apostoli,
1515 1970 1570 2017 et
1606 1961 1683 2017 ibi
1710 1969 1977 2017 vocantur
2007 1959 2108 2023 ire,

521 2058 611 2112 ubi
641 2057 870 2113 fortasse
897 2071 1122 2128 pergere
1156 2070 1261 2109 non
1293 2054 1623 2124 cogitabant,
1654 2061 1710 2107 et
1744 2052 1870 2109 illuc
1900 2051 1992 2106 ubi
2021 2052 2111 2107 de-

519 2147 829 2203 siderabant
871 2161 1094 2218 pergere
1149 2144 1547 2215 prohibentur?
1592 2143 1693 2199 nisi
1742 2142 1869 2213 quia
1915 2140 2111 2197 occulti

514 2235 705 2307 judicii
753 2236 1053 2301 funiculus,
1095 2243 1153 2290 et
1193 2249 1459 2289 mensura:
1505 2234 1745 2289 calamus
1791 2241 2008 2288 tenetur
2054 2232 2112 2287 in

522 2344 683 2383 manu
703 2369 717 2394 ,
748 2337 805 2383 ut
856 2336 911 2384 et
955 2328 1044 2389 alii
1075 2327 1239 2382 verba
1268 2327 1391 2380 vitae
1420 2324 1676 2389 audiant,
1715 2335 1770 2380 et
1798 2324 1889 2379 alii
1934 2324 2111 2379 nulla-

522 2429 681 2475 tenus
712 2419 899 2474 audire
927 2431 1255 2473 mereantur.
1286 2418 1471 2472 Potest
1498 2417 1664 2471 etiam
1691 2416 1933 2471 calamus
1962 2431 2113 2470 men-

518 2524 660 2565 sura:
690 2508 971 2578 Scriptura
1016 2524 1172 2563 sacra
1209 2522 1307 2576 pro
1332 2522 1397 2561 eo
1440 2506 1661 2577 intelligi
1695 2506 1837 2577 quod
1866 2505 2112 2576 quisquis

519 2604 662 2658 hanc
689 2602 835 2671 legit,
878 2602 929 2654 in
963 2616 1025 2655 ea
1056 2600 1404 2669 semetipsum
1446 2600 1686 2663 metitur,
1718 2598 1803 2653 vel
1848 2606 2109 2666 quantum

522 2696 575 2749 in
620 2692 861 2764 spiritale
910 2691 1121 2762 prolicit
1166 2694 1400 2754 virtute,
1446 2690 1530 2745 vel
1578 2700 1837 2760 quantum
1880 2705 1912 2744 a
1956 2689 2110 2743 bonis

519 2799 639 2855 qua:
664 2790 930 2853 prmccpta
962 2790 1089 2835 sunt
1116 2781 1271 2850 longe
1300 2780 1599 2849 disjunctus
1627 2782 1911 2845 remansit,
1944 2794 2111 2849 quan-

522 2882 635 2928 tum
686 2872 800 2943 jam
859 2878 1106 2941 assurgat
1165 2871 1235 2924 ad
1292 2871 1433 2925 bona
1506 2870 1781 2935 facienda,
1839 2879 2105 2940 quantum

519 2966 698 3023 adhuc
734 2966 789 3021 in
827 2965 1010 3035 pravis
1056 2964 1268 3020 actibus
1316 2975 1618 3036 prostratus
1661 2966 1860 3037 jaceat.
1911 2965 2105 3036 Sequi-

524 3069 615 3115 lUl‘
640 3077 653 3115 3

600 3171 617 3202 ε
654 3150 844 3207 Stabat
891 3160 1069 3207 autem
1114 3153 1167 3207 in
1215 3162 1388 3224 porta.
1422 3172 1439 3202 ι
1492 3150 1763 3223 (nierum)
1810 3151 2005 3208 Stabat
2052 3152 2105 3207 in

521 3250 702 3313 porta,
727 3244 849 3313 quia
876 3260 973 3314 per
1001 3245 1175 3313 ipsum
1205 3244 1271 3298 ad
1301 3254 1509 3312 patrem
1536 3244 1887 3314 ingredimur,
1914 3253 1969 3299 et
1988 3244 2104 3299 sine

518 3332 637 3400 ipso
666 3332 942 3387 civitatem
972 3333 1066 3389 Dei
1095 3333 1300 3387 intrare
1341 3349 1445 3387 non
1486 3348 1795 3402 possumus:
1827 3343 1887 3387 ut
1917 3334 2106 3404 dignos

520 3423 804 3493 suscipiat,
853 3423 1099 3494 indignos
1133 3425 1373 3493 abjiciat.
1418 3424 1476 3477 lu
1508 3434 1662 3493 porta
1706 3441 1921 3495 quoque
1962 3427 2107 3496 judi-

518 3515 663 3570 cium
694 3524 808 3580 est;
860 3516 1002 3571 unde
1047 3526 1105 3570 et
1152 3516 1420 3587 Propheta
1469 3517 1636 3571 dicit:
1676 3536 1695 3567 ‹
1723 3517 1966 3573 Oderunt
2013 3536 2105 3575 ar-

520 3616 748 3679 guentes
794 3608 846 3661 in
894 3616 1048 3678 porta
1100 3608 1273 3679 (Psal.
1312 3609 1555 3677 vam);t
1584 3617 1638 3664 et
1682 3612 1733 3663 in
1795 3610 1901 3665 alio
1948 3613 2103 3667 loco:

526 3719 544 3749 ι
577 3697 692 3752 Νοη
731 3697 1132 3753 confundentur
1156 3714 1279 3754 cum
1308 3698 1597 3768 loquentur
1625 3700 1859 3756 inimicis
1906 3702 2019 3755 suis
2051 3702 2104 3757 in

522 3798 696 3857 porta.
721 3808 739 3841 ι
783 3790 881 3844 llic
914 3789 997 3843 vir
1025 3788 1235 3845 locutus
1260 3799 1343 3847 est
1381 3791 1450 3846 ad
1484 3793 1826 3861 prophetam,
1873 3793 1925 3847 in
1954 3794 2108 3863 cujus

523 3894 682 3933 manu
730 3890 847 3933 erat
899 3879 1187 3945 funiculus,
1228 3889 1285 3935 et
1328 3880 1483 3950 cujus
1530 3890 1649 3936 erat
1696 3884 1907 3951 species
1951 3884 2107 3954 quasi

520 3970 665 4033 teris,
694 3978 749 4024 et
778 3970 870 4041 qui
902 3969 1168 4025 calamum
1202 3972 1423 4027 tenebat
1448 3988 1610 4027 manu
1637 3972 1848 4028 locutus
1874 3974 1945 4029 ad
1972 3974 2108 4031 Eze-

520 4062 748 4117 chielem
788 4078 950 4118 verus
992 4063 1321 4119 architectus
1349 4079 1512 4133 quem
1541 4064 1859 4121 imitabatur
1886 4076 1940 4121 et
1969 4066 2109 4121 Pau-

520 4150 605 4205 lus
649 4151 923 4221 apostolus
978 4151 1163 4206 dioens
1200 4168 1213 4205 :
1252 4170 1270 4203 ι
1299 4152 1464 4218 Quasi
1514 4153 1729 4222 sapiens
1776 4155 2108 4211 architectus

521 4238 928 4294 fundamentum
974 4241 1128 4309 posui
1174 4240 1227 4311 (Ι
1260 4238 1382 4295 Cor.
1414 4241 1519 4314 ιιι),
1542 4262 1560 4293 ι
1592 4244 1889 4313 sapientem
1926 4256 2106 4302 autem

524 4340 683 4387 vocat
712 4332 1088 4399 architectum,
1112 4333 1178 4387 ad
1204 4333 1601 4390 distinctionem
1627 4335 1767 4391 illius
1792 4338 1882 4407 qui
1912 4338 2107 4395 stultus

520 4430 623 4476 est.
654 4421 721 4475 Et
755 4421 808 4475 in
849 4421 1112 4477 Zacharia
1144 4422 1332 4495 (Zach.
1361 4423 1439 4495 xi)
1486 4433 1669 4494 pastor
1708 4427 1966 4496 insipiens
2008 4446 2105 4500 ap-

520 4510 772 4579 pellatur.
818 4509 1019 4584 (Greg.)
1059 4513 1317 4582 Quisquis
1341 4514 1395 4567 in
1432 4522 1587 4584 porta
1617 4524 1743 4579 stat,
1778 4532 1845 4571 ex
1873 4520 2105 4586 quadam

520 4610 674 4672 parte
717 4602 863 4656 intus
909 4609 1023 4668 est,
1068 4618 1133 4657 ex
1178 4605 1412 4672 quadam
1464 4603 1596 4660 foris
1634 4607 1760 4677 quia
1796 4607 1937 4663 aliud
1983 4610 2104 4680 ejus

522 4692 656 4745 foris
703 4692 985 4760 aspicitur,
1026 4691 1171 4746 aliud
1210 4707 1341 4748 vero
1386 4694 1529 4749 intus
1577 4696 1945 4753 absconditur.
1994 4699 2102 4754 Rc-

528 4782 777 4851 demptor
810 4783 994 4851 itaque
1019 4791 1202 4838 noster
1244 4784 1557 4841 incarnatus
1591 4801 1689 4856 pro
1713 4788 1870 4842 nobis
1898 4790 2108 4845 miseri-

528 4872 768 4929 corditer
792 4882 921 4927 ante
952 4874 1217 4928 humanos
1244 4875 1430 4929 oculos
1457 4876 1609 4943 quasi
1635 4876 1689 4930 in
1735 4886 1888 4947 porta
1932 4882 2105 4945 stetit,

523 4966 612 5036 qui
651 4975 706 5018 et
743 4981 840 5034 per
871 4966 1256 5020 humanitatem
1300 4967 1527 5022 visibilis
1568 4970 1850 5037 apparuit,
1885 4980 1940 5023 et
1985 4986 2107 5025 sese

525 5055 847 5110 iuvisibilem
892 5057 944 5110 in
977 5056 1256 5112 divinitate
1300 5059 1555 5112 servavit.
1585 5058 1721 5113 Hinc
1749 5060 1892 5113 enim
1934 5060 2105 5115 Judzei

525 5147 612 5215 qui
641 5148 785 5200 hunc
809 5162 874 5201 ex
902 5146 1295 5216 Prophetarum
1326 5149 1684 5217 promissione
1713 5151 2101 5216 sustinuerant,

523 5237 762 5305 perfidia:
785 5253 895 5292 sua:
920 5237 1234 5292 confusione
1267 5239 1465 5293 turbati
1490 5249 1615 5294 sunt
1642 5256 1742 5310 per
1767 5256 1912 5307 eum,
1944 5258 2104 5311 quem

527 5328 595 5382 ad
643 5329 974 5399 ereptioucm
1017 5346 1169 5383 suam
1216 5331 1402 5384 venire
1430 5332 1774 5387 crediderant
1826 5334 2104 5388 mortalem

530 5422 800 5475 videbant.
829 5421 929 5488 Qui
963 5422 1127 5491 igitur
1154 5422 1205 5475 in
1236 5431 1387 5490 porta
1421 5430 1546 5487 stat,
1575 5425 1715 5477 sicut
1754 5425 2001 5493 superius
2024 5426 2103 5478 di-

524 5518 671 5565 ctum
705 5520 806 5570 est,
835 5525 899 5564 ex
927 5512 1158 5579 quadam
1208 5520 1360 5580 parte
1407 5511 1562 5576 foris,
1607 5529 1668 5568 ex
1712 5516 1945 5584 quadam
1978 5530 2104 5569 vero

523 5613 680 5673 parte
725 5604 869 5657 intus
897 5603 1127 5657 videtur.
1164 5602 1313 5658 Unde
1347 5620 1445 5659 nec
1489 5606 1603 5675 ipsa
1634 5605 1939 5660 Iudaeorum
1979 5622 2103 5676 pcr-

526 5691 651 5746 ftdia
704 5694 827 5747 sive
859 5693 1051 5747 divina:
1091 5695 1304 5749 virtutis
1336 5705 1420 5749 cst
1467 5697 1774 5752 ostensione
1820 5697 2098 5751 derelicta.

527 5781 657 5838 Nam
690 5785 940 5838 uurarula
989 5802 1101 5854 qua
1134 5787 1377 5840 videntes
1412 5788 1777 5851 trahebantur,
1812 5797 1867 5841 ut
1911 5788 2099 5842 credr-

2214 1954 2558 2010 manifestata
2584 1956 2871 2028 majestate
2899 1974 3007 2014 non
3040 1961 3293 2030 praebuit,
3321 1965 3480 2034 quasi
3514 1964 3657 2020 enim
3686 1973 3816 2035 post

2212 2047 2477 2116 parietem
2510 2049 2675 2112 stetit,
2706 2050 2799 2119 qui
2830 2051 3189 2107 humanitatis
3230 2061 3485 2109 naturam
3528 2070 3692 2125 quam
3727 2069 3819 2109 as-

2213 2139 2444 2208 sumpsit
2487 2140 2756 2205 ostendit,
2799 2148 2856 2196 et
2905 2142 3208 2198 divinitatis
3255 2152 3508 2199 naturam
3554 2145 3816 2199 humanis

2212 2228 2384 2285 oculis
2411 2230 2724 2285 occultavit.
2755 2229 2861 2286 Sed
2888 2232 3014 2301 quia
3040 2232 3125 2286 vir
3152 2232 3251 2289 iste
3279 2234 3331 2287 in
3363 2244 3521 2304 porta
3549 2242 3697 2289 stare
3729 2236 3812 2289 di-

2213 2322 2376 2386 citur,
2407 2323 2755 2393 quaerendum
2784 2323 2940 2378 nobis
2974 2330 3060 2379 est
3087 2331 3268 2379 utrum
3312 2326 3451 2381 facie
3481 2326 3733 2393 interius,
3762 2337 3816 2383 et

2214 2419 2366 2482 tergo
2389 2412 2630 2467 exterius
2656 2413 2829 2467 stetit.
2859 2412 2981 2467 Stat
3009 2430 3141 2484 ergo
3171 2415 3418 2480 interius,
3448 2425 3505 2471 et
3536 2417 3673 2473 facie
3714 2432 3813 2472 ex-

2213 2501 2383 2559 terius
2415 2502 2588 2557 stetit.
2616 2501 2731 2571 Qua
2782 2504 2836 2558 iu
2867 2518 2925 2558 re
2957 2504 3001 2560 si
3030 2519 3095 2559 ea
3125 2520 3247 2575 quae
3276 2515 3404 2561 sunt
3444 2509 3724 2576 praemissa
3758 2518 3810 2562 et

2213 2590 2498 2661 subjuncta
2542 2593 2907 2662 conspicimus
2941 2593 3102 2648 citius
3128 2593 3361 2663 qualiter
3388 2597 3603 2650 steterit
3652 2597 3807 2649 inve-

2213 2684 2413 2738 nimus.
2445 2682 2603 2738 Prius
2647 2684 2792 2739 enim
2840 2684 3070 2749 dicitur,
3108 2705 3126 2737 ι
3159 2685 3291 2740 Erat
3318 2687 3471 2755 quasi
3521 2688 3806 2743 aedilicium

2211 2774 2447 2830 civitatis
2472 2777 2745 2847 vergentis
2792 2777 2859 2830 ad
2904 2786 3169 2842 austrum,
3197 2785 3251 2832 et
3295 2778 3593 2833 introduin
3624 2795 3709 2835 me
3740 2780 3802 2833 il-

2210 2866 2316 2932 luc,
2344 2886 2362 2918 ι
2397 2876 2452 2923 et
2478 2867 2635 2937 paulo
2663 2876 2784 2939 post
2808 2868 2874 2923 de
2899 2871 3089 2924 eodem
3118 2870 3238 2924 viro
3263 2870 3534 2935 subditur,
3565 2891 3582 2921 ι
3614 2870 3801 2925 Stabat

2210 2967 2390 3014 autem
2439 2958 2492 3013 in
2534 2967 2723 3029 porta,
2763 2980 2782 3013 ι
2825 2961 3119 3030 statimque
3161 2959 3545 3031 subjungitur:
3581 2981 3599 3013 ι
3631 2962 3697 3016 Et
3728 2963 3802 3016 lo-

2215 3058 2367 3104 cutus
2393 3059 2478 3106 est
2506 3050 2572 3106 ad
2608 3065 2695 3106 me
2723 3051 2864 3106 idem
2891 3052 2994 3106 vir.
3020 3072 3037 3103 ι
3074 3050 3279 3123 (Greg.)
3311 3052 3411 3120 Qui
3445 3054 3592 3108 enim
3639 3054 3799 3109 intro-

2213 3141 2373 3195 ducto
2407 3143 2683 3211 propheta:
2708 3142 2761 3195 in
2792 3142 3101 3206 aediﬁcium,
3130 3152 3282 3196 stans
3313 3142 3366 3196 in
3398 3152 3554 3212 porta
3597 3143 3797 3197 locutus

2212 3238 2314 3291 est,
2346 3229 2588 3301 profecm
2616 3239 2833 3286 constat
2857 3233 2981 3301 quia
3011 3233 3149 3287 facie
3181 3234 3410 3287 interius
3433 3242 3485 3287 et
3526 3242 3678 3304 tergo
3710 3248 3795 3287 cx-

2211 3321 2379 3375 terius
2438 3321 2607 3375 stetit.
2660 3320 2765 3375 Sed
2823 3323 3165 3377 introzluctus
3219 3323 3489 3393 Propheta
3546 3340 3667 3379 cum
3716 3326 3792 3378 vir

2210 3402 2439 3469 stans‘in
2472 3421 2624 3483 porta
2668 3413 2881 3469 locutus
2922 3423 3025 3478 est,
3071 3414 3259 3484 procul
3287 3416 3450 3470 dubio
3494 3415 3685 3471 faciem
3729 3416 3789 3469 ad

2210 3514 2422 3575 portam
2455 3504 2687 3565 tenebat,
2715 3506 2855 3559 unde
2881 3505 3043 3559 verba
3075 3505 3343 3574 loquentis
3367 3506 3637 3559 audiebat.
3664 3506 3790 3572 Quid

2210 3602 2291 3649 est
2326 3608 2456 3663 ergo
2487 3595 2629 3663 quod
2673 3595 2758 3648 vir
2795 3594 3022 3647 interius
3063 3594 3251 3664 aspicit
3274 3634 3287 3657 ,
3334 3594 3604 3665 Propheta
3632 3593 3789 3648 foris?

2210 3689 2348 3758 Quid
2390 3695 2473 3742 est
2516 3689 2657 3757 quod
2704 3686 2821 3756 ejus
2852 3687 2953 3742 viri
2990 3687 3159 3741 facies
3195 3687 3262 3741 ad
3305 3685 3631 3751 aediﬁcium,
3673 3702 3787 3755 pro-

2209 3782 2386 3851 pheta:
2409 3795 2537 3833 vero
2572 3778 2713 3833 oculi
2758 3786 2886 3832 sunt
2923 3777 2991 3831 ad
3027 3784 3273 3847 portam;
3309 3777 3412 3830 nisi
3439 3778 3582 3847 quod
3618 3777 3789 3847 unige-

2209 3871 2354 3925 nitus
2381 3870 2559 3924 Patris
2600 3870 2802 3924 idcirco
2847 3870 3161 3923 incarnatus
3183 3876 3287 3931 est,
3320 3876 3377 3920 ut
3406 3881 3508 3921 nos
3551 3866 3619 3921 ad
3645 3865 3787 3935 spiri-

2211 3961 2317 4016 tale
2342 3960 2652 4024 aedilicium,
2692 3960 2744 4014 id
2772 3967 2857 4014 cst
2876 4000 2890 4024 ,
2929 3960 2995 4014 ad
3022 3965 3221 4013 sancte
3249 3956 3505 4012 Ecclesia:
3535 3956 3687 4011 fidem
3716 3956 3788 4009 in-

2210 4052 2563 4106 troduceret?
2604 4050 2770 4121 Cujus
2812 4050 2987 4105 oculis
3031 4050 3318 4105 :edilicium
3373 4064 3534 4103 suum
3591 4062 3789 4118 semper

2210 4143 2512 4213 aspiciunt,
2544 4142 2636 4213 qui
2665 4150 2928 4212 quantum
2956 4142 3189 4212 quisque
3224 4143 3279 4195 in
3309 4141 3604 4195 virtutibus
3638 4131 3788 4210 proft-

2211 4233 2345 4297 ciat,
2375 4232 2747 4289 indesinenter
2770 4232 3074 4287 attendunt.
3104 4231 3377 4301 Propheta
3404 4247 3535 4286 vero
3577 4246 3607 4285 a
3644 4239 3786 4302 porta

2210 4325 2279 4380 ad
2305 4333 2516 4395 portam
2562 4325 2801 4394 respicit,
2844 4325 2972 4395 quia
3002 4325 3095 4395 qui
3122 4324 3285 4379 verba
3318 4324 3414 4378 Dei
3442 4323 3628 4389 audit,
3664 4339 3787 4379 sem-

2210 4431 2309 4487 per
2334 4415 2521 4471 oculos
2550 4415 2729 4471 cordis
2777 4429 2979 4485 ponere
3008 4416 3074 4469 ad
3105 4415 3309 4469 exitum
3359 4414 3552 4477 debet,
3592 4423 3645 4468 et
3684 4414 3787 4469 sine

2211 4506 2515 4561 cessatione
2546 4505 2818 4569 meditari,
2858 4505 3076 4575 quando
3116 4521 3145 4558 a
3180 4506 3434 4574 prtesenti
3465 4505 3576 4558 vita
3619 4514 3784 4563 exeat.

2212 4604 2375 4667 atque
2429 4597 2499 4652 ad
2561 4606 2767 4650 aeterna
2820 4596 3016 4665 gaudia
3072 4595 3367 4666 pertingat.
3418 4595 3648 4664 Propter
3697 4596 3785 4649 hoc

2212 4689 2409 4758 quippe
2438 4687 2755 4742 incarnatus
2784 4695 2869 4741 est
2911 4686 3075 4750 Deus,
3101 4693 3161 4739 ut
3191 4699 3289 4739 nos
3328 4686 3693 4739 introduceret
3727 4681 3783 4735 ad

2213 4789 2394 4853 fidem,
2420 4796 2475 4843 et
2494 4788 2748 4842 educeret
2776 4788 2844 4840 ad
2873 4787 3106 4855 speciem
3132 4786 3358 4841 visionis
3385 4800 3515 4840 sute.
3563 4784 3709 4841 Unde
3737 4784 3782 4836 iu

2213 4888 2403 4935 sancto
2428 4891 2641 4947 quoque
2666 4876 2960 4947 Evangelia
2989 4876 3245 4946 loquitur,
3279 4875 3468 4929 dicens
3494 4892 3507 4927 :
3541 4893 3557 4925 ι
3586 4872 3687 4927 Per
3710 4886 3782 4925 me

2213 4972 2257 5025 si
2283 4971 2403 5039 quis
2434 4967 2719 5030 introierit,
2750 4967 3045 5022 salvahitur
3065 4986 3076 5019 :
3100 4975 3155 5021 et
3186 4966 3537 5036 ingredietur,
3567 4974 3618 5019 et
3645 4977 3780 5034 egre-

2208 5063 2405 5124 dietur,
2442 5068 2496 5114 et
2542 5075 2740 5129 pascua
2787 5060 3026 5113 inveniet
3078 5058 3260 5129 (Ioan.
3299 5057 3374 5127 κ).
3399 5078 3416 5108 ι
3451 5048 3779 5128 ingredietur

2208 5151 2459 5207 videlicet
2501 5151 2567 5204 ad
2613 5151 2793 5214 iidem,
2835 5150 3144 5220 egredietur
3190 5150 3256 5203 ad
3304 5150 3564 5219 Speciem,
3598 5161 3776 5216 pascua

2210 5256 2339 5297 vero
2378 5242 2621 5296 inveniet
2659 5240 2713 5294 iu
2752 5252 2955 5295 tetcrna
2988 5242 3256 5295 satietate.
3288 5238 3425 5292 Hinc
3449 5241 3608 5318 etiam
3650 5235 3777 5290 Psal-

2209 5332 2369 5386 mista
2405 5333 2480 5385 ait
2518 5349 2530 5385 :
2566 5349 2583 5381 ‹
2617 5331 2875 5385 Dominus
2916 5330 3190 5384 custodiat
3237 5327 3519 5381 introitum
3564 5335 3703 5378 tuum
3730 5330 3773 5374 et

2210 5424 2413 5477 exitum
2446 5432 2595 5478 tuum
2640 5421 2813 5493 (l’sal.
2848 5423 2995 5491 cxx).
3023 5442 3041 5473 ι
3075 5421 3321 5477 Custodit
3349 5420 3493 5472 cuitu
3542 5417 3769 5471 Dominus

2212 5514 2636 5584 uniuscujusque
2660 5514 2853 5566 anima}
2885 5513 3163 5565 introitum
3189 5526 3296 5581 quo
3323 5512 3489 5565 intrat
3510 5510 3576 5562 ad
3598 5507 3766 5563 fidem.

2211 5606 2412 5659 exitum
2445 5618 2659 5674 quoque
2686 5618 2793 5673 quo
2824 5603 2958 5656 exiit
2988 5602 3057 5655 ad
3100 5604 3359 5673 speciem,
3393 5608 3454 5654 ut
3494 5612 3660 5667 neque
3703 5596 3767 5647 in-

2213 5707 2365 5752 trans
2414 5695 2700 5751 ccclesiam
2761 5693 3037 5747 erroribus
3099 5693 3569 5763 supplantaretur,
3617 5696 3766 5752 neque

2214 5788 2388 5842 adhuc
2441 5786 2755 5856 temporalia
2803 5786 2867 5840 ad
2916 5793 3174 5839 attentam
3220 5784 3406 5838 exiens
3454 5780 3521 5833 ab
3565 5776 3759 5843 antiquo
