3950 6354
217 396 331 453 839

1144 403 1496 458 COMMENT.
1541 403 1605 458 IN
1646 403 2099 460 EZECIIIELEM.
2143 435 2216 447 —-
2253 408 2377 463 LIB.
2422 409 2559 466 XIV.

3395 414 3499 476 890

218 516 381 568 lmste
411 514 667 583 rapiatur.
704 510 796 567 Vir
831 514 1011 584 itaque
1038 515 1130 583 qui
1159 516 1407 585 apparuit
1436 516 1488 569 in
1518 523 1669 585 porta
1700 524 1804 570 ste-
1832 521 1881 580 Α
1909 532 2028 586 (ιιιιε
2053 533 2153 591 ego
2188 519 2467 573 ostendam
2515 521 2630 586 tibi,
2656 542 2672 568 ι
2706 521 2968 577 intentum
3011 522 3141 579 facit
3171 526 3492 584 auditorem.

217 596 313 671 tit,
345 614 505 674 atque
533 607 605 659 ita
651 605 862 660 locutus
897 614 980 661 est
1007 625 1019 659 :
1050 607 1174 675 quia
1212 608 1476 662 mediator
1506 608 1599 661 Dei
1629 615 1683 663 et
1710 609 1808 663 ho-

214 696 432 751 minum
462 694 711 750 Christus
738 693 898 751 Iesus
931 698 983 751 in
1010 697 1129 767 ipso
1158 712 1371 768 quoque
1400 697 1668 767 passionis
1696 711 1807 752 suae

217 795 487 856 tempore,
530 794 796 856 praecepta
824 787 948 840 vita:
984 786 1262 858 discipulis
1307 788 1491 843 dedit:
1525 798 1585 841 ut
1630 788 1683 842 hi
1714 788 1806 857 qui

214 877 279 933 in
319 895 442 936 eum
488 878 749 943 credunt,
794 880 860 933 ad
906 886 1117 947 portam
1162 894 1377 948 semper
1414 879 1713 948 aspiciant,
1754 889 1809 934 et

212 968 526 1038 passionem
558 968 676 1037 ejus
712 966 940 1024 sollicita
971 969 1405 1025 consideratione
1433 977 1743 1038 pensantes,
1776 985 1804 1023 a

213 1074 323 1113 suo
364 1073 575 1127 quoque
605 1057 753 1112 exitu
800 1058 978 1113 cordis
1009 1058 1197 1114 oculos
1234 1075 1338 1113 non
1386 1067 1652 1112 avertant.
1698 1057 1807 1113 Nos

212 1163 435 1216 quoque
464 1163 585 1202 cum
605 1147 716 1215 jam
752 1147 988 1203 claustra
1018 1148 1200 1203 carnis
1246 1148 1525 1218 deSpieere
1561 1148 1805 1203 mortali-

217 1242 353 1295 tatis
396 1250 591 1297 nostrae
636 1242 913 1314 angustias
952 1258 1048 1311 per
1091 1243 1434 1298 mortalitatis
1480 1244 1806 1298 desiderium

219 1334 475 1397 trmisire,
525 1334 579 1387 in
624 1349 869 1403 superna:
915 1333 1050 1388 lucis
1090 1334 1394 1389 libertatem
1446 1335 1687 1397 tendere.
1740 1336 1809 1389 ad

214 1424 459 1478 cwlestis
486 1425 674 1494 patria:
702 1425 895 1494 gaudia
925 1424 1182 1479 anhelare
1211 1425 1553 1494 cmperimus,
1584 1426 1651 1480 ad
1680 1440 1805 1495 por-

215 1522 334 1567 tam
369 1514 553 1569 oculos
581 1524 858 1570 tenemus:
890 1516 1016 1584 quia
1058 1516 1185 1569 dum
1218 1531 1249 1568 a
1277 1515 1635 1569 sacramentis
1670 1524 1803 1570 tem-

211 1606 496 1675 poralibus
541 1608 774 1663 transire
823 1608 890 1662 ad
935 1617 1135 1662 interna
1182 1608 1457 1678 cupimus,
1503 1607 1658 1676 quasi
1693 1604 1807 1675 jam

211 1695 475 1764 praesenti
501 1697 623 1751 vitae
651 1706 795 1766 terga
824 1696 1087 1757 dedimus.
1116 1705 1171 1750 et
1197 1696 1375 1751 cordis
1405 1695 1595 1750 faciem
1626 1696 1681 1750 in
1713 1694 1807 1750 de-

212 1785 422 1840 siderio
443 1785 620 1841 exitus
646 1788 814 1841 nostri
844 1787 1124 1842 habemus.

1909 609 2064 664 Facit
2106 618 2162 665 et
2205 612 2383 665 cordis
2426 611 2595 667 oculis
2630 622 3031 681 prmparatum,
3076 623 3136 669 ut
3188 619 3500 675 memoriter

1911 708 2093 756 teneat
2119 716 2239 771 qua:
2266 702 2367 757 sibi
2396 703 2727 757 ostendenda
2764 713 2909 770 sunt,
2949 708 3073 776 quia
3112 715 3173 761 ut
3203 710 3382 762 omnia
3412 726 3501 765 os-

1909 792 2202 846 tendantur
2228 791 2347 855 tibi,
2378 792 2641 847 addnctus
2685 808 2745 847 cs
2773 795 2897 849 huc.
2927 795 3043 861 Quo
3090 796 3236 851 dicto
3265 800 3501 853 ostendit

1908 881 2219 952 specialiter
2262 881 2397 935 nihil
2444 882 2653 936 theoria
2704 892 2760 936 et
2804 886 3030 938 scientia
3078 885 3289 942 dulcius
3335 904 3499 957 quam

1907 971 2171 1042 propheta
2195 971 2486 1035 desiderat,
2519 972 2743 1027 dicens:
2780 992 2798 1023 ι
2828 972 2998 1028 Unam
3030 975 3157 1043 petii
3190 991 3217 1027 a
3251 976 3498 1042 Domino,

1910 1059 2051 1113 hanc
2094 1059 2385 1129 requiram,
2425 1067 2484 1113 ut
2512 1060 2810 1115 inhabitem
2852 1061 2906 1115 in
2943 1062 3101 1117 domo
3151 1066 3361 1119 Domini
3401 1083 3500 1135 per

1909 1163 2099 1204 omnes
2116 1149 2232 1204 dies
2253 1150 2375 1204 vitae
2396 1165 2527 1204 meae
2554 1170 2566 1204 :
2592 1159 2649 1205 ut
2676 1152 2885 1207 videam
2904 1153 3229 1223 voluptatem
3262 1156 3497 1215 Domini.

1910 1249 1970 1295 ut
1997 1240 2212 1295 visitem
2253 1240 2510 1309 templum
2538 1243 2654 1312 ejus
2685 1240 2857 1313 (Psal.
2888 1242 3057 1313 xxvi).
3081 1264 3098 1294 ι
3131 1245 3281 1301 Unde
3319 1246 3488 1317 jungi:

1909 1338 1965 1385 et
1991 1329 2268 1398 loquitur:
2306 1348 2323 1379 ι
2353 1330 2595 1395 Domine,
2638 1332 2800 1387 dilexi
2839 1332 3088 1387 decorem
3137 1338 3326 1389 domus
3371 1344 3494 1397 ιιιλιι,

1909 1427 1964 1474 et
2011 1418 2188 1474 locum
2222 1419 2575 1475 habitationis
2605 1421 2787 1490 gloria:
2818 1428 2920 1475 tuae
2953 1419 3126 1489 (Psal.
3155 1424 3301 1491 xxv).
3328 1444 3343 1474 ι
3384 1426 3497 1477 Λιι-

1910 1512 2117 1578 nuntia,
2144 1512 2351 1581 inquit,
2383 1513 2597 1578 omnia,
2622 1528 2743 1583 quae
2774 1521 2830 1567 tu
2858 1514 3029 1578 vides,
3073 1514 3253 1568 domui
3299 1514 3497 1577 Israel,

1909 1610 1969 1655 ut
2014 1603 2107 1672 qui
2136 1616 2233 1673 per
2274 1617 2333 1656 se
2359 1603 2543 1659 videre
2589 1618 2694 1657 non
2743 1613 3002 1673 possunt,
3048 1619 3147 1673 per
3186 1614 3237 1659 te
3287 1605 3499 1659 discant

1909 1706 2029 1763 qua:
2062 1691 2161 1747 tibi
2213 1706 2244 1745 a
2290 1692 2518 1747 Domino
2571 1693 3031 1749 demonstrantur.
3069 1694 3258 1749 Domni
3314 1705 3494 1750 autem

1908 1780 2095 1847 Israel,
2126 1782 2213 1837 his
2238 1782 2331 1851 qui
2375 1792 2555 1838 mente
2592 1785 2929 1857 conspiciunt
2969 1784 3160 1851 Deum,
3198 1785 3268 1842 de
3302 1786 3497 1857 quibus

297 1893 319 1927 ι
351 1874 449 1930 Fili
502 1877 755 1941 hominis,
801 1877 925 1931 vide
976 1877 1144 1931 oculis
1189 1876 1295 1932 tuis
1334 1888 1389 1932 et
1435 1878 1656 1933 auribus
1697 1877 1804 1933 tuis
1832 1866 1880 1926 B
1908 1879 2026 1927 erat
2050 1878 2106 1925 et
2148 1868 2469 1935 Nathanael,
2512 1872 2603 1940 qui
2660 1871 2936 1929 Christum
2978 1875 3372 1930 studiosissime
3419 1890 3498 1929 re—

221 1986 243 2019 ι
288 1968 477 2022 audi.»
506 1968 585 2023 Ad
633 1968 1001 2023 testimonium
1036 1968 1363 2038 spiritalium
1408 1984 1589 2024 rerum
1637 1970 1805 2023 dedu-

212 2068 332 2124 cto,
369 2060 496 2129 quid
540 2068 625 2115 est
668 2060 811 2129 quod
854 2060 1052 2114 dicitur
1096 2059 1218 2114 vide
1267 2060 1460 2124 oculis,
1488 2070 1544 2114 et
1590 2060 1805 2115 additur

216 2149 364 2203 tuis?
386 2158 578 2205 etcum
602 2150 880 2204 subditur:
908 2150 1031 2203 audi
1054 2150 1294 2215 auribus,
1320 2149 1633 2221 adjungitur
1662 2151 1805 2205 tuis?

214 2240 329 2295 Sed
357 2241 633 2296 sciendum
662 2242 803 2310 quod
842 2240 985 2296 oculi
1026 2249 1190 2312 atque
1230 2255 1391 2298 aures
1430 2242 1675 2313 corporis
1709 2242 1805 2300 atl—

214 2339 349 2385 sunt
395 2331 557 2386 etiam
604 2332 935 2393 carnalibus,
968 2332 1153 2402 eisque
1200 2343 1326 2388 sunt
1370 2334 1422 2388 in
1472 2351 1570 2390 usu
1624 2351 1802 2391 rerum

213 2438 340 2491 qua?
385 2423 738 2492 corporaliter
775 2424 1043 2478 videntur.
1077 2423 1231 2480 Oculi
1275 2441 1403 2481 vero
1434 2412 1596 2496 atque
1644 2442 1803 2483 aures

214 2512 401 2567 cordis
448 2512 783 2568 solummodo
808 2513 1131 2584 Spiritalium
1177 2523 1339 2581 sunt,
1378 2516 1471 2585 qui
1516 2517 1803 2572 invisibilia

210 2622 314 2675 per
339 2608 663 2663 intellectum
690 2610 899 2675 vident;
926 2619 980 2664 et
1009 2610 1221 2665 laudem
1251 2610 1345 2665 Dei
1385 2610 1501 2664 sine
1544 2624 1678 2664 sono
1707 2625 1803 2664 au-

210 2699 390 2755 diunt.
419 2699 527 2755 [las
550 2702 888 2770 omnipotens
912 2702 1168 2757 Dominus
1192 2718 1354 2757 aures
1378 2702 1655 2772 quaerebat
1678 2718 1801 2757 cum

210 2789 465 2845 diceret:
501 2811 519 2842 ‹
546 2791 645 2858 Qui
698 2793 860 2847 habet
903 2808 1065 2849 aures
1109 2792 1360 2848 audiendi
1396 2794 1589 2849 audiat
1636 2790 1798 2865 (Luc.

213 2882 357 2952 rm).
381 2901 399 2933 ι
445 2881 554 2937 Cur
582 2884 843 2954 propheta
887 2886 1139 2954 quotiens
1165 2885 1231 2940 ad
1262 2885 1487 2940 videnda
1530 2884 1796 2955 spiritalia

208 2970 461 3037 ducitur,
498 2992 516 3022 ι
548 2971 689 3027 filius
735 2974 971 3030 hominis
998 2994 1018 3027 ι
1052 2974 1379 3045 appellatur,
1416 2974 1522 3028 nisi
1571 2974 1698 3043 quia
1745 2974 1798 3028 in

209 3061 320 3115 bac
350 3062 707 3132 appellatione
754 3073 1053 3119 memorata
1093 3079 1309 3133 semper
1330 3065 1471 3133 quod
1500 3072 1585 3119 est
1614 3080 1679 3119 ex
1713 3064 1800 3118 in-

208 3149 489 3216 firmitate,
521 3167 587 3207 ne
615 3152 907 3208 extollatur
934 3154 999 3208 de
1028 3153 1500 3223 contemplationis
1531 3155 1799 3227 magnitu-

1906 1962 2189 2033 quirebat,
2216 1970 2273 2021 et
2308 1961 2507 2017 meruit
2544 1962 2771 2018 audire:
2806 1982 2825 2014 ι
2856 1964 2995 2018 Ecce
3043 1979 3204 2019 verus
3257 1964 3495 2020 Israelita

1906 2053 2098 2122 in'quo
2126 2051 2280 2107 dolus
2306 2067 2415 2107 non
2439 2060 2522 2107 est
2551 2051 2734 2124 (Joan.
2762 2053 2824 2124 ι).
2847 2073 2865 2104 ι
2895 2053 3056 2109 Videt
3094 2053 3291 2124 quippe
3320 2065 3379 2109 ut
3407 2070 3499 2108 an-

1906 2145 2117 2200 nuntiet
2142 2144 2234 2214 qui
2266 2143 2323 2198 in
2359 2158 2425 2198 eo
2466 2144 2610 2214 quod
2653 2145 2767 2214 ipse
2797 2143 3118 2216 profecerit,
3160 2146 3323 2200 etiam
3353 2161 3495 2216 pra:-

1905 2237 2133 2295 dicando
2169 2237 2235 2296 de
2261 2234 2507 2310 profecto
2549 2237 2781 2311 proximi
2812 2255 2999 2300 curaui
3043 2239 3183 2318 gerit
3213 2262 3228 2299 :
3263 2240 3415 2297 Unde
3441 2255 3496 2302 et

1905 2329 2030 2385 alibi
2060 2331 2320 2401 scriptum
2346 2339 2453 2395 est,
2482 2349 2501 2381 ‹
2523 2330 2624 2398 Qui
2645 2333 2815 2401 audit,
2843 2334 3316 2395 dicat:Veni.iCui
3345 2337 3492 2389 enim

1899 2420 2012 2490 jam
2044 2436 2155 2500 ‘vox
2205 2423 2452 2478 vocantis
2504 2421 2598 2479 Dei
2644 2424 2877 2480 edicitur
2918 2426 2975 2481 in
3037 2429 3218 2492 corde,
3270 2442 3494 2484 necesse

1903 2521 2021 2578 est,
2052 2523 2113 2567 ut
2153 2514 2402 2583 proximo
2443 2514 2844 2585 praedicationis
2888 2516 3123 2573 cilicium
3162 2527 3413 2587 erumpat
3437 2517 3493 2572 in

1902 2614 2058 2668 voce,
2104 2610 2161 2657 et
2186 2592 2400 2658 idcirco
2436 2602 2601 2658 alium
2628 2613 2804 2671 vocet,
2843 2607 2935 2676 qui
2970 2605 3082 2676 jam
3120 2607 3235 2677 ipse
3268 2615 3494 2663 vocatus

1902 2701 2006 2748 est.

1977 2804 1996 2837 ι
2025 2785 2094 2840 Et
2119 2801 2247 2842 ecce
2275 2804 2466 2844 murus
2494 2788 2796 2845 forinsecus
2824 2789 2881 2844 in
2914 2789 3148 2844 circuitu
3174 2789 3364 2845 domus
3392 2806 3489 2845 un-

1906 2898 1925 2930 ι
1971 2878 2193 2950 dique.)
2248 2877 2451 2951 (στας.)
2498 2878 2822 2950 Plerumque
2867 2880 2922 2934 in
2976 2894 3132 2935 sacro
3169 2880 3383 2949 eloquio
3417 2895 3486 2935 ex

1899 2971 2251 3041 protectionis
2287 2986 2399 3028 suae
2439 2972 2738 3027 munimine
2778 2986 2967 3027 murus
3007 2971 3111 3026 dici
3155 2971 3270 3040 ipse
3313 2971 3492 3026 incar-

1899 3070 2060 3117 natus
2104 3062 2362 3121 Dominus
2409 3063 2573 3127 solet,
2612 3063 2755 3118 sicut
2797 3063 2865 3117 de
2913 3071 3096 3118 sancta
3128 3061 3365 3117 Ecclesia
3393 3078 3489 3133 per

1901 3148 2228 3221 Prophetam
2266 3151 2484 3207 dicitur.
2515 3152 2756 3208 Ponetur
2780 3153 2833 3207 in
2859 3168 2922 3207 ea
2949 3167 3137 3207 murus
3158 3160 3213 3207 et
3241 3161 3489 3207 antemu-

206 3239 366 3297 dine?
385 3240 454 3294 Et
480 3242 770 3295 notandum
798 3243 920 3311 quia
951 3243 1163 3298 diversa
1190 3252 1315 3298 sunt
1342 3251 1402 3297 ut
1429 3212 1652 3299 dicato;
1665 3259 1797 3300 ocu—
1826 3212 1871 3275 Ο
1904 3244 2036 3299 rale.
2068 3244 2187 3314 Ipse
2232 3246 2377 3300 enim
2419 3246 2575 3301 nobis
2604 3261 2792 3301 murus
2835 3254 2949 3311 est,
2990 3246 3081 3316 qui
3127 3261 3225 3301 nos
3249 3247 3487 3316 undique

207 3328 277 3383 lis
311 3330 415 3383 tuis
440 3329 583 3394 vide,
612 3332 833 3386 auribus
864 3333 970 3387 tuis
1004 3333 1127 3387 audi
1147 3374 1161 3398 ,
1191 3341 1245 3387 et
1277 3342 1458 3388 tamen
1508 3333 1650 3387 ﬁlius
1696 3335 1797 3389 ho-

206 3424 372 3477 minis
422 3433 659 3479 vocetur.
710 3424 818 3480 Sed
860 3442 958 3497 per
1001 3427 1115 3481 hmo
1160 3427 1326 3482 verba
1374 3427 1503 3497 quid
1554 3426 1603 3481 ei
1651 3425 1796 3482 aliud

204 3522 395 3583 aperte
438 3514 637 3568 dicitur
676 3516 777 3570 nisi
824 3516 1089 3585 spiritalia
1120 3516 1437 3585 spiritaliter
1467 3516 1797 3586 aspicere‘ZEt

204 3610 389 3656 tamen
455 3602 690 3657 carnalis
742 3603 1073 3660 infirmitatis
1126 3614 1233 3659 tua:
1282 3620 1603 3660 memorare.
1658 3603 1795 3660 lIinc

200 3699 290 3747 est
317 3693 480 3747 etiam
518 3693 659 3762 quod
688 3693 1027 3764 plerumque,
1070 3696 1161 3765 qui
1208 3695 1329 3765 plus
1368 3696 1425 3751 in
1456 3694 1795 3766 contempla-

201 3783 352 3836 tione
396 3783 621 3852 rapitur,
651 3784 916 3852 contingit
949 3793 1010 3838 ut
1040 3785 1271 3854 amplius
1300 3785 1354 3839 in
1387 3787 1684 3842 tentatione
1717 3786 1794 3841 fa-

201 3874 423 3942 tigetur.
452 3873 605 3929 Sicut
632 3874 950 3944 quibusdam
981 3890 1123 3947 stripe
1162 3876 1476 3948 contingere
1506 3879 1644 3933 bene
1668 3894 1794 3950 pro-

192 3965 511 4020 ﬁcientibus
541 3965 697 4031 solet,
726 3980 958 4037 quorum
987 3975 1223 4023 mentem
1252 3968 1379 4023 dum
1409 3977 1504 4023 aut
1530 3984 1792 4039 compun-

195 4057 312 4111 ctio
342 4054 522 4121 allicit,
561 4065 654 4111 aut
682 4056 1068 4127 contemplatio
1106 4073 1271 4129 super
1304 4059 1656 4129 semetipsum
1703 4075 1793 4113 ra-

196 4147 313 4217 pit,
361 4147 546 4200 statim
585 4147 751 4202 etiam
800 4148 1027 4202 tentatio
1066 4148 1331 4217 sequitur,
1372 4162 1441 4203 ne
1481 4148 1548 4203 de
1592 4149 1678 4204 his
1721 4148 1790 4204 ad

194 4252 320 4306 qum
347 4244 500 4305 rapta
521 4244 604 4292 est
623 4236 934 4292 extollatur.
952 4235 1087 4291 Nam
1113 4238 1530 4307 compunctione
1548 4238 1632 4292 vel
1659 4254 1789 4293 con-

196 4329 549 4399 templatione
590 4330 656 4385 ad
700 4329 870 4385 Deum
915 4331 1160 4401 erigitur,
1206 4330 1300 4386 sed
1329 4332 1643 4387 tentationis
1678 4347 1789 4386 sua:

194 4423 437 4491 pondere
498 4422 873 4477 reverberatus
932 4422 1000 4476 ad
1067 4423 1457 4492 semetipsum;
1520 4433 1786 4493 quatenus

195 4513 423 4567 tentatio
480 4522 753 4583 aggravet,
807 4528 876 4567 ne
914 4514 1295 4583 contemplatio
1343 4512 1520 4578 inﬂet,
1555 4523 1606 4567 et
1653 4514 1779 4569 item

190 4603 579 4673 contemplatio
613 4604 810 4669 elevet,
870 4618 939 4658 ne
985 4604 1209 4660 tentatio
1239 4604 1532 4676 demergat.
1576 4623 1594 4655 ι
1624 4604 1778 4671 Vide,

192 4696 391 4764 inquit,
418 4694 587 4749 oculis
626 4695 732 4749 tuis
785 4702 839 4749 et
870 4695 1091 4750 auribus
1123 4695 1228 4750 tuis
1271 4696 1416 4750 audi.
1442 4715 1460 4746 ι
1511 4694 1779 4767 (Ηὶενοη.)

193 4787 311 4841 Non
354 4785 522 4840 oculis
550 4785 752 4849 carnis,
782 4786 875 4839 sed
905 4786 1126 4853 spiritus
1151 4804 1164 4839 :
1200 4800 1299 4841 nec
1327 4787 1549 4841 auribus
1584 4801 1777 4856 corpo-

193 4882 291 4943 ris,
320 4879 414 4933 sed
458 4878 669 4932 animae.
707 4897 725 4929 ι
751 4876 969 4942 Levate,
1007 4878 1203 4946 inquit,
1243 4879 1426 4933 oculos
1463 4886 1697 4943 vestros,
1726 4887 1781 4934 et

190 4969 371 5022 videte
387 4969 511 5037 quia
536 4982 739 5022 messes
754 4966 864 5033 jam
887 4967 1022 5021 alba:
1038 4978 1163 5021 sunt
1185 4969 1250 5022 ad
1276 4968 1579 5023 metendum
1595 4967 1774 5039 (Joan.

192 5062 290 5128 iv).
315 5079 332 5108 ι
363 5060 427 5113 Εῑ
456 5071 478 5111 ε
504 5078 521 5109 ι
550 5059 652 5126 Qui
692 5060 853 5113 habet
889 5074 1049 5113 aures
1089 5060 1339 5115 audiendi
1390 5061 1574 5116 audiat
1618 5060 1769 5131 (Luc.

192 5149 333 5219 vin).
359 5169 377 5199 ι
410 5150 634 5203 Videtur
674 5158 853 5202 autem
880 5148 1164 5202 {edificatio
1187 5150 1443 5215 civitatis,
1476 5162 1529 5205 et
1559 5152 1775 5206 auditur

189 5240 328 5293 ordo
367 5240 841 5305 czcremouiarum,
890 5247 944 5293 et
978 5239 1315 5294 sacerdotum
1364 5250 1628 5310 terraeque
1678 5241 1773 5295 de-

192 5329 435 5397 scriptio.
471 5329 579 5386 Nec
599 5329 794 5385 sullicit
816 5330 1134 5400 prwcepisse
1161 5338 1218 5383 ut
1238 5339 1487 5385 cerneret
1511 5329 1702 5394 oculis,
1719 5341 1776 5386 et

192 5418 406 5474 audiret
442 5421 702 5475 auribus:
735 5420 829 5475 sed
860 5418 1073 5489 adjecit,
1110 5437 1128 5469 ι
1158 5429 1213 5473 et
1238 5435 1376 5490 pone
1404 5433 1498 5474 cor
1525 5428 1671 5473 tuum
1716 5421 1769 5474 in

192 5509 406 5569 nuntia:
438 5530 456 5563 ι
491 5510 625 5576 sive,
662 5530 680 5563 ι
707 5518 763 5567 et
802 5525 938 5581 pone
977 5510 1030 5563 in
1077 5510 1240 5564 corde
1288 5520 1381 5564 tuo
1433 5510 1615 5563 omnia
1654 5526 1773 5580 quae

192 5613 298 5668 ego
339 5601 620 5656 ostendam
654 5601 811 5657 tibi.»
857 5601 999 5657 Nihil
1039 5602 1182 5657 enim
1234 5603 1451 5672 prodest
1490 5601 1691 5657 vidisse
1719 5610 1774 5656 et

196 5690 432 5757 audisse.
456 5690 559 5747 nisi
588 5707 653 5746 ea
683 5709 804 5763 qius
834 5693 1030 5747 videtis
1064 5701 1117 5748 et
1150 5692 1385 5747 audieris
1410 5693 1463 5746 in
1502 5693 1773 5749 memoriae

198 5779 503 5850 rcposueris
528 5780 800 5835 thesauro.
850 5780 1073 5848 Quando
1112 5790 1291 5836 autem
1332 5781 1498 5836 dicit:
1532 5800 1549 5833 ι
1580 5780 1769 5837 Omnia

1810 4558 1860 4617 D

1897 3336 2252 3390 custodiendo
2281 3336 2606 3391 circumdat.
2634 3336 2985 3392 Antemurale
3012 3346 3190 3392 autem
3222 3339 3361 3392 muri
3390 3354 3485 3393 no-

1895 3425 1995 3479 stri
2037 3427 2315 3496 prophetae
2356 3442 2547 3482 omnes
2592 3425 2830 3492 fuerunt,
2863 3427 2988 3497 quia
3031 3427 3345 3497 priusquam
3382 3427 3484 3481 Do-

1895 3520 2076 3575 minus
2121 3529 2410 3591 appareret
2455 3521 2509 3575 in
2548 3536 2733 3584 carne,
2766 3521 2831 3575 ad
2860 3519 3279 3575 construendum
3324 3519 3485 3574 [idem

1894 3613 2269 3682 prophetando
2294 3613 2444 3669 missi
2470 3604 2613 3668 sunt.
2645 3612 2711 3666 Et
2742 3612 3035 3665 notandum
3067 3611 3208 3681 quod
3238 3612 3338 3665 iste
3372 3626 3486 3664 mu-

1894 3719 1987 3758 rus
2013 3703 2272 3773 spiritalis
2310 3702 2525 3758 adiﬁcii
2551 3717 2668 3757 esse
2700 3700 3001 3757 forinsecus
3036 3701 3254 3757 dicitur.
3293 3700 3479 3757 Murus

1891 3792 2088 3862 quippe
2113 3792 2205 3861 qui
2250 3792 2318 3846 ad
2345 3791 2701 3847 munitionem
2743 3791 2954 3846 aedilicii
2983 3791 3335 3853 construitur,
3369 3805 3476 3845 non

1892 3881 2141 3946 interius,
2171 3881 2266 3937 sed
2313 3882 2555 3936 exterius
2593 3882 2718 3951 poni
2765 3880 2920 3935 solet.
2949 3880 3086 3948 Quid
3124 3896 3254 3951 ergo
3292 3896 3481 3937 neces-

1890 3972 2095 4026 sarium
2141 3970 2243 4025 fuit
2281 3979 2341 4026 ut
2378 3971 2648 4026 diceretur
2675 3970 2999 4040 forinsecus;
3042 3970 3171 4025 dum
3200 3986 3476 4041 nunquam

1891 4061 2019 4130 poni
2068 4076 2257 4116 murus
2299 4061 2625 4116 intrinsecus
2655 4060 2861 4126 soleat;
2907 4061 2998 4132 qui
3029 4076 3250 4118 necesse
3296 4071 3380 4116 est
3421 4070 3482 4116 ut

1890 4150 2129 4205 exterius
2159 4150 2364 4219 positus
2399 4165 2464 4204 ea
2508 4165 2629 4220 qua:
2659 4151 2804 4205 intus
2829 4160 2956 4205 sunt
2984 4149 3255 4205 defendat.
3285 4150 3391 4206 Sed
3422 4154 3477 4207 in

1890 4241 1995 4297 hoc
2038 4241 2205 4296 verbo
2231 4240 2357 4309 quid
2388 4248 2573 4311 aperte
2608 4241 2710 4295 nisi
2742 4240 3020 4296 Dominica
3054 4241 3355 4296 incarnatio
3382 4243 3476 4298 de»

1887 4331 2257 4386 monstratur?
2283 4330 2465 4386 Murus
2503 4330 2648 4386 enim
2680 4331 2835 4386 nobis
2864 4332 3008 4387 intus
3034 4340 3118 4386 est
3143 4331 3319 4386 Deus:
3357 4348 3474 4386 ntu-

1890 4438 1983 4477 rus
2012 4437 2143 4476 vero
2188 4420 2322 4476 foris
2347 4429 2449 4485 est,
2486 4420 2623 4476 Deus
2669 4421 2848 4476 homo.
2882 4421 3035 4476 Unde
3070 4422 3119 4476 ei
3165 4437 3264 4491 per
3289 4439 3477 4491 quent-

1887 4514 2009 4569 (lam
2038 4513 2353 4583 praphetam
2384 4512 2618 4566 dicitur:
2656 4531 2674 4563 ι
2702 4513 2871 4567 Ειιίδιί
2915 4514 2967 4567 in
3016 4514 3243 4568 salutem
3290 4516 3471 4585 populi

1892 4605 1989 4669 tui,
2019 4615 2079 4659 ut
2103 4604 2278 4660 salvos
2309 4603 2479 4658 facias
2507 4604 2743 4659 christos
2773 4614 2891 4659 tuos
2927 4604 3156 4674 (llabac.
3187 4606 3290 4677 ιιι).
3313 4627 3332 4658 ι
3364 4609 3468 4663 Iste

1888 4695 2086 4750 etenim
2131 4709 2318 4748 murus
2364 4693 2681 4749 incarnatus
2709 4694 2958 4749 videlicet
2990 4695 3247 4751 Dominus
3283 4713 3471 4755 nmrus

1886 4774 2041 4842 nobis
2073 4802 2179 4841 non
2224 4795 2398 4851 esset,
2430 4786 2533 4841 etsi
2579 4785 2880 4842 forinsecus
2926 4803 3031 4842 non
3078 4788 3297 4856 fuisset,
3340 4792 3466 4859 quia

1883 4878 2029 4933 intus
2055 4892 2152 4933 nos
2182 4893 2287 4932 non
2312 4884 2653 4947 protegeret;
2684 4878 2728 4933 si
2756 4879 2995 4932 exterius
3020 4888 3125 4933 non
3154 4890 3463 4950 appareret.

1885 4968 1989 5023 Sed
2019 4983 2193 5037 neque
2218 4969 2319 5023 hoc
2346 4966 2676 5036 negligenter
2706 4968 3134 5036 prmtereundum
3179 4979 3279 5032 est,
3319 4972 3464 5040 quod

1880 5060 2020 5115 idem
2066 5075 2251 5114 murus
2281 5058 2485 5128 positus
2527 5058 2746 5123 dicitur,
2789 5059 2843 5112 in
2877 5059 3105 5112 circuitu
3145 5051 3335 5114 domus
3364 5078 3463 5113 un-

1880 5151 2059 5219 dique.
2104 5151 2306 5204 Domus
2333 5149 2533 5218 quippe
2565 5148 2657 5202 Dei
2708 5164 2815 5203 non
2848 5147 3019 5202 solum
3050 5148 3221 5203 sancti
3261 5148 3461 5217 angeli,

1880 5244 1946 5297 de
1973 5240 2165 5310 quibus
2208 5239 2493 5293 Psalmista
2522 5240 2634 5293 ait:
2670 5259 2687 5289 ι
2719 5238 2965 5303 Domine,
3004 5239 3166 5293 dilexi
3212 5240 3459 5294 decorem

1879 5334 2069 5388 domus
2111 5339 2214 5385 tuae
2246 5327 2417 5400 (Psal.
2442 5336 2596 5400 nr),
2618 5347 2637 5379 ι
2670 5335 2724 5383 et
2749 5328 2927 5383 locum
2960 5328 3293 5383 tabernaculi
3340 5330 3459 5399 glo-

1878 5421 1973 5475 ria:
2009 5429 2133 5485 tute,
2163 5420 2255 5474 sed
2293 5420 2454 5473 etiam
2484 5434 2581 5472 nos
2627 5433 2833 5483 sumus,
2877 5433 3109 5494 quorum
3140 5426 3345 5473 mentes
3380 5421 3461 5473 in-

1880 5509 2124 5564 habitare
2169 5509 2437 5577 dignatur.
2484 5507 2554 5561 Et
2599 5523 2787 5563 murus
2845 5508 3083 5578 undique
3126 5508 3182 5562 in
3231 5510 3459 5566 circuitu

1880 5600 2070 5654 domus
2094 5606 2198 5662 est,
2233 5599 2356 5666 quia
2402 5598 2709 5667 unigenitus
2749 5595 2928 5651 Patris
2968 5599 3062 5667 qui
3097 5615 3311 5654 sursum
3348 5608 3455 5665 est,

1880 5688 2107 5743 ﬁrmitas
2130 5688 2462 5759 angelorum,
2490 5688 2606 5758 ipse
2643 5688 2891 5744 deorsum
2929 5686 3104 5742 factus
3130 5696 3214 5742 est
3249 5688 3459 5744 redetn.

1877 5780 1988 5849 ptio
2031 5778 2339 5833 hominum‘
2368 5777 2478 5833 Illis
2518 5777 2779 5834 fortitudo
2804 5794 2871 5835 ne
2901 5778 3124 5845 cadant,
3157 5777 3310 5834 nobis
3343 5778 3445 5834 ad‘
