3950 6334
504 413 605 473 891

1139 410 1198 465 Β.
1240 408 1494 465 RABANI
1536 408 1754 465 MAUBI
1792 405 2110 462 ARClllEP.
2158 403 2467 460 MOGUNT.
2505 401 2789 459 OPERUM
2829 399 3009 456 PARS
3048 401 3109 456 ll.

3702 400 3817 457 8θὲ

504 524 767 594 jutorium
818 528 877 575 ut
908 536 1197 592 surgamus
1238 532 1360 591 post
1389 537 1594 576 casum.
1638 522 1692 575 Si
1724 535 1854 574 vero
1886 535 1981 589 per
2010 521 2101 573 (ξο-
2134 524 2178 581 Α
2212 517 2357 572 aliud
2386 533 2546 587 quam
2578 518 2751 573 activa
2802 517 3165 587 exprimitur?
3194 518 3321 589 quia
3354 524 3511 573 sexto
3545 518 3633 573 die
3672 534 3814 588 per-

511 631 661 669 uium
693 614 785 667 Dei
811 613 912 666 hoc
940 612 1057 666 loco
1086 612 1196 666 sola
1226 614 1627 682 redemptorum
1658 611 1934 665 hominum
1966 609 2103 663 mul-

512 705 685 757 titudo
732 704 993 772 signatur,
1024 703 1261 771 undique
1300 703 1456 757 nobis
1489 702 1748 756 Dominus
1777 710 1831 756 et
1872 714 1969 771 per
1998 701 2105 755 eir-

511 795 714 849 cuitum
748 808 936 846 murus
979 800 1065 847 est
1097 810 1108 843 :
1142 794 1231 862 qui
1278 802 1336 845 ut
1366 808 1464 847 nos
1494 790 1733 862 perfecte
1773 791 2099 854 custodiret,

511 884 690 937 omnia
715 898 834 951 qua:
860 882 1041 937 docuit
1062 884 1315 937 ostendit.
1347 882 1500 937 Sicut
1522 883 1783 951 scriptum
1804 890 1915 936 est:
1939 901 1955 929 ι
1976 880 2105 946 Qum

511 977 678 1045 carpit
704 975 862 1030 .lesns
892 976 1068 1030 facere
1113 984 1166 1029 et
1214 978 1408 1030 decere
1453 976 1590 1045 (Act.
1620 974 1689 1044 ι).
1722 994 1740 1024 ι
1792 974 1927 1040 Quia
1960 973 2104 1025 enim

510 1079 708 1119 vocare
736 1082 834 1119 nos
861 1066 925 1118 ad
961 1065 1233 1119 ewlcstem
1261 1066 1490 1134 patriam
1515 1065 1683 1131 venit,
1722 1065 1977 1117 nimirum
2010 1078 2105 1117 nos

512 1157 790 1226 despicere
834 1157 968 1210 bona
1019 1158 1328 1211 transitoria
1375 1156 1593 1219 docuit,
1628 1166 1679 1210 et
1728 1156 1866 1209 mala
1902 1165 2105 1223 tempo—

516 1246 647 1299 ralia
694 1262 797 1299 non
827 1247 1037 1299 timere.
1072 1246 1221 1300 Unde
1252 1255 1307 1299 et
1333 1246 1625 1314 opprobria
1657 1246 1922 1314 despexit,
1972 1244 2108 1311 inju-

513 1339 625 1391 rias
654 1338 910 1407 pertulit,
946 1346 1171 1390 mortem
1213 1352 1319 1389 non
1353 1337 1559 1400 tiu-.uit,
1592 1336 1771 1389 erucis
1808 1335 2104 1404 patibulum

514 1440 623 1479 non
653 1424 871 1494 refugit.
916 1425 1131 1477 Etcum
1182 1426 1327 1478 hunc
1359 1424 1656 1479 voluissent
1687 1439 1897 1493 rapere,
1926 1433 1979 1479 et
2020 1438 2104 1477 rc-

513 1532 633 1585 gem
663 1519 1014 1579 constituere,
1044 1516 1229 1570 statim
1255 1515 1420 1585 fugit;
1465 1516 1593 1584 quid
1639 1514 1795 1568 nobis
1837 1513 1981 1568 aliud
2025 1514 2108 1568 his

516 1607 779 1675 exemplis
812 1608 1063 1668 innueus,
1100 1608 1205 1661 nisi
1234 1616 1292 1660 ut
1321 1608 1614 1662 debeamus
1643 1606 1801 1674 hujus
1842 1608 2029 1661 mundi
2056 1615 2111 1661 et

516 1697 739 1749 adversa
772 1710 877 1749 non
908 1705 1169 1759 metuere,
1194 1704 1249 1749 et
1278 1710 1536 1765 prospera
1579 1696 1786 1750 vitare?
1812 1694 1950 1762 Quia
1990 1695 2111 1765 plus

515 1786 833 1855 plerumque
857 1784 973 1852 ejus
1005 1787 1146 1839 bona
1170 1794 1437 1855 occupant
1482 1786 1745 1852 animum,
1775 1802 1936 1855 quam
1971 1785 2111 1839 mala

2205 609 2331 665 fecit
2356 612 2499 665 Deus
2522 611 2703 665 omnia
2732 625 2896 679 opera
2929 625 3045 664 sua.
3085 609 3302 665 Palmns
3338 624 3471 664 vero
3512 610 3604 679 qui
3632 626 3817 680 super

2206 715 2300 756 sex
2333 702 2547 757 cubitus
2573 717 2693 757 esse
2716 702 2935 765 dicitur,
2959 700 3072 770 jam
3098 702 3166 755 de
3190 702 3421 772 septimo
3444 708 3547 766 est,
3577 702 3675 757 sed
3726 710 3819 754 ta-

2207 806 2330 847 men
2358 792 2571 847 cubitus
2598 809 2703 849 non
2731 802 2833 847 cst.
2886 793 3075 846 Activa
3106 808 3233 862 ergo
3284 792 3393 845 vita
3425 792 3677 863 signatur
3706 807 3816 863 per

2209 898 2302 937 sex
2349 883 2585 948 cubitos,
2625 890 2679 936 et
2724 883 3141 953 contemplativa
3200 898 3299 951 per
3349 882 3611 952 palmum,
3673 883 3811 952 quia

2209 970 2355 1025 illam
2390 986 2553 1040 opere
2590 971 2920 1040 perficimus.
2976 972 3050 1025 De
3078 973 3178 1025 ista
3209 988 3337 1026 vero
3361 973 3524 1027 etiam
3550 989 3677 1027 cum
3711 988 3811 1026 cor

2213 1061 2500 1125 tendimus,
2560 1062 2648 1114 vix
2707 1077 2898 1131 parum
2953 1062 3158 1131 aliquid
3212 1063 3481 1132 attingere
3529 1063 3807 1117 valemus.

2210 1152 2398 1205 Activa
2428 1154 2588 1209 enim
2638 1153 2749 1206 vita
2801 1162 2902 1217 est,
2965 1169 3159 1223 panem
3210 1153 3474 1208 esurienti
3526 1155 3804 1215 tribuere,

2210 1244 2377 1298 verbo
2402 1244 2678 1311 sapientia:
2701 1245 3032 1299 nescientem
3085 1244 3301 1308 docere,
3334 1253 3609 1299 errantem
3632 1244 3815 1299 curri-

2213 1349 2357 1403 gere.
2401 1334 2466 1388 ad
2500 1333 2822 1389 humilitatis
2857 1335 2999 1388 viam
3048 1336 3447 1404 superbientem
3492 1335 3810 1405 proximum

2214 1438 2490 1488 revocare,
2544 1422 2877 1478 infirmitatis
2906 1438 3091 1478 curam
3143 1439 3351 1495 gerere,
3407 1438 3527 1493 qua:
3578 1421 3814 1492 singulis

2214 1516 2516 1586 quibusque
2544 1517 2830 1587 expedient
2872 1516 3210 1586 dispensare,
3263 1528 3318 1573 et
3340 1518 3619 1573 commissi
3651 1517 3815 1571 nobis

2217 1605 2449 1673 qualiter
2477 1606 2772 1661 subsistere
2826 1605 3065 1670 valeant,
3118 1607 3423 1676 providere.
3456 1606 3813 1675 Contempla-

2218 1694 2322 1747 tiva
2362 1708 2491 1747 vero
2531 1693 2639 1747 vita
2677 1702 2778 1758 est,
2826 1696 3148 1750 cbaritatem
3201 1696 3419 1764 quidem
3474 1696 3571 1750 Dei
3598 1704 3653 1748 et
3684 1710 3814 1763 pro-

2220 1785 2348 1838 ximi
2378 1795 2488 1840 tota
2521 1796 2701 1841 mente
2742 1788 3000 1853 retinere,
3046 1787 3144 1842 sed
3178 1790 3244 1843 ab
3276 1789 3548 1844 exteriore
3598 1788 3813 1843 actione

519 1876 861 1947 perturbant.
898 1879 1038 1931 Ante
1078 1878 1385 1946 passionem
1417 1892 1547 1932 vero
1578 1894 1729 1931 suam
1763 1876 2115 1931 contumelias
2144 1862 2189 1920 Β
2220 1876 2521 1943 quiescere,
2560 1876 2658 1930 soli
2690 1877 2959 1931 desiderio
3004 1879 3623 1944 conditoris'inbaerere,
3648 1888 3708 1934 ut
3736 1881 3816 1933 ni-

518 1966 748 2030 audivit,
788 1982 887 2023 nec
920 1975 1099 2020 tamen
1126 1966 1483 2021 contumelias
1514 1967 1769 2031 reddidit,
1798 1967 2115 2021 traditorcm

519 2071 679 2110 suum
713 2056 804 2110 diu
839 2057 1038 2111 tacitus
1074 2056 1313 2124 pertulit,
1345 2066 1399 2112 et
1426 2058 1552 2111 ficte
1579 2057 1833 2111 salutanti
1866 2058 1996 2111 dare
2032 2073 2118 2112 os-

516 2146 697 2202 culum
723 2160 830 2201 non
875 2146 1166 2201 recusavit.
1202 2146 1451 2217 Suscepit
1479 2156 1730 2213 mortem,
1764 2162 1831 2202 ne
1869 2149 2007 2202 mori
2052 2149 2117 2201 ti-

520 2254 809 2293 meremus.
836 2237 1085 2294 Ostendit
1114 2241 1593 2306 resurrectionem,
1619 2248 1679 2294 ut
1705 2255 1804 2294 nos
1828 2251 2115 2310 resurgere

523 2344 685 2397 posse
714 2331 1081 2385 crederemus.
1129 2330 1259 2385 Post
1284 2332 1591 2401 passionem
1623 2346 1837 2402 quoque
1868 2348 2019 2387 suam
2050 2334 2118 2389 de

522 2420 609 2475 his
635 2421 726 2489 qui
754 2436 812 2475 se
841 2421 1230 2475 crucifixerant
1258 2422 1323 2475 ad
1350 2421 1473 2475 ﬁdei
1505 2422 1732 2492 gratiam
1757 2422 1993 2487 vocavit,
2022 2422 2119 2476 do-

521 2527 651 2566 num
681 2526 780 2581 pro
808 2512 1094 2580 iniquitate
1140 2511 1392 2566 reddidit.
1436 2510 1539 2577 Qui
1576 2527 1706 2583 ergo
1734 2526 1832 2565 nos
1872 2512 2118 2581 exemplo

520 2615 623 2657 suo
646 2602 712 2655 de
733 2604 981 2656 omnibus
1008 2602 1286 2667 instruxit,
1312 2617 1500 2656 murus
1526 2602 1683 2657 nobis
1706 2617 1805 2672 per
1827 2601 2119 2656 circuitum

524 2700 579 2746 et
605 2692 843 2761 undique
868 2692 1046 2747 factus
1072 2701 1173 2747 est.
1214 2693 1506 2761 Sequitur:

604 2800 623 2832 ι
667 2782 737 2836 Et
760 2782 815 2836 in
847 2798 1007 2836 manu
1036 2784 1139 2837 viri
1193 2783 1437 2839 calamus
1486 2796 1754 2837 mensurae
1783 2798 1880 2838 sex
1905 2782 2119 2839 cubito-

530 2891 549 2925 ι
596 2888 715 2927 rum
745 2882 800 2928 et
847 2875 1049 2943 palmo.
1086 2894 1105 2925 ι
1148 2874 1418 2946 (Ηίεινοη.)
1474 2873 1727 2930 Calamus
1757 2884 1941 2931 autem
1967 2890 2119 2932 men-

526 2977 669 3016 surze
698 2964 788 3033 qui
822 2964 1058 3018 habebat
1086 2981 1177 3020 sex
1211 2966 1391 3020 cubita
1425 2975 1481 3019 et
1502 2964 1759 3035 palmum,
1789 2966 1921 3021 illud
1951 2967 2120 3039 signi-

528 3055 658 3108 ticat
689 3064 873 3109 notam
906 3071 1029 3111 esse
1055 3058 1164 3111 Deo
1196 3058 1667 3112 conversationem
1705 3067 1973 3125 nostram,
1998 3075 2119 3129 qua:

523 3145 580 3199 in
613 3160 707 3201 sex
732 3147 941 3212 diebus,
974 3148 1027 3201 in
1055 3149 1253 3218 quibus
1292 3150 1525 3204 mundus
1550 3149 1724 3205 factus
1752 3158 1835 3205 est
1874 3152 2119 3206 contine—

525 3242 637 3299 tur,
661 3243 717 3289 et
744 3242 928 3288 notam
966 3250 1088 3291 esse
1117 3244 1174 3291 et
1202 3235 1298 3308 [ei]
1338 3238 1605 3292 rationem
1656 3252 1880 3308 cperam
1930 3241 2116 3311 singu-
2146 3210 2191 3273 C

525 3323 725 3389 lorum,
764 3331 821 3378 ut
846 3325 992 3381 aliud
1022 3327 1090 3380 ad
1141 3342 1303 3398 opera
1354 3329 1647 3399 pertineat,
1694 3330 1837 3384 aliud
1865 3332 1931 3386 ad
1965 3347 2121 3385 men-

532 3424 658 3468 tem.
702 3414 855 3470 Unde
904 3427 957 3470 et
987 3416 1215 3472 latitudo
1249 3434 1401 3487 aequa
1459 3428 1543 3474 est
1567 3418 1858 3485 altitudini,
1887 3436 2119 3490 quorum

530 3508 758 3564 latitudo
793 3511 860 3563 ad
887 3525 1051 3580 opera
1090 3519 1150 3565 ut
1182 3512 1443 3574 diximus,
1489 3512 1717 3566 altitudo
1765 3513 2001 3567 refertur
2051 3516 2119 3568 ad

530 3601 794 3664 animum,
822 3600 912 3668 qui
936 3600 1003 3653 ad
1030 3600 1137 3654 alta
1168 3600 1408 3655 festinat.
1437 3601 1571 3656 Illud
1601 3612 1781 3657 autem
1813 3602 1980 3657 semel
2007 3618 2121 3657 mo-

532 3689 715 3744 nuisse
768 3688 1019 3755 sutliciat,
1087 3706 1246 3744 nosse
1304 3706 1390 3745 me
1422 3691 1661 3745 cubitum
1689 3700 1746 3746 et
1774 3693 1956 3746 cubita
1990 3707 2123 3746 neu—

534 3782 657 3836 trali
687 3781 940 3852 appellari
985 3797 1200 3852 genere.
1235 3783 1339 3837 Sed
1366 3799 1464 3852 pro
1491 3782 1834 3853 simplicitate
1867 3792 1922 3837 et
1949 3782 2123 3837 facili-

534 3882 644 3928 tate
672 3873 1043 3943 intelligentiae
1082 3874 1336 3945 vulgique
1389 3876 1778 3930 consuetudine
1831 3890 2034 3944 ponere
2066 3883 2120 3929 et

530 3978 735 4036 genere
764 3962 1068 4018 masculino
1096 3981 1108 4015 :
1152 3979 1257 4018 non
1290 3964 1434 4017 enim
1464 3979 1610 4019 curae
1638 3965 1793 4019 nobis
1819 3973 1904 4018 est
1949 3965 2123 4019 vitare

536 4070 848 4111 sermonum
879 4055 1033 4120 vitia,
1063 4055 1157 4109 sed
1182 4053 1479 4124 Scriptura:
1501 4064 1705 4134 saneta:
1729 4055 2117 4109 obscuritatem

532 4146 948 4215 quibuscunque
965 4145 1145 4200 verbis
1175 4145 1493 4199 edisserere.
1513 4142 1577 4213 t0
1588 4145 1719 4216 reg.)
1748 4144 1883 4210 Quia
1913 4160 2010 4213 per
2034 4160 2125 4198 ca-

534 4237 736 4292 lamum
768 4237 1047 4307 Scriptura
1077 4252 1230 4291 sacra
1284 4237 1549 4305 signatur,
1587 4238 1861 4306 praeterita
1891 4236 2123 4291 lectione

530 4330 645 4400 jam
676 4330 934 4393 diximus,
986 4330 1111 4399 quia
1142 4328 1384 4383 calanms
1434 4344 1705 4383 mensurae
1732 4344 1852 4383 esse
1901 4329 2120 4392 dicitur,

528 4421 657 4493 quia
686 4421 739 4475 in
785 4420 957 4489 ipsam
984 4435 1203 4475 omnem
1250 4422 1372 4474 vita:
1423 4428 1624 4473 nostra:
1671 4420 1937 4473 actionem
1968 4418 2124 4472 meti-

532 4528 687 4566 mur:
720 4520 777 4563 ut
806 4511 1015 4565 scilicet
1048 4510 1325 4565 videamus
1371 4509 1456 4564 vel
1484 4518 1747 4580 quantum
1776 4509 2111 4579 proficimus,

528 4602 612 4657 vel
642 4611 900 4671 quantum
936 4600 1093 4671 longe
1119 4616 1149 4654 a
1186 4600 1429 4669 profectu
1474 4602 1759 4656 distamus.
1802 4601 1936 4655 Nam
1972 4618 2113 4671 smpe

528 4692 731 4760 aliquid
761 4699 983 4761 agentes
1009 4690 1121 4760 jam
1158 4690 1441 4760 cujusdam
1473 4690 1651 4745 meriti
1701 4705 1821 4745 esse
1867 4706 1965 4745 nos
1990 4706 2113 4745 ere-

531 4782 711 4836 dimus
742 4798 756 4833 :
790 4781 883 4834 sed
911 4795 1031 4834 cum
1062 4780 1129 4833 ad
1167 4781 1329 4834 verba
1360 4780 1454 4834 Dei
1507 4787 1870 4845 recurrentes,
1920 4793 2119 4848 praece-

530 4881 622 4943 pta
649 4871 899 4925 sublimia
948 4870 1220 4936 audimus,
1254 4868 1327 4924 ibi
1378 4871 1749 4939 cognoscimus
1778 4882 2038 4941 quantum
2083 4886 2115 4925 a

529 4961 865 5034 profectione
900 4961 1079 5015 minus
1123 4961 1440 5015 habeamus.
1487 4961 1740 5015 Calamus
1786 4977 1915 5031 ergo
1960 4976 2115 5014 men-

532 5068 674 5109 sura:
701 5053 901 5121 estqui
945 5066 1039 5121 per
1071 5068 1263 5105 manus
1314 5052 1668 5106 scribentium
1698 5052 1809 5104 vita
1841 5066 2119 5105 mensura-

530 5154 618 5201 tur
648 5142 975 5198 auditorum.
1014 5142 1114 5209 Qui
1147 5143 1388 5197 calamus
1428 5142 1481 5196 in
1513 5157 1675 5196 manu
1721 5142 1823 5195 viri
1875 5156 1995 5195 esse
2025 5140 2111 5196 di-

531 5235 696 5298 citur,
740 5234 855 5289 sive
892 5234 1016 5302 quia
1048 5249 1260 5288 sacrum
1316 5233 1588 5303 eloquium
1642 5234 1694 5288 in
1743 5242 2009 5302 putestatc
2036 5242 2118 5287 est

532 5322 847 5377 mediatoris
906 5322 1001 5378 Dei
1047 5331 1103 5378 et
1154 5324 1435 5378 hominum
1468 5322 1700 5378 hominis
1730 5324 1933 5378 Christi
1964 5322 2113 5378 Jesu.

533 5413 641 5469 Seu
662 5422 811 5469 certe
832 5416 957 5486 quia
981 5417 1083 5470 hoc
1102 5415 1245 5484 quod
1269 5416 1435 5469 scribi
1466 5415 1634 5470 voluit
1658 5414 1935 5485 Operaudo
1961 5432 2115 5470 com-

530 5502 719 5572 plevit.
752 5504 897 5561 Idem
931 5520 1059 5561 vero
1106 5507 1347 5560 calamus
1386 5522 1480 5561 sex
1520 5508 1825 5562 cubitorum
1878 5520 1999 5561 esse
2026 5508 2117 5562 de-

532 5596 808 5653 scribitur.
837 5596 966 5651 Dum
993 5598 1194 5651 etenim
1222 5597 1343 5650 vitae
1370 5606 1518 5661 sunt,
1561 5598 1613 5651 in
1649 5598 1844 5667 quibus
1876 5613 1975 5652 nos
1997 5613 2115 5651 om-

529 5683 783 5753 nipoteus
814 5687 954 5742 Deus
985 5703 1081 5757 per
1127 5702 1343 5742 sacrum
1370 5686 1638 5757 eloquium
1687 5689 1904 5743 erudit:
1938 5687 2116 5741 activa

536 5774 785 5833 videlicet
814 5787 867 5834 et
893 5780 1326 5838 contumulativa.
1378 5778 1441 5832 Et
1494 5794 1591 5833 ner
1617 5795 1711 5834 sex
1738 5778 1951 5835 cubitus
1989 5779 2116 5835 Quid

2222 1965 2425 2035 hiljam
2455 1964 2614 2037 agere
2665 1966 2849 2032 libeat,
2887 1969 2980 2021 sed
3010 1968 3231 2023 calcatis
3261 1970 3411 2023 curis
3464 1970 3723 2025 omnibus
3748 1970 3816 2024 ad

2211 2056 2503 2111 videndam
2546 2056 2739 2113 faciem
2788 2060 2869 2113 sui
2923 2060 3185 2114 creatoris
3232 2060 3446 2115 animus
3480 2060 3811 2125 inardescat,

2219 2147 2293 2200 ita
2324 2155 2383 2201 ut
2404 2145 2516 2215 jam
2565 2148 2779 2201 noverit
2832 2148 3013 2202 carnis
3053 2149 3420 2218 corruptibilis
3451 2149 3664 2218 pondus
3688 2164 3812 2204 eum

2220 2252 2455 2292 mcerore
2484 2246 2721 2307 portare,
2782 2239 3019 2310 totisque
3049 2238 3340 2295 desideriis
3371 2253 3655 2311 appetere,
3705 2242 3813 2297 illis

2220 2329 2548 2398 bymnidicis
2594 2329 2906 2399 angelorum
2950 2331 3135 2385 choris
3185 2333 3471 2398 interesse,
3522 2333 3813 2389 admisceri

2220 2418 2531 2474 cmlcstibus
2562 2418 2790 2485 civibus,
2822 2420 2889 2474 de
2924 2429 3127 2474 aeterna
3179 2420 3233 2475 in
3262 2432 3554 2492 conspectu
3588 2424 3685 2478 Dei
3736 2425 3815 2477 in-

2222 2510 2570 2579 corruptione
2601 2512 2856 2581 gaudere.
2894 2510 2950 2564 ln
2999 2511 3179 2580 palmo
3220 2512 3399 2581 itaque
3432 2527 3629 2567 manus
3649 2523 3705 2568 et
3736 2514 3815 2567 di-

2221 2601 2319 2671 giti
2350 2600 2670 2666 tenduntur,
2698 2601 2791 2655 sed
2820 2615 3010 2670 parum
3038 2601 3259 2670 quidem
3289 2601 3416 2671 quid
3452 2603 3518 2657 de
3560 2619 3813 2657 mensura

2222 2692 2386 2748 cubiti
2434 2708 2532 2763 per
2586 2692 2823 2762 palmum
2889 2693 3238 2763 contingitur,
3296 2694 3421 2763 quia
3472 2693 3816 2763 quantolibet

2221 2798 2407 2839 amore
2448 2784 2662 2837 animus
2718 2782 2928 2847 ardeat,
2984 2782 3321 2851 quantalibet
3375 2784 3575 2839 virtute
3641 2799 3701 2839 se
3759 2786 3811 2838 in

2224 2874 2393 2929 Deum
2420 2882 2472 2929 et
2504 2875 2829 2944 cogitatione
2872 2875 3179 2938 tetenderit,
3215 2889 3320 2928 nou
3344 2874 3457 2943 jam
3494 2875 3638 2943 quod
3663 2883 3813 2928 amat

2221 2963 2461 3033 perfecte
2490 2962 2653 3027 videt,
2680 2963 2774 3017 sed
2797 2964 2969 3017 adhuc
2998 2963 3218 3016 inchoat
3249 2963 3431 3017 videre
3457 2964 3601 3033 quod
3625 2972 3810 3018 amet:

2222 3054 2347 3122 quia
2388 3052 2528 3107 sicut
2558 3051 2885 3105 fortissimus
2924 3052 3248 3121 praedicator
3295 3050 3459 3106 dicit:
3498 3070 3517 3101 ι
3559 3052 3815 3107 Videmus

2224 3160 2491 3215 nuncper
2519 3143 2793 3212 speculum
2828 3143 2881 3196 in
2926 3143 3231 3211 aenigmate,
3285 3149 3415 3195 tunc
3452 3149 3633 3194 autem
3674 3141 3815 3197 faeie

2226 3240 2293 3291 ad
2324 3237 2516 3292 faciem
2570 3236 2621 3306 (1
2650 3234 2773 3289 Cor.
2834 3234 2975 3305 xui).
3012 3255 3028 3284 ι
3065 3234 3168 3288 Et:
3206 3253 3223 3285 ‹
3266 3232 3421 3288 Nunc
3448 3249 3717 3304 cognosco
3744 3250 3815 3291 ex

2224 3336 2399 3397 parte,
2443 3336 2569 3381 tunc
2604 3334 2786 3381 autem
2814 3340 3135 3395 cognoscam
3166 3324 3304 3379 sicut
3333 3333 3388 3379 et
3418 3324 3665 3387 cognitus
3688 3340 3811 3379 sum

2225 3416 2436 3489 (lbid.).
2478 3437 2496 3469 ι

2303 3531 2321 3561 ι
2357 3511 2422 3564 Et
2447 3525 2666 3564 mensus
2717 3509 3056 3563 latitudinem
3086 3509 3299 3564 aedilicii
3328 3510 3540 3564 calamo
3575 3524 3700 3570 uno,
3731 3507 3811 3561 al-

2230 3621 2248 3653 ‹
2290 3602 2576 3656 titudinem
2613 3614 2828 3669 quoque
2862 3599 3072 3654 calamo
3100 3615 3227 3653 uno.
3266 3619 3283 3650 ι
3320 3596 3525 3669 (Greg.)
3551 3597 3807 3666 Omnipo-

2226 3704 2343 3749 tens
2367 3693 2509 3747 Dens
2537 3693 2625 3762 qui
2664 3708 2763 3747 nec
2795 3691 2848 3745 in
2898 3692 3107 3760 magnis
3134 3691 3395 3754 tenditur,
3427 3706 3525 3745 nec
3556 3691 3610 3744 in
3643 3692 3801 3744 mini-

2226 3785 2331 3837 mis
2365 3791 2689 3852 angustatur
2719 3800 2731 3835 :
2758 3783 2836 3836 sic
2863 3782 2929 3835 de
2959 3791 3067 3835 tota
3101 3781 3259 3835 simul
3281 3780 3524 3835 Ecclesia
3555 3781 3806 3849 loquitur,

2224 3890 2289 3928 ac
2314 3875 2357 3929 si
2394 3874 2459 3928 de
2488 3888 2592 3926 una
2622 3873 2801 3927 anima
2829 3871 3099 3939 loquatur.
3130 3871 3197 3925 Et
3220 3886 3364 3941 saepe
3393 3872 3540 3941 quod
3564 3872 3632 3926 ab
3658 3886 3719 3926 eo
3744 3874 3807 3925 de

2225 3982 2330 4021 una
2367 3967 2546 4020 anima
2569 3966 2784 4028 dicitur,
2815 3964 2887 4017 nil
2922 3965 3105 4019 obstat
3134 3966 3179 4017 si
3207 3964 3274 4018 de
3301 3972 3411 4017 tota
3442 3963 3604 4017 simul
3631 3963 3807 4017 Eccle-

2225 4058 2302 4111 sia
2332 4056 2683 4128 intelligatur.
2714 4054 2967 4109 Latitudo
3006 4064 3189 4123 Itaque
3213 4052 3427 4108 azditicii
3463 4054 3533 4107 ad
3577 4053 3805 4107 Charita-

2226 4159 2336 4204 tem
2390 4149 2648 4219 pertinet,
2707 4148 2773 4203 de
2808 4162 2915 4216 qua
2970 4146 3256 4202 Psalmista
3308 4146 3482 4201 dicit:
3547 4166 3563 4196 ι
3622 4144 3802 4198 Latum

2228 4243 2538 4297 mandatum
2590 4249 2740 4295 tuum
2797 4240 2960 4294 nimis
3019 4238 3190 4310 (Psal.
3224 4237 3438 4308 cxvut).
3497 4254 3517 4289 ι
3551 4236 3634 4292 Nil
3664 4236 3800 4291 enim

2224 4334 2384 4388 latius
2418 4349 2579 4403 quam
2608 4346 2802 4387 omnes
2832 4331 2885 4385 in
2916 4331 3038 4387 sinu
3062 4329 3266 4384 amoris
3294 4330 3560 4399 recipere,
3603 4338 3665 4382 et
3691 4327 3802 4382 nul-

2224 4424 2304 4478 las
2332 4424 2440 4479 odii
2469 4424 2744 4493 angustias
2774 4423 3065 4477 sustinere.
3092 4420 3182 4475 Sic
3209 4420 3407 4490 quippe
3437 4419 3545 4472 lata
3573 4427 3652 4472 est
3677 4420 3800 4473 cha~

2225 4516 2374 4579 ritas,
2403 4524 2461 4569 ut
2492 4516 2544 4569 in
2577 4514 2928 4585 amplitudine
2964 4514 3266 4569 dilectionis
3288 4529 3398 4568 sua:
3427 4527 3624 4582 capere
3644 4513 3798 4565 etiam

2225 4605 2474 4660 inimicos
2498 4605 2688 4675 possit.
2718 4604 2870 4660 Unde
2915 4611 2969 4658 et
3000 4604 3308 4673 prmcipitur
3341 4620 3353 4656 :
3388 4621 3407 4653 ι
3445 4601 3659 4669 Diligite
3696 4600 3799 4655 ini-

2224 4697 2394 4751 micos
2441 4705 2673 4760 vestros,
2726 4703 2781 4750 et
2820 4693 3123 4749 benefaeite
3176 4693 3261 4749 bis
3301 4692 3391 4763 qui
3436 4708 3533 4748 vos
3580 4692 3800 4747 oderunt

2225 4787 2442 4858 (Matth.
2498 4786 2575 4859 v).
2643 4807 2660 4837 ι
2703 4784 3166 4842 Considerandum
3223 4798 3439 4855 quoque
3494 4783 3652 4838 nobis
3697 4789 3795 4845 est,

2225 4879 2349 4948 quia
2400 4878 2627 4933 latitudo
2658 4879 2714 4931 in
2762 4876 3149 4946 aequalitatem,
3205 4876 3433 4931 altitudo
3462 4890 3594 4929 vero
3630 4875 3681 4928 in
3708 4888 3795 4928 su-

2224 4968 2546 5025 blimitatem
2580 4968 2835 5023 tenditur.
2875 4967 3129 5021 Latitudo
3153 4981 3282 5036 ergo
3315 4968 3555 5036 pertinet
3580 4965 3647 5019 ad
3677 4966 3798 5019 cha-

2223 5061 2439 5117 ritatem
2467 5060 2697 5130 proximi
2722 5100 2736 5125 ,
2769 5058 2995 5114 altitudo
3023 5057 3090 5111 ad
3118 5057 3523 5127 intelligentiam
3562 5064 3797 5111 contem-

2223 5152 2467 5222 platoris.
2502 5150 2608 5205 Sed
2642 5150 2867 5205 latitudo
2891 5158 2947 5204 et
2970 5148 3197 5203 altitudo
3223 5147 3433 5202 aedilicii
3462 5162 3570 5201 uno
3594 5146 3795 5202 calamo

2223 5247 2592 5304 mensuratur,
2618 5239 2742 5309 quia
2770 5238 3019 5293 videlicet
3043 5252 3380 5307 unaqumque
3416 5236 3597 5290 anima
3625 5252 3791 5305 quan-

2224 5340 2335 5385 tum
2384 5330 2491 5384 lata
2538 5329 2702 5385 fuerit
2746 5330 2801 5385 in
2832 5344 3017 5384 amore
3053 5329 3307 5399 proximi,
3362 5337 3571 5382 tantum
3609 5340 3665 5383 et
3692 5326 3796 5382 alta

2220 5423 2324 5475 erit
2349 5422 2401 5475 in
2452 5422 2762 5491 cognitione
2797 5420 2912 5475 Dei.
2966 5419 3102 5474 Dum
3145 5421 3291 5475 enim
3320 5434 3379 5474 se
3414 5434 3511 5489 per
3559 5434 3792 5474 amorem

2212 5508 2368 5578 juxta
2410 5511 2618 5576 dilatat,
2668 5526 2765 5581 per
2791 5512 3153 5582 cognitionem
3185 5511 3435 5580 superius
3493 5509 3713 5571 exaltat,
3744 5518 3794 5562 et

2223 5610 2429 5655 tantum
2486 5617 2645 5671 super
2706 5603 3052 5671 semetipsam
3108 5601 3320 5656 excelsa
3393 5599 3474 5665 iit,
3538 5607 3789 5669 quantum

2212 5690 2365 5761 juxta
2396 5706 2453 5746 se
2485 5692 2535 5745 in
2561 5692 2789 5761 proximi
2844 5707 3085 5747 amorem
3119 5692 3311 5746 tendit.
3342 5690 3479 5757 Quia
3508 5688 3789 5744 :edilicium

2220 5778 2361 5849 quod
2394 5780 2659 5835 inhabitat
2688 5780 2850 5845 Deus,
2881 5796 2945 5836 ex
2981 5779 3223 5847 angelica
3275 5777 3435 5834 simul
3467 5788 3524 5833 et
3566 5777 3794 5834 humana
