3950 6338
188 440 309 499 8δὸ

1132 440 1490 502 cannam.
1529 440 1597 498 1N
1634 420 2090 504 EZECHIELEM.
2127 478 2197 489 -
2237 447 2362 504 LIB.
2407 446 2547 504 xw.

3381 452 3486 509 894

190 565 394 611 natura
426 554 705 626 perficitur
756 568 855 625 per
910 555 1015 610 hoc
1043 561 1188 625 quod
1242 554 1483 626 angelica
1539 561 1790 609 creatura
1819 557 2367 617 Aetiamexaltanda
2396 570 2501 625 est,
2545 560 2661 632 jam
2720 577 2862 619 nunc
2900 572 3065 634 caput
3112 579 3268 620 suum
3316 581 3482 637 super

193 664 421 704 sursum
453 655 559 712 est,
587 655 641 701 et
671 647 905 702 lunnana
938 647 1115 702 adhuc
1170 646 1447 701 deorsum.
1479 646 1667 701 Potest
1699 661 1797 716 per

196 739 550 795 latitudinem
584 749 746 809 atque
801 739 1143 794 altitudinem
1174 738 1387 793 aediﬁcii
1421 748 1653 808 utraque
1679 738 1796 792 hinc

196 834 473 891 creatoris
504 833 732 904 signari,
762 832 887 902 quia
918 833 1019 887 ista
1051 832 1226 886 adimo
1265 832 1318 886 in
1350 832 1473 886 imis
1499 831 1677 901 deget,
1706 829 1795 884 illa

199 943 335 981 vero
363 927 417 980 in
442 923 763 998 sublimibus
794 916 1077 992 permanet
1106 940 1118 975 :
1150 924 1243 977 sed
1268 938 1377 977 uno
1408 921 1615 975 calamo
1644 934 1795 974 men-

198 1028 426 1073 suratur
481 1025 730 1084 utraque,
792 1014 915 1082 quia
947 1014 1221 1073 humilitas
1258 1014 1536 1067 hominum
1560 1012 1799 1081 quando-

198 1122 311 1175 que
364 1106 431 1160 ad
493 1104 855 1173 tequalitatem
910 1103 1224 1172 perducitur
1273 1102 1607 1171 angelorum,
1654 1098 1794 1152 unde

198 1200 467 1269 scriptum
494 1211 578 1253 est
613 1217 623 1251 :
655 1198 838 1267 Neque
872 1199 1093 1262 nubent,
1144 1214 1319 1269 neque
1370 1198 1659 1261 turbentur,
1702 1196 1795 1249 sed

198 1299 367 1343 erunt
416 1290 557 1344 sicut
608 1289 780 1360 angeli
811 1289 861 1342 in
894 1290 1052 1344 ccelo.
1086 1289 1154 1342 Et
1198 1289 1339 1342 unde
1395 1302 1491 1356 per
1529 1286 1793 1342 Joannem

203 1383 455 1437 dicitur:
500 1402 517 1434 ι
558 1382 807 1435 Mrusura
847 1382 1102 1445 hominis,
1150 1397 1269 1450 quae
1299 1390 1382 1435 est
1405 1381 1579 1451 angeli
1608 1379 1790 1451 (Apoc.

202 1476 343 1525 xxii.
378 1492 395 1523 ι
430 1471 565 1538 Quia
598 1487 767 1539 usque
796 1472 861 1525 ad
887 1471 1029 1525 illam
1059 1470 1399 1524 altitudinem
1426 1470 1609 1541 gloriae
1634 1460 1795 1523 homo

199 1561 539 1629 perducitur,
584 1561 633 1613 in
664 1577 767 1628 qua
799 1560 1057 1615 solidatos
1086 1576 1143 1614 se
1174 1560 1349 1631 angeli
1381 1560 1651 1615 laetantur.
1684 1560 1791 1614 La-

200 1650 378 1704 titudo
407 1665 536 1720 ergo
565 1650 776 1704 tedilicii
814 1658 960 1704 tanta
1004 1658 1107 1713 est,
1154 1660 1354 1718 quanta
1405 1659 1461 1704 et
1509 1650 1777 1705 altitudo:

201 1742 335 1810 quia
367 1740 525 1795 electi
556 1742 757 1810 quique
788 1740 878 1808 qui
906 1740 1065 1794 modo
1095 1741 1146 1793 in
1176 1740 1298 1794 imis
1327 1740 1598 1803 laborant,
1624 1755 1793 1808 quan-

200 1834 385 1903 doque
437 1832 541 1886 illis
603 1831 934 1886 beatissimis
991 1831 1272 1901 spiritibus
1325 1845 1429 1885 non
1466 1838 1629 1886 erunt
1655 1830 1788 1885 ina:-

200 1925 415 1995 quales.

280 2034 298 2065 ι
336 2013 404 2067 Ει
429 2013 577 2067 venit
604 2012 667 2065 ad
710 2019 921 2081 portam
947 2026 1066 2080 qua:
1095 2011 1421 2081 respiciebat
1444 2010 1587 2064 viam
1613 2010 1794 2064 orien-

204 2127 222 2156 ι
265 2106 450 2165 talem.
475 2114 531 2161 et
556 2104 799 2159 ascendit
826 2119 923 2173 per
952 2105 1161 2174 gradus
1186 2102 1323 2170 ejus,
1374 2113 1428 2157 et
1479 2119 1699 2157 mensus
1726 2103 1793 2156 li-

204 2216 222 2247 ‹
262 2210 388 2249 men
418 2201 586 2265 porta:
615 2193 821 2247 calamo
868 2207 973 2246 uno
1000 2192 1359 2258 latitudinem,
1390 2193 1441 2261 id
1492 2200 1598 2258 est,
1628 2192 1792 2247 limen

204 2310 223 2338 ι
264 2302 432 2341 unum
458 2285 666 2339 calamo
697 2299 805 2339 uno
831 2284 883 2339 in
910 2285 1214 2339 latitudine.
1255 2305 1271 2335 ι
1302 2285 1573 2357 (Hilarem)
1607 2286 1790 2357 Ingre-

199 2378 352 2431 ditur
374 2376 534 2447 igitur
575 2376 678 2438 vir,
713 2374 799 2429 cui
828 2374 1022 2430 Oriens
1062 2390 1256 2430 nomen
1299 2384 1403 2440 est,
1454 2391 1551 2445 per
1577 2385 1791 2445 portam

198 2467 547 2533 orientalem,
577 2476 636 2521 ut
662 2466 928 2521 illuminet
955 2481 1049 2521 eos
1078 2482 1214 2536 quos
1245 2466 1300 2519 in
1338 2466 1511 2535 prima
1538 2465 1791 2519 vestibuli

200 2558 382 2615 fronte
413 2558 688 2627 repererit,
721 2556 835 2611 sive
866 2557 918 2609 in
951 2556 1066 2626 ipso
1094 2555 1317 2610 introitu
1341 2564 1528 2625 portu),
1566 2570 1672 2610 non
1696 2571 1794 2624 per

203 2666 393 2715 unum,
423 2650 515 2705 sed
565 2664 661 2719 per
709 2648 892 2719 plures
945 2647 1162 2718 gradus,
1196 2632 1425 2715 quarum
1465 2647 1657 2701 siletur
1685 2664 1789 2701 nu-

204 2758 407 2807 merus,
433 2750 487 2797 ut
516 2741 849 2798 ascensionis
896 2748 1155 2811 appareat
1188 2739 1495 2805 dillieultas,
1527 2747 1581 2793 et
1627 2746 1789 2809 quot-

197 2835 643 2906 cunquegradus
697 2832 791 2888 tibi
848 2832 1218 2903 proposueris,
1256 2831 1401 2886 scias
1458 2831 1638 2887 minus
1666 2845 1789 2885 esse

202 2926 368 2984 abeo
415 2924 559 2996 quod
612 2926 831 2979 dubium
868 2924 1281 2993 derelinquitur.
1331 2921 1494 2976 Istam
1551 2922 1789 2975 arbitror

198 3026 433 3089 portam,
470 3018 535 3071 de
558 3032 663 3086 qua
691 3024 744 3071 et
770 3016 822 3070 iu
854 3016 1085 3071 Psalmis
1122 2999 1337 3070 canitur
1370 3034 1379 3067 :
1423 3034 1439 3065 ι
1475 3014 1601 3069 Hzec
1631 3022 1787 3083 porta

198 3112 456 3175 Domini;
481 3110 614 3181 justi
667 3110 945 3164 intrabunt
1008 3124 1103 3177 per
1152 3123 1271 3162 eam
1324 3104 1497 3178 (Psal.
1527 3104 1722 3175 csvn).
1762 3123 1779 3154 ι

193 3200 406 3276 (ϐγερ.)
440 3202 573 3269 Ουιε
602 3216 729 3256 vero
759 3201 896 3256 alius
926 3212 1097 3271 portae
1121 3200 1282 3270 hujus
1314 3198 1675 3269 appellatione
1708 3199 1785 3253 si-

1907 651 2160 707 inimicos
2197 668 2327 709 suos
2354 654 2651 709 exaltatum
2679 657 2877 727 gaudet
2902 658 2955 712 in
2980 657 3159 714 coelis.
3188 657 3322 713 Cum
3360 674 3492 729 ergo

1902 741 2063 798 electi
2112 744 2313 813 quique
2358 744 2426 799 ad
2489 745 2657 799 vitam
2707 747 3045 815 perveniunt,
3078 748 3203 818 quia
3247 750 3489 804 membra

1902 830 2019 900 ejus
2046 847 2142 903 per
2168 849 2292 889 eum
2322 834 2531 890 intrant
2578 838 2643 891 ad
2677 853 2825 902 eum,
2859 837 2975 905 ipse
3005 852 3101 906 per
3129 853 3187 893 se
3224 839 3393 893 intrat
3421 840 3490 894 ad

1902 940 1960 979 se
1988 943 1998 977 :
2032 925 2144 993 ipse
2168 925 2311 979 enim
2347 927 2399 980 in
2431 926 2547 981 suis
2577 928 2834 982 membris
2865 936 2968 991 est,
3003 929 3095 997 qui
3138 928 3341 982 intrat:
3366 929 3480 999 ipse

1902 1026 2061 1086 caput
2094 1016 2160 1071 ad
2190 1019 2334 1087 quod
2380 1019 2639 1073 intrantia
2689 1020 2927 1073 membra
2965 1020 3301 1089 perveniunt.
3328 1020 3482 1086 Quod

1899 1117 1955 1163 et
1980 1107 2227 1163 Ezechiel
2252 1111 2512 1178 propheta
2543 1108 2913 1178 multipliciter
2961 1109 3222 1173 insinuat,
3274 1110 3364 1177 qui
3388 1110 3477 1183 vi-

1898 1213 2019 1252 rum
2053 1198 2264 1253 venisse
2289 1198 2418 1254 dicit
2450 1200 2514 1252 ad
2545 1208 2779 1269 portam,
2818 1213 2937 1267 qua:
2956 1200 3144 1254 eadem
3192 1208 3346 1268 porta
3388 1199 3477 1263 sit,

1898 1286 2134 1342 ostendit
2160 1287 2385 1341 dicens:
2423 1307 2441 1337 r
2486 1286 2612 1353 Qum
2650 1288 2977 1357 respiciebat
3006 1288 3072 1340 ad
3127 1287 3269 1341 viam
3300 1288 3480 1341 oricu-

1899 1377 2079 1434 talem.
2121 1400 2138 1430 ›
2168 1379 2234 1433 Et
2256 1380 2370 1448 ipse
2397 1381 2539 1434 enim
2573 1381 2727 1437 nobis
2754 1389 2838 1435 est
2870 1382 2951 1434 via
2983 1380 3077 1449 qui
3106 1380 3239 1434 dixit
3268 1396 3281 1433 :
3315 1400 3332 1429 ι
3371 1381 3482 1449 Ego

1894 1486 2015 1525 sum
2055 1470 2140 1524 via
2185 1478 2241 1525 et
2268 1470 2472 1525 veritas
2524 1469 2704 1542 (Joan.
2753 1471 2886 1541 xxv).
2928 1490 2945 1520 ι
2973 1470 3091 1539 lpse
3113 1471 3277 1523 etiam
3307 1471 3484 1523 orien—

1897 1559 2022 1615 talis
2060 1561 2143 1614 via
2186 1561 2252 1615 de
2300 1576 2409 1629 quo
2457 1560 2720 1629 scriptum
2750 1550 2835 1613 est
2867 1579 2878 1612 :
2918 1578 2936 1609 ‹
2978 1560 3115 1613 Ecce
3155 1558 3257 1620 vir,
3292 1558 3485 1612 Oriens

1897 1664 2093 1703 nomen
2124 1649 2242 1719 ejus
2274 1648 2462 1719 (Zach.
2495 1647 2592 1719 vi).
2630 1668 2645 1699 ι
2682 1648 2847 1702 Porta
2895 1662 3026 1715 ergo
3072 1648 3212 1701 viam
3241 1648 3483 1701 orienta-

1894 1740 1999 1796 lem
2028 1742 2269 1811 respicit,
2296 1742 2420 1811 quia
2465 1740 2611 1794 illum
2656 1740 2855 1810 signat,
2909 1740 2999 1807 qui
3052 1739 3207 1793 nobis
3266 1740 3371 1793 iter
3413 1739 3478 1792 ad

1894 1840 2077 1886 ortum
2127 1830 2346 1885 luminis
2384 1830 2532 1885 fecit.
2597 1831 2787 1886 Potest
2822 1832 2985 1885 etiam
3034 1838 3204 1900 portat
3259 1832 3481 1885 nomine

1821 1918 1870 1978 B
1896 1920 2269 1989 unusquisque
2304 1920 2627 1989 pratdicator
2660 1921 2887 1991 intelligi
2922 1921 3047 1991 quia
3076 1922 3324 1991 quisquis
3380 1936 3481 1976 no-

1898 2008 1983 2063 bis
2004 2006 2225 2077 januam
2258 2008 2409 2080 regni
2433 2009 2668 2064 caelestis
2701 2026 2794 2065 ore
2827 2026 2925 2064 suo
2969 2011 3160 2079 aperit.
3192 2020 3348 2081 porta
3379 2020 3481 2066 est.

1900 2097 2055 2156 Unde
2082 2109 2137 2155 et
2165 2092 2448 2155 duodecim
2472 2108 2663 2169 portae,
2692 2100 2779 2155 vel
2824 2101 2878 2155 in
2906 2100 3133 2156 Joannis
3158 2101 3484 2172 Apocalypsi

1898 2192 2082 2264 (Apoc.
2112 2191 2252 2263 xxx),
2290 2192 2371 2247 vel
2403 2193 2458 2245 in
2480 2201 2725 2246 extrema
2758 2190 2917 2261 hujus
2946 2193 3227 2263 propheta:
3277 2193 3485 2248 visione

1896 2282 2296 2339 describuntur.
2329 2281 2513 2337 Potest
2540 2282 2704 2337 etiam
2736 2291 2906 2351 porta:
2934 2283 3153 2338 nomine
3185 2281 3482 2353 Scriptura:

1897 2387 2070 2426 sacrae
2118 2371 2348 2426 scientia
2399 2385 2508 2425 non
2558 2371 3005 2427 inconvenieuter
3065 2372 3310 2443 intelligi,
3364 2388 3484 2443 qum

1895 2464 2023 2519 dum
2058 2463 2213 2519 nobis
2240 2463 2566 2519 intellectum
2600 2464 2793 2534 aperit,
2821 2464 3062 2520 caelestis
3089 2466 3240 2535 regni
3257 2464 3483 2533 januam

1894 2556 2101 2626 pandit.
2128 2555 2423 2612 Possumus
2448 2566 2621 2627 portae
2668 2558 2890 2614 nomine
2919 2567 2976 2613 et
3005 2558 3165 2613 tidem
3211 2560 3481 2629 accipere,

1894 2662 2055 2716 quam
2083 2646 2314 2716 primam
2346 2648 2733 2719 contingimus,
2762 2658 2819 2703 ut
2847 2650 2913 2704 ad
2950 2650 3214 2705 virtutum
3248 2651 3475 2706 :edilieia

1894 2738 2177 2795 intremus.
2236 2758 2254 2791 ι
2308 2739 2588 2806 Ascendit,
2645 2740 2842 2811 inquit,
2903 2757 3001 2811 per
3047 2743 3249 2812 gradus
3278 2742 3416 2813 ejus.
3458 2762 3476 2792 ι

1893 2827 2032 2896 Quid
2062 2829 2205 2909 enim
2234 2844 2331 2899 per
2359 2831 2557 2901 gradus
2586 2839 2711 2886 sunt
2744 2830 2904 2899 hujus
2931 2842 3122 2902 portae,
3157 2833 3261 2887 nisi
3286 2833 3476 2887 merita

1891 2921 2196 2975 virtutum?
2223 2920 2338 2976 Nisi
2387 2922 2532 2977 enim
2590 2922 2642 2976 in
2689 2924 2997 2994 cognitione
3029 2925 3346 2979 mediatoris
3382 2924 3476 2980 Dei

1890 3017 1943 3064 et
1976 3009 2209 3066 hominis
2234 3010 2434 3075 Christi
2466 3009 2617 3076 Jesu,
2650 3025 2745 3066 seu
2776 3012 2830 3066 in
2876 3013 3106 3067 scientia
3150 3014 3320 3067 divini
3362 3013 3477 3068 elo-

1891 3100 2023 3168 quii,
2056 3115 2148 3154 seu
2194 3100 2248 3155 in
2300 3101 2413 3171 ipsa
2446 3099 2550 3155 fide
2578 3115 2739 3169 quam
2773 3101 2841 3156 de
2874 3101 2967 3157 illo
2996 3105 3325 3173 accepimus,
3357 3104 3479 3173 qui-

1890 3190 2118 3244 busdam
2144 3191 2403 3262 gradibus
2428 3191 2495 3246 ad
2520 3190 2710 3247 altiora
2742 3192 3077 3248 incrementa
3107 3194 3469 3263 pervenimus.

193 3268 421 3368 guatnr,
470 3295 576 3350 nisi
611 3295 727 3365 ipse
788 3294 1048 3349 Dominus
1100 3308 1165 3348 ac
1218 3293 1549 3361 Redemptor
1576 3302 1783 3353 noster,
1816 3268 1861 3329 (Σ
1894 3276 2062 3335 Nemo
2086 3281 2229 3335 enim
2252 3289 2474 3351 repente
2500 3279 2562 3335 ﬁt
2586 3296 2847 3344 summus,
2881 3282 2976 3337 sed
3002 3283 3055 3335 in
3083 3282 3223 3336 bona
3254 3296 3482 3337 conver-

193 3386 297 3460 qui
325 3387 479 3442 nobis
498 3385 665 3455 janua
694 3385 868 3441 factus
890 3392 973 3440 est
1009 3384 1159 3454 regni
1214 3382 1473 3447 caelestis,
1504 3383 1645 3437 sicut
1674 3383 1787 3459 ipse

190 3480 280 3538 ait
310 3498 324 3533 :
354 3499 378 3539 ,ί
425 3478 595 3534 Nemo
630 3479 777 3533 venit
827 3478 893 3532 ad
925 3477 1140 3532 Patrem
1175 3476 1278 3531 nisi
1332 3492 1428 3547 per
1460 3491 1546 3531 me
1600 3475 1783 3546 (Joan.

191 3569 339 3638 xiv).
378 3590 397 3622 ι
441 3568 549 3624 Sed
583 3585 705 3623 cum
730 3567 978 3625 eumdem
1018 3568 1192 3621 virum
1244 3566 1401 3620 lineis
1448 3565 1696 3620 indutum
1725 3563 1788 3618 fi-

191 3676 394 3735 guram
416 3659 629 3715 Domini
664 3668 849 3714 tenere
878 3657 1193 3720 dixerimus,
1253 3654 1601 3725 quaerendum
1631 3654 1787 3708 nobis

192 3759 304 3815 est,
335 3765 442 3819 qua
488 3749 698 3804 ratione
745 3748 1033 3804 conveniat
1077 3756 1136 3802 ut
1186 3747 1327 3801 idem
1381 3746 1641 3801 Dominus
1691 3761 1789 3815 per

190 3842 378 3896 virum
415 3840 697 3910 designare
738 3839 915 3893 valeat
942 3847 996 3893 et
1040 3846 1274 3907 portam.
1332 3837 1470 3891 Dum
1500 3836 1581 3889 vir
1603 3836 1789 3890 veniat

192 3934 266 3990 ad
294 3942 506 4003 portam
550 3932 937 4003 numquidnam
976 3931 1089 4000 ipse
1113 3930 1261 3984 venit
1285 3929 1352 3984 ad
1396 3927 1787 3997 semetipsum?

193 4041 267 4081 an
296 4026 371 4079 ita
412 4032 517 4088 est,
547 4025 673 4094 quia
699 4032 756 4079 et
799 4025 852 4077 in
887 4023 1181 4094 Evangelio
1227 4023 1343 4094 ipse
1396 4031 1649 4088 testatur,
1706 4022 1787 4077 di—

193 4130 372 4173 cens:
411 4135 429 4167 (
465 4115 566 4182 Qui
600 4130 705 4170 non
734 4115 904 4170 intrat
953 4131 1050 4183 per
1072 4117 1270 4171 ostium
1310 4116 1363 4169 in
1409 4115 1550 4172 ovile
1578 4114 1782 4181 ovium,

193 4206 295 4263 sed
320 4205 567 4261 ascendit
617 4205 858 4270 aliunde,
914 4205 1002 4259 ille
1036 4204 1122 4259 fur
1150 4213 1236 4260 est
1260 4215 1315 4260 et
1346 4206 1487 4259 latro
1518 4222 1531 4258 :
1567 4206 1659 4274 qui
1696 4220 1787 4259 au-

192 4306 309 4352 tem
341 4297 513 4351 intrat
530 4310 628 4364 per
646 4295 871 4360 ostium,
896 4304 1083 4364 pastor
1109 4302 1192 4350 est
1216 4296 1397 4350 ovium
1430 4293 1613 4365 (Joan.
1648 4296 1718 4364 ς).
1757 4311 1777 4344 ι

192 4386 269 4445 Et
306 4386 465 4457 paulo
493 4394 616 4456 post
649 4386 891 4441 dicitur:
930 4407 947 4438 ι
980 4386 1093 4458 Ego
1139 4402 1260 4441 sum
1291 4386 1511 4442 ostium.
1548 4405 1566 4436 ι
1607 4384 1784 4456 Atque

193 4476 397 4531 iterum
431 4475 751 4547 subjungit:
791 4496 809 4526 ‹
844 4476 958 4547 Ego
1015 4462 1135 4531 sum
1185 4486 1372 4547 pastor
1433 4477 1627 4533 bonus.
1666 4495 1683 4527 ι
1724 4475 1779 4531 Si

191 4570 330 4637 ergo
376 4576 564 4638 pastor
602 4567 764 4622 intrat
811 4584 910 4638 per
947 4569 1168 4633 ostium,
1208 4578 1263 4624 et
1288 4569 1404 4638 ipse
1443 4576 1527 4624 est
1554 4568 1776 4634 ostium,

195 4658 315 4728 ipse
364 4666 577 4727 pastor,
608 4658 722 4728 ipse
774 4659 961 4729 procul
1001 4659 1165 4714 dubio
1218 4660 1386 4715 intrat
1446 4675 1544 4731 per
1582 4671 1781 4715 semet—

191 4748 393 4818 ipsum.
422 4746 562 4802 Ecce
582 4748 707 4802 dum
731 4747 982 4803 Ezechiel
1007 4764 1224 4805 sensum
1255 4750 1490 4806 enodare
1509 4751 1778 4820 cupimus,

191 4839 260 4894 de
292 4837 585 4910 Evangelia
607 4839 770 4894 etiam
803 4839 1157 4916 quaestionem
1210 4839 1472 4911 legamus.
1521 4838 1780 4907 Quaeren-

191 4932 323 4987 dum
357 4930 541 4999 itaque
572 4931 727 4986 nobis
757 4940 841 4987 est
897 4930 1131 4999 qualiter
1171 4942 1226 4988 et
1257 4933 1371 5005 ipse
1404 4933 1573 4989 intret
1600 4941 1656 4988 et
1685 4948 1781 5004 per

192 5022 548 5092 semetipsum
598 5021 783 5076 intret.
826 5021 1084 5078 Dominus
1125 5023 1329 5077 etenim
1359 5038 1423 5077 ac
1450 5022 1781 5093 Redemptor

193 5121 385 5169 noster
403 5127 526 5167 cum
562 5120 752 5165 saneta
800 5110 1066 5176 Ecclesia,
1106 5126 1270 5180 quam
1300 5112 1530 5167 redemit
1589 5125 1779 5166 secun-

193 5210 325 5265 dum
356 5222 603 5273 carnem,
635 5223 738 5260 una
766 5207 1091 5272 substantia,
1124 5205 1291 5261 Paulo
1342 5217 1657 5268 attestaute,
1686 5209 1779 5278 qui

195 5299 274 5355 ait
304 5316 319 5353 :
357 5317 377 5351 ι
406 5297 688 5368 Adimplco
714 5312 775 5350 ea
806 5311 927 5366 quae
972 5294 1166 5350 desunt
1212 5297 1524 5367 passionum
1576 5296 1780 5353 Christi

197 5390 252 5445 in
294 5404 463 5445 carne
510 5405 650 5451 mea,
704 5404 800 5459 pro
828 5404 1057 5459 corpore
1088 5399 1190 5454 est,
1230 5390 1372 5459 quod
1427 5398 1509 5445 est
1540 5390 1781 5446 Ecclesia

196 5479 424 5546 (Colon.
459 5480 519 5551 ι).
561 5501 579 5531 ο
611 5480 755 5535 Illius
804 5481 998 5551 capitis
1048 5496 1243 5552 corpus
1275 5477 1534 5536 “Ecclesia
1583 5492 1685 5547 est,
1725 5490 1781 5538 et

196 5575 358 5647 hujus
410 5576 653 5644 corporis
700 5581 859 5645 caput
893 5573 1162 5629 Christus.
1198 5574 1274 5630 De
1328 5589 1436 5645 quo
1468 5591 1567 5631 suo
1597 5574 1781 5645 capite

195 5666 676 5739 exaltavitcorpbs.
700 5668 750 5723 id
781 5676 864 5723 est
891 5677 1075 5723 sancta
1098 5667 1355 5734 Ecclesia,
1381 5680 1505 5722 cum
1529 5681 1623 5737 per
1636 5666 1792 5722 Psal-

196 5759 414 5815 mistam
443 5760 609 5815 dicit:
670 5780 689 5812 ι
724 5758 878 5815 Nunc
899 5767 1079 5815 autem
1104 5758 1363 5813 exaltavit
1405 5766 1565 5828 caput
1604 5774 1783 5813 meum

198 5852 683 5910 βιεειονῖιεὶηιὶωεμ
713 5869 803 5907 ις
867 5873 882 5889 -
926 5850 1059 5918 Quia
1106 5854 1252 5909 enim
1281 5851 1615 5923 quandoque
1664 5851 1782 5922 ipsa

1891 3371 2099 3423 satione
2120 3385 2150 3423 a
2173 3370 2410 3424 minimis
2430 3369 2928 3440 quisque‘inchoat,
2952 3380 3011 3425 ut
3036 3372 3104 3426 ad
3126 3386 3321 3441 magna
3345 3386 3469 3441 per-

1890 3460 2095 3515 veniat.
2132 3460 2242 3514 Hos
2299 3461 2553 3514 nimirum
2608 3460 2808 3531 gradus
2838 3461 3098 3516 Dominus
3150 3461 3252 3515 sub
3282 3462 3480 3517 messis

1890 3548 2110 3604 nomine
2165 3548 2443 3611 describit,
2478 3548 2663 3604 dicens
2710 3547 2909 3620 (Marc.
2948 3548 3067 3617 1v):
3108 3568 3125 3600 ι
3165 3547 3256 3605 Sic
3284 3559 3367 3603 est
3393 3564 3480 3605 re-

1890 3653 2055 3708 gnum
2088 3636 2224 3704 Dei;
2258 3640 2710 3708 quemadmodum
2746 3640 2983 3709 sijactet
3019 3640 3184 3696 homo
3205 3656 3389 3696 semen
3416 3641 3473 3696 in

1891 3739 2059 3798 terra,
2088 3741 2143 3786 et
2172 3732 2427 3813 dormiat,
2452 3740 2507 3788 et
2531 3747 2745 3802 exsurg:
2770 3740 2967 3786 tnocte
2987 3746 3051 3785 ac
3079 3731 3188 3799 die,
3216 3740 3271 3786 et
3292 3746 3476 3788 semen

1890 3822 2157 3892 germinet
2187 3828 2243 3875 et
2293 3829 2527 3883 crescat,
2554 3821 2682 3876 dum
2732 3825 2911 3876 nescit
2962 3821 3072 3875 ille.
3130 3821 3284 3878 Ultro
3327 3822 3473 3879 enim

1891 3918 2033 3966 terra
2082 3909 2399 3974 fructificat,
2434 3911 2669 3982 primum
2700 3912 2949 3976 herbam,
2989 3913 3183 3967 deinde
3237 3912 3464 3982 spicam,

1889 4000 2082 4056 deinde
2104 4002 2322 4070 plenum
2352 3988 2687 4057 frumentum
2715 4002 2770 4056 in
2799 4001 2967 4073 spica.
3002 4002 3071 4057 Et
3101 4017 3224 4059 cum
3256 4018 3315 4060 se
3352 4017 3479 4072 pro-

1889 4091 2105 4147 duxerit
2130 4092 2361 4157 fructus,
2390 4092 2573 4147 statim
2598 4093 2764 4147 mittit
2791 4092 3005 4159 falcem,
3038 4093 3293 4163 quoniam
3322 4094 3478 4150 adest

1890 4189 2101 4253 tempus
2132 4183 2345 4237 messis.
2379 4201 2398 4234 ι
2430 4180 2626 4237 Semen
2657 4184 2819 4239 homo
2842 4183 3017 4253 iactat
3063 4184 3117 4239 in
3151 4194 3319 4250 terra,
3350 4202 3475 4242 cum

1886 4271 2037 4326 cordi
2062 4287 2161 4327 suo
2188 4271 2384 4327 bonam
2440 4272 2797 4328 intentionem
2848 4273 3057 4328 inserit.
3092 4274 3159 4328 Et
3187 4282 3474 4345 postquam

1887 4378 2069 4419 semen
2101 4362 2411 4431 jactaverit,
2465 4365 2685 4431 dormit,
2743 4365 2874 4436 quia
2927 4366 3043 4437 jam
3096 4367 3151 4422 in
3210 4381 3306 4438 spe
3346 4368 3475 4425 boni

1886 4456 2069 4527 operis
2100 4456 2351 4526 quiescit.
2388 4454 2555 4511 Nocte
2595 4471 2723 4512 vero
2761 4459 3005 4529 exsurgit
3043 4474 3108 4514 ac
3134 4460 3223 4515 die
3271 4458 3360 4530 qui
3391 4460 3475 4514 in-

1888 4556 1971 4601 ter
1993 4548 2215 4602 adversa
2244 4556 2297 4601 et
2334 4560 2592 4615 prospera
2625 4546 2855 4617 proficit.
2891 4548 2957 4601 Et
2996 4564 3177 4604 semen
3204 4548 3475 4621 germinat

1885 4649 1941 4693 et
1959 4639 2155 4695 crescit
2181 4643 2307 4695 dum
2359 4638 2448 4694 ille
2494 4640 2689 4706 nescit,
2738 4642 2865 4709 quia
2910 4650 3116 4697 etcum
3148 4645 3326 4700 adhuc
3355 4660 3470 4700 me-

1887 4729 1975 4784 tiri
2004 4732 2341 4785 incrementa
2393 4744 2490 4784 sua
2519 4746 2625 4785 non
2655 4730 2817 4796 valet,
2863 4732 3028 4787 semel
3062 4744 3320 4803 concepta
3360 4734 3474 4789 vir—

1886 4831 1975 4876 tus
2003 4821 2069 4875 ad
2099 4819 2400 4902 profectum
2432 4822 2667 4876 duettur.
2708 4818 2773 4876 Et
2806 4821 2943 4876 ultra
2975 4831 3121 4897 terra
3153 4821 3472 4890 fructificat,

1886 4916 2014 4987 quia
2064 4915 2427 4985 praeveniente
2458 4929 2516 4969 se
2564 4915 2738 4984 gratia
2774 4930 2927 4969 mens
2966 4915 3201 4975 hominis
3249 4924 3471 4987 sponta-

1888 5022 1988 5061 nea
2027 5007 2095 5061 ad
2120 5005 2354 5059 fructum
2401 5004 2526 5058 boui
2550 5004 2732 5073 operis
2762 5005 2951 5075 surgit.
2987 5004 3092 5061 Sed
3125 5006 3241 5061 haec
3276 5006 3468 5062 eadem

1885 5106 2027 5153 terra
2060 5098 2291 5166 primmu
2349 5095 2594 5159 herbam,
2630 5095 2825 5150 deinde
2853 5096 3081 5165 spicam,
3114 5096 3307 5152 deinde
3356 5096 3471 5167 ple-

1883 5208 2009 5245 num
2037 5189 2364 5242 frumentum
2388 5186 2636 5255 producit
2671 5186 2723 5241 in
2754 5186 2983 5256 spicam.
3012 5186 3246 5242 Herbatu
3269 5188 3468 5259 quippe

1882 5282 2179 5349 producere
2222 5286 2306 5331 est
2336 5277 2696 5331 inchoationis
2738 5277 2891 5331 bona:
2924 5278 3104 5332 adhuc
3147 5276 3437 5332 teneritudi

1887 5348 2008 5421 nem
2057 5348 2277 5421 habere.
2306 5366 2390 5420 Ad
2439 5366 2641 5435 spicam
2674 5380 2804 5419 vero
2836 5365 3003 5420 herba
3046 5365 3313 5434 pervenit,
3346 5380 3467 5422 cum

1891 5461 2062 5514 virtus
2096 5460 2277 5512 animo
2334 5464 2592 5525 concepta
2646 5457 2711 5510 ad
2760 5454 3061 5526 profectum
3114 5454 3240 5509 boni
3292 5453 3472 5526 operis

1887 5551 2167 5626 pertrahit.
2195 5549 2418 5605 Plenum
2461 5564 2589 5603 vero
2621 5547 2949 5604 frumentum
2981 5550 3035 5603 in
3065 5548 3213 5620 spica
3239 5547 3473 5603 fructifi-

1888 5653 1995 5710 cat,
2024 5644 2238 5714 quando
2261 5642 2373 5711 jam
2422 5641 2475 5695 in
2504 5650 2712 5696 tantum
2764 5642 2949 5703 virtus
2978 5638 3211 5711 prolicit,
3260 5648 3321 5695 ut
3349 5652 3471 5695 esse

1890 5738 2093 5795 robusti
2128 5746 2181 5793 et
2207 5736 2434 5808 perfecti
2482 5735 2664 5806 operis
2721 5734 2911 5805 possit.
2939 5733 2995 5789 ld
3028 5748 3150 5789 cum
3182 5748 3241 5789 se
3270 5732 3469 5803 produ-

1897 5830 2035 5886 xerit
2066 5828 2295 5895 fructus,
2346 5827 2524 5884 statim
2557 5826 2720 5881 mittit
2769 5824 2986 5890 falcem,
3037 5824 3294 5897 quoniam
3320 5824 3473 5879 adest
