3950 6324
543 387 651 450 895

1197 388 1258 443 Β.
1301 388 1556 444 RABANI
1595 388 1811 445 MAUltl
1850 386 2169 443 ARCIIIEP.
2215 386 2524 444 MOGUNT.
2568 387 2853 443 Ol’EllUil
2893 388 3071 445 PARS
3107 389 3169 444 ll.

3734 389 3838 445 890

543 507 760 571 tempus
814 503 1009 556 messis
1038 518 1049 552 :
1075 500 1433 570 Omnipotens
1480 500 1627 555 enim
1679 500 1820 553 Deus
1867 498 2131 569 producto
2159 502 2207 561 Α
2237 498 2395 551 tiunt.
2432 497 2504 550 Ea
2536 513 2665 553 vero
2703 514 2825 568 qum
2853 498 3196 554 extrinsecus
3250 513 3399 564 sunt,
3430 502 3536 557 hoc
3578 509 3664 557 est
3695 501 3839 555 inter

545 589 725 644 fructu
782 588 975 644 falcem
1029 588 1218 655 mittit,
1272 599 1328 644 et
1381 605 1612 645 messem
1659 605 1813 644 suam
1862 589 2127 643 desecat:

545 682 672 749 quia
704 696 829 734 cum
880 694 1321 750 unumquemque
1350 681 1419 735 ad
1471 695 1633 750 opera
1659 678 1898 748 perfecta
1934 679 2133 748 perdu-

546 771 706 833 xerit,
741 767 855 837 ejus
886 770 1233 839 temporalem
1270 772 1434 825 vitam
1464 788 1562 841 per
1616 771 1871 826 emissam
1917 779 2136 825 senten-

547 862 677 913 tiam
713 860 926 924 incidit,
979 870 1038 915 ut
1073 877 1302 930 granum
1363 878 1520 916 suum
1550 863 1619 916 ad
1647 862 1891 916 caelestia
1941 864 2136 918 horrea

544 950 825 1017 perducat.
862 949 957 1005 Vir
997 967 1128 1020 ergo
1156 951 1384 1006 vestitus
1429 952 1589 1005 lineis
1616 953 1764 1006 venit
1796 953 1860 1006 ad
1901 961 2136 1022 portam,

546 1040 673 1107 quia
726 1038 989 1094 Dominus
1015 1056 1078 1095 ac
1111 1040 1443 1111 Redemptor
1498 1049 1682 1095 noster
1735 1042 1994 1096 membris
2025 1042 2139 1096 suis

545 1129 875 1184 intrantibus
895 1132 1212 1199 perducitur
1245 1134 1311 1188 ad
1350 1149 1431 1197 se,
1464 1141 1517 1187 et
1542 1134 1788 1188 ascendit
1812 1148 1908 1203 per
1938 1133 2139 1209 gradus

543 1220 682 1289 ejus,
718 1220 843 1290 quia
883 1222 1037 1276 nobis
1068 1223 1476 1291 proficientibus
1506 1238 1571 1277 co
1601 1224 1757 1278 nobis
1787 1224 2018 1293 amplius
2044 1239 2140 1278 ex-

543 1308 766 1374 altatur,
794 1325 903 1379 quo
929 1311 1071 1366 altus
1096 1322 1150 1365 et
1180 1313 1748 1383 incomprehensibilis
1787 1329 1907 1369 esse
1936 1329 2140 1384 cogno—

542 1401 734 1454 scitur.
763 1401 823 1455 ln
864 1402 1123 1456 virtutum
1154 1403 1359 1474 quippe
1404 1411 1713 1458 nostrarum
1738 1404 1993 1475 gradibus
2023 1404 2139 1473 ipse

542 1492 837 1547 ascendere
878 1493 1096 1559 dicitur,
1130 1496 1257 1564 quia
1308 1504 1457 1549 tanto
1498 1497 1612 1566 ipse
1651 1496 1937 1551 sublimior
1984 1497 2141 1551 nobis

543 1582 873 1649 Ostenditur,
914 1594 1117 1654 quanto
1157 1596 1342 1640 noster
1382 1587 1595 1641 animus
1639 1603 1670 1640 a
1722 1587 1886 1641 rebus
1935 1588 2140 1644 infimis

542 1683 852 1744 separatur.
883 1677 952 1731 Et
995 1693 1217 1732 mensus
1267 1686 1368 1743 est,
1403 1680 1598 1750 inquit,
1648 1681 1812 1737 limen
1843 1691 2013 1751 porta:
2043 1698 2139 1738 ea-

547 1761 693 1818 lamo
719 1779 827 1820 uno
869 1766 922 1820 in
952 1766 1313 1833 latitudinem,
1344 1769 1396 1823 id
1424 1778 1530 1835 est,
1571 1771 1735 1825 limen
1783 1788 1949 1827 unum
1996 1773 2139 1828 cala-

2237 588 2535 643 thalamum
2579 598 2632 642 ct
2690 589 2988 644 thalamum
3044 592 3284 661 quinque
3331 593 3537 659 cubita,
3599 593 3838 648 necdum

2236 680 2379 733 enim
2407 679 2608 735 Christi
2638 691 2849 736 secreta
2906 693 3286 753 penetrarunt,
3333 701 3434 741 nec
3481 694 3730 757 possunt
3758 687 3840 743 di-

2239 783 2364 823 cere
2414 788 2484 824 :c
2546 769 2851 827 Introduxit
2906 788 2991 827 me
3044 788 3139 827 rex
3181 774 3235 828 in
3298 775 3607 831 cubiculum
3675 793 3842 837 suum

2242 859 2419 931 (Cant.
2452 861 2514 932 ι).
2551 881 2569 912 ι
2606 862 2671 915 Et
2701 862 2828 917 alibi
2864 881 2876 916 ε
2916 882 2934 914 ί
2977 863 3167 920 Omnis
3200 865 3369 936 gloria
3415 866 3537 923 filia:
3571 869 3722 939 regis
3760 869 3838 921 in-

2244 952 2513 1007 trinsecus
2541 950 2712 1024 (Paul.
2744 954 2922 1025 xuv);
2956 974 2973 1007 ι
3018 956 3113 1010 sed
3157 956 3436 1027 discipulis
3461 974 3584 1014 cum
3613 959 3840 1016 Christo

2243 1043 2389 1096 domi
2418 1046 2882 1099 commorantihus
2916 1047 3172 1117 mysteria
3198 1045 3314 1115 ejus
3355 1048 3545 1104 audire
3572 1065 3684 1103 non
3710 1065 3837 1119 pos-

2243 1142 2389 1198 sunt,
2418 1143 2472 1189 et
2502 1134 2650 1190 foras
2678 1136 2745 1189 ad
2779 1150 2838 1191 se
2889 1138 3114 1208 cupiunt
3160 1138 3255 1192 Dei
3281 1140 3432 1194 exire
3481 1154 3796 1195 sermonem
3825 1161 3836 1193 :

2240 1233 2297 1279 et
2324 1230 2612 1295 propterea
2657 1228 2896 1297 quinque
2925 1228 3233 1283 cubitorum
3269 1245 3524 1285 mensura
3549 1232 3604 1286 in
3632 1231 3718 1286 eis
3747 1248 3845 1302 po-

2241 1317 2410 1381 nitur,
2444 1326 2503 1371 ut
2533 1319 2601 1372 ad
2627 1334 2819 1373 sensus
2850 1320 3091 1388 quinque
3141 1320 3323 1374 omnia
3370 1320 3575 1375 referre
3603 1321 3840 1377 doceant.

2243 1416 2351 1462 tur.
2385 1408 2589 1480 (Creg.)
2622 1410 3043 1466 Consideremus
3073 1408 3201 1479 quid
3246 1411 3333 1479 agi
3386 1411 3438 1465 in
3479 1411 3728 1467 thalamo
3755 1428 3843 1467 so-

2240 1499 2370 1566 leat,
2401 1508 2563 1569 atque
2591 1500 2788 1556 exinde
2817 1501 2921 1556 hoc
2950 1501 3093 1572 quod
3146 1502 3201 1555 in
3228 1510 3413 1557 sancta
3444 1502 3691 1559 Ecclesia
3719 1506 3837 1574 agi-

2242 1600 2351 1656 tur,
2405 1591 2727 1663 colligamus
2772 1610 2784 1645 :
2844 1592 2898 1646 in
2952 1592 3191 1648 thalamo
3243 1594 3441 1662 quippe
3493 1609 3729 1663 sponsus
3786 1606 3839 1649 et

2240 1698 2440 1753 sponsa
2489 1681 2831 1739 {traderentur
2865 1683 3079 1754 sibique
3130 1683 3185 1737 in
3250 1699 3437 1739 amore
3486 1684 3835 1756 junguntur:

2240 1772 2370 1842 quid
2396 1785 2526 1843 ergo
2554 1782 2681 1828 sunt
2710 1774 2766 1827 in
2813 1782 3003 1828 sancta
3053 1773 3295 1829 Ecclesia
3326 1774 3579 1841 thalami,
3610 1776 3717 1831 nisi
3747 1790 3837 1831 eo-

546 1867 637 1908 tno
671 1869 780 1909 uno
811 1855 866 1909 in
904 1855 1207 1914 latitudine.
1262 1858 1535 1931 (Ηὶετοη.)
1592 1860 1913 1933 Mensusque
1941 1873 2027 1920 est
2073 1864 2137 1919 li-
2168 1844 2213 1904 Β
2242 1880 2363 1919 rum
2412 1865 2579 1920 corda
2624 1865 2679 1919 in
2706 1865 2904 1934 quibus
2958 1865 3140 1920 anima
3200 1879 3302 1935 per
3350 1881 3594 1922 amorem
3635 1884 3835 1938 sponso

544 1960 668 2000 men
696 1956 887 2018 porte,
941 1958 999 2002 ut
1025 1950 1166 2006 scire
1204 1952 1479 2007 valeamus
1504 1955 1686 2009 omnia
1713 1965 1903 2027 patere
1932 1957 2138 2013 notitiae

547 2035 666 2092 Dei.
699 2037 853 2106 Quod
878 2040 1043 2096 limen
1080 2042 1135 2097 in
1166 2042 1454 2101 latitudine
1499 2046 1659 2102 unius
1689 2047 1889 2103 dicitur
1915 2050 2134 2118 calami,

547 2137 603 2184 et
627 2129 694 2184 de
722 2131 1008 2188 altitudine
1034 2133 1224 2189 siletur
1249 2152 1315 2192 ac
1343 2136 1682 2210 longitudine
1711 2158 1725 2194 :
1754 2141 1840 2196 via
1881 2143 2027 2198 enim
2054 2152 2139 2201 est

545 2227 602 2272 et
625 2218 879 2276 introitus
924 2237 1025 2292 per
1051 2237 1198 2290 eam,
1241 2227 1309 2281 ad
1342 2228 1600 2285 interiora
1647 2234 1983 2302 pergendum
2031 2249 2133 2292 est.

547 2305 754 2381 (Greg.)
794 2310 903 2367 Cur
926 2322 1213 2384 postquam
1262 2317 1463 2373 dictum
1508 2328 1593 2376 est
1624 2321 1788 2378 limen
1818 2333 1986 2395 porta:
2024 2336 2137 2384 sta-

548 2399 646 2455 tim
675 2401 1025 2475 subjungitur
1073 2406 1237 2463 limen
1289 2425 1490 2477 unum,
1522 2413 1627 2467 nisi
1659 2415 1785 2484 quia
1828 2426 2018 2487 aperte
2056 2419 2140 2475 in-

547 2491 689 2556 nuit,
720 2496 862 2563 quod
884 2496 1064 2553 adhuc
1086 2498 1314 2556 inferius
1346 2501 1508 2558 limen
1532 2504 1679 2561 aliud
1706 2507 1956 2563 dicatur':
1982 2522 2139 2581 porta

550 2586 731 2635 autem
761 2599 793 2636 a
824 2582 1009 2641 limine
1039 2588 1233 2658 surgit,
1268 2598 1328 2645 ut
1354 2600 1513 2661 porta
1564 2595 1654 2650 sit.
1705 2595 1763 2651 Si
1793 2598 1959 2669 igitur
1982 2609 2139 2669 porta

549 2670 829 2737 Dominus,
858 2675 981 2743 quis
1010 2675 1168 2744 hujus
1195 2687 1365 2748 portae
1416 2681 1581 2737 limen
1618 2693 1723 2749 est,
1756 2687 1859 2742 nisi
1889 2688 1967 2744 illi
1999 2691 2142 2745 anti-

550 2762 643 2831 qui
668 2770 873 2834 patres,
902 2780 970 2820 ex
1002 2782 1237 2837 quorum
1286 2774 1544 2841 progenie
1571 2773 1831 2832 Dominus
1864 2778 2138 2835 incarnari

547 2853 799 2924 dignatus
836 2864 938 2923 est,
977 2858 1118 2913 sicut
1151 2875 1249 2929 per
1294 2860 1523 2917 Paulum
1554 2865 1756 2921 dicitur
1786 2885 1799 2922 :
1836 2888 1852 2920 ι
1893 2868 2139 2937 Quorum

546 2954 733 3015 patres
761 2963 825 3002 ex
866 2949 1062 3019 quibus
1118 2949 1367 3008 Christus
1412 2957 1707 3013 secundum
1749 2975 1997 3025 carnem,
2048 2964 2140 3032 qui

548 3045 635 3092 est
657 3053 818 3108 super
844 3040 1027 3095 omnia
1083 3041 1226 3098 Deus
1280 3044 1601 3103 benedictus
1635 3049 1691 3103 in
1730 3052 1925 3106 szecula
1957 3052 2137 3124 (Rom.

551 3127 652 3199 ιχ).
688 3146 707 3179 ι
744 3128 1051 3185 Notandum
1101 3147 1233 3189 vero
1283 3145 1369 3191 est
1418 3137 1472 3191 in
1528 3139 1633 3193 hac
1674 3138 1824 3195 Pauli
1863 3144 2135 3199 sententia

2242 1955 2497 2011 invisibili
2555 1957 2825 2028 jungitur,
2857 1966 2918 2011 ut
2943 1956 3060 2026 ejus
3109 1958 3384 2015 desiderio
3429 1960 3642 2026 ardeat,
3685 1963 3833 2017 nulla

2235 2044 2348 2116 jam
2378 2062 2497 2116 qua:
2527 2047 2581 2101 in
2606 2048 2807 2103 mundo
2834 2056 2962 2103 sunt
2988 2049 3356 2118 concupiscat,
3386 2053 3677 2120 praesentis
3702 2054 3827 2107 vite

2239 2138 2657 2210 longitudinem,
2714 2154 2933 2210 poenam
2987 2141 3230 2211 deputet,
3287 2141 3439 2198 exire
3491 2141 3730 2207 festinet,
3778 2156 3833 2199 et

2242 2232 2445 2287 amoris
2472 2232 2722 2302 amplexu
2766 2232 2818 2287 in
2852 2231 3089 2289 caelestis
3136 2234 3321 2303 sponsi
3371 2234 3582 2291 visione
3621 2236 3835 2305 requie-

2242 2325 2437 2380 scere?
2468 2323 2621 2379 Mens
2647 2324 2835 2393 itaque
2880 2340 3000 2394 quae
3021 2323 3139 2393 jam
3169 2324 3292 2380 talis
3315 2333 3419 2390 est,
3454 2326 3658 2381 nullam
3687 2344 3834 2398 prae-

2241 2418 2411 2473 sentis
2469 2417 2595 2471 vita:
2654 2415 3080 2473 consolationem
3142 2418 3358 2489 recipit,
3419 2419 3514 2475 sed
3559 2420 3631 2475 ad
3680 2419 3834 2475 illum

2240 2523 2401 2577 quem
2452 2507 2624 2580 diligit
2662 2508 2977 2563 medullitus
3030 2510 3292 2580 suspirat,
3348 2508 3545 2576 fervet,
3587 2511 3832 2576 anhelat,

2241 2598 2513 2664 anxiatur,
2566 2598 2689 2652 vilis
2734 2599 2781 2653 ei
2820 2600 2882 2651 ιιι
2933 2598 3048 2668 ipsa
3080 2598 3228 2655 salus
3280 2600 3365 2655 sui
3397 2602 3669 2671 corporis,
3705 2604 3833 2670 quia

2241 2689 2501 2745 transﬁxa
2526 2697 2613 2744 est
2650 2690 2874 2746 vulnere
2926 2692 3149 2747 amoris.
3204 2690 3360 2749 Unde
3396 2701 3453 2748 et
3482 2693 3537 2747 in
3587 2692 3834 2750 Canticis

2242 2781 2578 2835 canticorum
2629 2781 2760 2836 dicit
2792 2797 2808 2836 :
2843 2802 2862 2834 ι
2901 2783 3195 2839 Vulnerata
3220 2785 3523 2841 ’charitate
3579 2802 3684 2858 ego
3708 2800 3831 2843 sum

2243 2868 2421 2942 (Cant.
2452 2870 2537 2944 ιι).
2569 2892 2587 2922 ι
2620 2872 2757 2927 Mala
2789 2874 2938 2931 salus
2964 2883 3052 2930 est
3084 2876 3266 2932 cordis
3300 2893 3423 2946 qua:
3456 2876 3702 2933 dolorem
3728 2878 3831 2932 hu-

2236 2963 2326 3034 jus
2346 2963 2586 3020 vulneris
2626 2966 2821 3022 nescit.
2856 2966 2993 3023 Cum
3022 2982 3152 3025 vero
3195 2969 3455 3025 anhelare
3476 2969 3595 3039 jam
3639 2971 3694 3025 in
3728 2984 3838 3025 etn-

2240 3052 2378 3108 leste
2412 3054 2767 3121 desiderium,
2798 3066 2853 3112 et
2878 3058 3084 3114 sentire
3113 3058 3309 3115 vulnus
3349 3061 3553 3116 ameris
3579 3062 3834 3131 cmperit,

2240 3142 2307 3211 ﬁt,
2331 3144 2511 3198 anima
2548 3145 2819 3201 salubrior
2842 3162 2909 3202 ex
2961 3148 3187 3203 vulnere
3208 3188 3224 3215 ,
3256 3164 3377 3220 qua:
3400 3149 3554 3219 prius
3600 3159 3840 3221 aegrota-

552 3218 697 3289 quod
720 3219 794 3276 dii
816 3229 872 3275 et
896 3223 1080 3278 caeteri
1130 3224 1381 3282 homines
1406 3237 1535 3283 sunt
1572 3233 1771 3297 vocati,
1798 3233 1940 3289 sicut
1968 3234 2138 3307 Moysi
2164 3207 2209 3267 δ’
2231 3207 2335 3292 bat
2361 3252 2427 3292 ex
2466 3241 2639 3294 salute
2664 3255 2679 3293 :
2735 3241 2903 3296 menti
2932 3250 3115 3299 autem
3144 3259 3404 3315 sponsum
3433 3260 3593 3301 suum
3618 3244 3839 3302 fortiter

556 3310 756 3365 dicitur
782 3327 798 3365 :
826 3331 844 3364 ι
870 3313 1075 3369 Ponam
1102 3324 1154 3370 te
1176 3316 1230 3372 in
1254 3318 1415 3374 deum
1437 3319 1711 3378 Pharaoni
1736 3324 1936 3396 (Exod.
1960 3328 2081 3400 vn).
2113 3349 2134 3382 ι

558 3401 626 3456 Et
684 3418 779 3473 per
835 3404 1176 3462 Psalmistam
1231 3410 1365 3464 dicit
1404 3412 1725 3470 Dominus:
1773 3435 1791 3469 ‹
1820 3415 1934 3488 Ego
1982 3417 2136 3473 dixi:

557 3496 642 3551 Dii
695 3496 848 3553 estis.
892 3516 912 3551 ι
988 3499 1056 3556 Et
1119 3518 1337 3559 rursum
1394 3520 1411 3564 :
1464 3526 1482 3559 ι
1522 3506 1668 3566 Deus
1724 3511 1877 3566 stetit
1938 3510 1995 3565 in
2054 3527 2142 3582 sy-

554 3594 765 3653 nagoga
815 3598 1002 3639 eorum
1037 3585 1211 3658 (Psal.
1267 3592 1475 3662 Lxxxi).
1516 3611 1534 3645 ›
1569 3594 1677 3651 Sed
1705 3598 1851 3654 aliud
1890 3609 1973 3658 est
1998 3619 2141 3659 nun-

550 3673 821 3740 cupative,
853 3674 997 3731 aliud
1026 3679 1350 3735 naturaliter
1402 3683 1510 3738 dici
1537 3684 1727 3741 Deum.
1761 3688 1874 3746 Etsi
1928 3691 2141 3765 Moyses

559 3765 615 3819 in
642 3765 802 3821 deum
827 3767 1096 3826 Pharaoni
1119 3780 1201 3827 est
1225 3774 1452 3843 positus,
1484 3778 1578 3832 sed
1599 3778 1733 3835 deus
1761 3780 1904 3839 intra
1932 3787 2136 3857 omnia,

555 3870 663 3909 non
688 3857 821 3913 deus
846 3874 1009 3929 super
1035 3862 1218 3917 omnia
1246 3864 1462 3920 dicitur.
1512 3866 1613 3934 Qui
1644 3885 1774 3926 vero
1797 3882 1881 3927 est
1906 3873 1957 3928 in
1985 3883 2140 3933 utero

556 3947 781 4018 virginis
811 3950 1146 4020 incarnatus,
1174 3954 1318 4011 Deus
1343 3972 1507 4028 super
1545 3962 1727 4017 omnia
1753 3970 1997 4019 vecatur.
2026 3967 2139 4021 lta-

556 4056 663 4112 que
691 4042 854 4097 limen
899 4054 1075 4114 portas
1122 4056 1252 4102 sunt
1294 4058 1499 4118 patres,
1550 4052 1616 4107 de
1644 4054 1839 4122 quibus
1869 4056 2140 4133 ille'natus

552 4140 657 4197 est,
685 4134 778 4203 qui
809 4135 965 4191 nobis
996 4136 1199 4192 aditum
1226 4138 1379 4211 regni
1409 4140 1646 4197 caelestis
1681 4146 1915 4213 aperuit.
1946 4147 2136 4206 Limen

558 4232 740 4279 autem
771 4235 941 4296 porta:
992 4243 1098 4295 uno
1128 4229 1338 4285 calamo
1364 4241 1732 4299 tnensuratur,
1772 4251 1876 4306 qua
1904 4238 2006 4308 ipsi
2035 4256 2138 4295 an-

554 4314 692 4386 tiqui
741 4324 926 4386 patrcs
986 4318 1077 4387 qui
1115 4323 1408 4390 potuerunt
1446 4322 1865 4395 Redemptorem
1890 4338 2137 4386 nostrum

552 4414 608 4461 et
644 4408 1037 4477 prophetando,
1088 4420 1144 4466 et
1189 4412 1327 4469 bene
1380 4414 1616 4471 uniendo
1666 4417 1987 4487 praedicare,
2021 4431 2140 4478 tan-

550 4517 712 4571 quam
764 4517 859 4557 sex
913 4505 1093 4560 cubita
1142 4507 1196 4561 in
1226 4508 1558 4585 perfectione
1583 4512 1763 4580 operis
1807 4520 1864 4566 et
1900 4512 2136 4583 palmum

552 4592 605 4645 in
632 4592 978 4648 inchoatione
1003 4597 1476 4668 contemplationis
1506 4602 1836 4658 habuerunt.
1862 4603 1963 4671 Qui
1986 4606 2133 4661 enim

548 4697 737 4737 eorum
760 4683 927 4738 vitam
958 4686 1011 4740 in
1042 4688 1245 4744 unitate
1288 4688 1435 4757 fidei,
1464 4701 1519 4747 et
1548 4693 1784 4763 perfecta
1806 4698 2053 4767 operatio
2076 4706 2135 4754 et

549 4772 800 4829 inchoata
823 4778 1207 4847 contemplatio
1249 4781 1538 4838 sublimem
1568 4785 1822 4852 reddidit,
1854 4796 1911 4844 et
1947 4789 2002 4844 in
2025 4805 2131 4846 uno

549 4859 758 4916 calamo
782 4876 1037 4917 mensura
1066 4862 1269 4921 liminis
1300 4865 1420 4922 fuit.
1452 4867 1747 4940 Sequitur:

627 4972 644 5003 ‹
676 4953 742 5007 Et
770 4953 1063 5009 thalamum
1086 4972 1194 5012 uno
1229 4958 1439 5014 calamo
1465 4961 1519 5014 in
1545 4961 1787 5032 longum,
1817 4974 1871 5019 et
1905 4980 2013 5020 uno
2042 4980 2134 5021 ca-

555 5062 572 5095 ι
610 5043 751 5097 lamo
782 5044 834 5097 in
864 5044 1050 5099 latum.
1090 5067 1110 5099 ι
1145 5048 1413 5121 (meram)
1443 5050 1595 5107 Licet
1645 5053 1699 5107 in
1745 5054 1849 5110 hoc
1877 5055 1995 5111 loco
2025 5056 2126 5113 Se-

550 5136 825 5204 ptuaginta
849 5134 1116 5207 superﬂue
1163 5138 1572 5212 longitudinem,
1603 5144 1749 5199 velut
1778 5148 1830 5200 in
1856 5147 2129 5219 plerisque

551 5226 827 5281 codicibus
855 5229 1182 5295 continetur,
1214 5231 1553 5289 latitudinem
1594 5236 1851 5305 dixerint,
1882 5241 2127 5297 cubicula

549 5327 729 5372 autem
778 5320 1015 5376 dixerint
1060 5323 1376 5389 thalamum,
1409 5329 1824 5398 θιπαραστάδις,
1874 5333 1966 5401 qui
2018 5343 2128 5388 tam

550 5405 601 5458 in
649 5405 867 5478 longum
917 5424 1077 5479 quam
1124 5412 1176 5466 in
1209 5412 1379 5468 altum
1431 5418 1672 5488 singulos
1720 5419 1957 5477 habeant
1975 5422 2122 5478 cala-

549 5512 686 5559 mos,
742 5500 837 5553 sed
885 5499 1028 5555 inter
1074 5503 1371 5559 thalamum
1432 5515 1487 5563 et
1536 5510 1835 5567 thalamum
1886 5515 2125 5587 quinque

550 5584 656 5639 sint
683 5588 885 5655 cubita,
940 5599 998 5644 ut
1053 5592 1311 5648 interiora
1354 5596 1726 5654 cubiculorum
1772 5601 1985 5671 plenam
2019 5584 2121 5660 ha-

546 5676 709 5732 beant
756 5695 1065 5737 mensuram
1111 5684 1325 5751 calami,
1358 5686 1413 5741 id
1460 5696 1561 5753 est,
1597 5705 1694 5746 sex
1725 5693 2033 5749 cubitorum
2065 5705 2121 5752 et

545 5769 709 5837 palmi
738 5773 911 5841 unius,
953 5775 1079 5831 dum
1128 5792 1289 5846 opera
1344 5781 1550 5848 pariter
1600 5784 1844 5856 ratioque
1891 5802 2115 5844 consen-

2240 3332 2466 3399 amanti,
2495 3333 2563 3388 de
2592 3349 2743 3389 mora
2772 3335 2897 3391 vita:
2924 3339 3212 3415 praesentis
3237 3354 3346 3393 una
3384 3339 3523 3394 solet
3543 3354 3667 3395 esse
3694 3354 3837 3396 con-

2240 3421 2437 3478 solatio
2462 3440 2477 3489 ;
2506 3425 2550 3479 si
2589 3439 2687 3495 per
2714 3427 2819 3483 hoc
2848 3430 2991 3498 quod
3013 3430 3130 3501 ipsa
3159 3429 3229 3486 ab
3255 3429 3373 3501 ejus
3410 3432 3621 3488 visione
3645 3432 3837 3490 ὤσει-

2242 3519 2352 3575 tur,
2385 3513 2615 3568 aliorum
2649 3516 2846 3572 anima:
2874 3517 2994 3586 ejus
3012 3520 3182 3575 verbo
3208 3520 3519 3591 proficiant,
3548 3529 3606 3576 et
3630 3522 3699 3577 ad
3729 3536 3839 3577 em-

2241 3602 2431 3658 lestem
2455 3620 2714 3675 sponsum
2732 3608 2949 3664 amoris
2972 3606 3187 3665 facibus
3230 3610 3600 3667 inardescant.
3628 3611 3835 3670 Pense—

2240 3710 2363 3750 mus
2394 3711 2524 3767 r0go
2561 3697 2739 3766 qualis
2797 3699 3068 3756 thalamus
3099 3698 3252 3755 Pauli
3304 3715 3459 3756 mens
3512 3700 3709 3766 fuerat,
3740 3704 3833 3773 qui

2241 3783 2457 3840 dicebat
2488 3803 2500 3838 :
2547 3804 2565 3836 ‹
2594 3785 2730 3853 Quia
2760 3787 2890 3842 mihi
2946 3789 3131 3845 vivere
3180 3788 3427 3845 Christus
3455 3798 3560 3857 est,
3590 3799 3652 3847 et
3691 3794 3833 3848 mori

2242 3872 2456 3929 lucrum
2513 3874 2736 3949 (Philip.
2770 3876 2830 3949 l).
2868 3897 2886 3931 ι
2917 3876 3285 3950 Omnipotenti
3317 3881 3431 3937 Deo
3461 3883 3516 3938 in
3544 3893 3754 3954 quanto
3774 3900 3832 3941 se

2240 3980 2427 4020 amore
2470 3968 2851 4038 conjunxerat,
2908 3971 2999 4041 qui
3045 3971 3146 4027 sibi
3181 3973 3349 4028 vitam
3386 3972 3668 4031 Christum
3698 3985 3822 4034 tan-

2244 4058 2539 4123 tummodo,
2570 4067 2623 4114 et
2644 4060 2781 4114 mori
2811 4059 3022 4116 lucrum
3066 4078 3189 4120 esse
3239 4064 3550 4136 deputabat.
3588 4067 3729 4125 Hinc
3749 4077 3831 4125 at

2241 4148 2383 4215 quod
2412 4148 2610 4203 iterum
2665 4150 2795 4205 dicit
2828 4169 2840 4205 :
2874 4171 2892 4204 ι
2926 4152 3264 4209 Desiderium
3326 4156 3538 4215 habens
3584 4158 3826 4226 dissolvi,

2241 4242 2443 4291 etcum
2495 4236 2718 4325 Christq
2781 4256 2902 4297 esse
2957 4243 3127 4300 multo
3176 4246 3351 4317 magis
3395 4247 3613 4305 melius.
3676 4269 3695 4302 ι
3724 4249 3826 4307 Sed

2240 4340 2369 4382 ecce
2416 4328 2509 4397 qui
2569 4329 2790 4386 dissolvi
2831 4332 3131 4401 desideras,
3199 4352 3310 4407 quo
3343 4353 3533 4395 amore
3574 4339 3826 4414 langueas

2240 4416 2508 4485 videmus,
2555 4421 2647 4489 qui
2700 4422 2919 4478 interim
2972 4424 3177 4481 dill'erri
3237 4434 3290 4484 te
3323 4431 3617 4501 conspicis,
3651 4431 3822 4489 fulciri

2242 4520 2411 4575 quare
2465 4508 2688 4568 floribus
2744 4530 2849 4569 non
2902 4516 3182 4585 requiris?
3210 4516 3416 4585 Quaerit
3458 4520 3666 4592 plane;
3707 4540 3825 4579 nam

2242 4609 2517 4677 sequitur:
2551 4631 2568 4661 ι
2603 4611 2934 4670 Permanere
2954 4625 3134 4671 autem
3160 4617 3215 4673 in
3244 4634 3411 4676 carne
3431 4626 3821 4689 necessarium,

2238 4708 2461 4768 propter
2496 4716 2614 4766 vos,
2665 4721 2683 4753 ι
2738 4711 2793 4758 et
2851 4703 3263 4773 proficientibus
3318 4710 3602 4782 discipulis
3651 4714 3821 4770 dicit:

2244 4807 2262 4839 ι
2298 4787 2429 4855 Quae
2457 4799 2542 4847 est
2567 4792 2714 4847 enim
2770 4802 2956 4849 nostra
2986 4810 3129 4867 spes,
3175 4806 3268 4852 aut
3294 4800 3579 4869 gaudium,
3608 4812 3707 4861 aut
3738 4820 3823 4859 eo-

2238 4894 2369 4933 rona
2393 4880 2598 4951 glorize,
2626 4897 2806 4938 nonne
2832 4900 2928 4941 vos
2957 4894 3087 4942 ante
3133 4887 3422 4943 Dominum
3448 4900 3719 4949 ‘nostrum
3745 4893 3823 4948 ,Ια-

2237 4970 2400 5024 sum?
2434 4990 2453 5022 ι
2491 4971 2629 5027 Hinc
2672 4982 2767 5031 est.
2800 4976 2946 5044 quod
3003 4976 3145 5031 idem
3178 4978 3451 5034 thalamus
3478 4997 3589 5037 uno
3614 4984 3819 5038 calamo

2236 5058 2289 5112 in
2321 5059 2561 5129 longum,
2590 5069 2646 5116 et
2670 5078 2778 5118 uno
2823 5066 3032 5122 calamo
3062 5070 3115 5123 in
3150 5069 3318 5127 latum
3352 5074 3552 5130 dicitur
3580 5094 3814 5134 mensus.

2233 5148 2536 5221 Longitudo
2558 5155 2757 5226 quippe
2786 5159 2853 5213 ad
2880 5158 3345 5229 longanimitatem
3394 5173 3815 5238 exspectationis

2233 5245 2488 5314 pertinet,
2543 5257 2597 5304 et
2652 5249 2882 5308 latitudo
2940 5256 3010 5309 ad
3056 5258 3466 5326 amplitudinem
3512 5262 3814 5320 charitatis.

2234 5335 2466 5392 Tantum
2494 5353 2623 5410 ergo
2654 5344 3025 5414 unusquisque
3057 5348 3328 5405 thalamus
3367 5351 3534 5407 habet
3559 5354 3612 5407 in
3648 5354 3814 5428 longi—

2234 5429 2440 5496 tudine,
2469 5443 2730 5503 quantum
2762 5437 2898 5492 etin
2945 5439 3233 5497 latitudine
3280 5443 3481 5498 habere
3530 5450 3812 5516 potuerit:

2227 5520 2354 5588 quia
2386 5535 2539 5577 mens
2571 5524 2780 5579 caelesti
2803 5528 3074 5585 desiderio
3104 5547 3366 5588 succensa
3388 5544 3598 5603 quanto
3624 5552 3813 5594 amore

2228 5608 2482 5666 habuerit
2511 5614 2578 5668 ad
2608 5614 2972 5684 colligendum
3004 5622 3334 5689 proximum,
3370 5631 3580 5681 tantam
3609 5638 3667 5683 et
3699 5634 3811 5683 lon-

2228 5700 2597 5763 ganimitatem
2627 5706 2849 5762 exhibet
2878 5709 2945 5763 ad
2977 5714 3397 5781 exspectandum
3422 5715 3613 5781 Deum,
3650 5729 3705 5773 et
3728 5735 3810 5791 pa-

2227 5792 2423 5849 tienter
2444 5805 2621 5865 portat
2650 5814 2832 5855 moras
2862 5799 3232 5872 longitudinis,
3271 5806 3362 5875 qui
3412 5822 3470 5863 se
3519 5809 3574 5862 in
3628 5810 3800 5878 profe-
