3950 6324
136 380 246 434 8¹Π

1077 373 1430 429 COMMENT.
1473 372 1539 427 1N
1579 369 2037 426 EZECHIELEM.
2081 401 2149 409 -ο
2191 371 2317 425 LIB.
2363 369 2498 424 XIV.

3315 357 3420 414 898

138 506 296 549 ctum
346 493 578 565 proximi
611 491 796 544 dilatat
823 486 1173 556 amplitudine
1208 486 1512 540 charitatis.
1556 484 1741 538 Potest
1769 482 2223 543 Amiraculorum
2275 484 2522 553 gratiam,
2586 483 2631 538 si
2684 482 2751 536 ad
2808 490 3178 552 contemptum
3232 484 3420 540 mundi

139 588 315 642 etiam
345 590 460 657 ipsa
488 585 760 656 longitudo
790 580 1244 651 longanimitatem
1276 578 1571 648 patientire,
1619 591 1740 644 qum

140 677 438 731 exhibetur
465 675 732 744 proximo,
755 673 1056 740 designare.
1105 669 1170 722 Et
1201 669 1326 737 quia
1356 667 1581 722 latitudo
1606 667 1738 721 cha-

143 765 370 819 ritatcm
404 765 602 833 signat,
636 776 756 831 quae
787 760 964 814 sinum
1007 759 1200 811 mentis
1227 757 1421 826 aperit,
1454 765 1508 810 et
1537 756 1740 809 amicos

143 855 312 910 simul
353 863 513 924 atque
554 853 799 908 inimicos
838 852 892 904 in
929 864 1167 904 amorem
1205 849 1414 919 recipit,
1463 856 1611 901 tanta
1658 855 1740 902 est

144 946 431 1016 longitudo
471 944 708 1007 thalami,
751 950 950 1010 quanta
1005 939 1272 993 latitudo:
1305 939 1434 1017 quia.
1479 947 1737 1006 quantum

148 1038 263 1093 lata
313 1049 464 1088 mens
507 1031 668 1085 fuerit
708 1045 804 1100 per
851 1044 1110 1093 amorem,
1155 1037 1365 1082 tantum
1413 1028 1516 1082 erit
1558 1038 1612 1081 et
1642 1043 1738 1096 pa-

150 1128 298 1183 tiens
322 1139 420 1194 per
447 1120 909 1193 longanimitatem
935 1136 947 1170 :
983 1133 1105 1170 nam
1136 1125 1341 1170 tantum
1365 1117 1591 1185 quisque
1619 1132 1743 1185 por-

153 1225 235 1270 tat
275 1215 600 1285 proximum,
642 1217 899 1280 quantum
936 1216 1099 1261 amat.
1139 1205 1430 1274 Sequitur:

235 1325 252 1355 ι
283 1305 349 1358 Et
364 1304 505 1358 inter
527 1302 791 1356 thalamos
804 1300 1040 1369 quinque
1053 1299 1278 1353 cubitus.
1306 1318 1322 1348 ι
1346 1294 1409 1368 (ϐ
1419 1297 1547 1367 reg.)
1567 1296 1741 1351 Unum

154 1410 319 1464 supra
357 1392 652 1447 thalamum
692 1391 917 1453 dixerat,
967 1399 1024 1443 et
1054 1389 1392 1458 postmodum
1433 1403 1553 1442 esse
1581 1389 1741 1456 quin-

153 1498 264 1553 qre
330 1484 540 1537 cubitos
583 1483 725 1536 inter
780 1482 1047 1535 thalamos
1093 1488 1324 1544 narrat,
1373 1495 1435 1533 ea
1492 1480 1744 1534 videlicet

154 1573 372 1627 ratione
426 1587 529 1640 qua
587 1569 740 1622 multi
790 1569 1010 1622 thalami
1071 1583 1236 1622 unum
1298 1567 1542 1622 faciunt:
1606 1569 1744 1623 sicut

155 1662 342 1715 multae
387 1660 628 1715 ecclesia:
675 1675 780 1713 una
823 1658 1049 1714 ecclesia
1086 1665 1360 1713 vocantur.
1379 1658 1528 1713 Unde
1583 1667 1639 1713 et
1687 1659 1742 1712 in

151 1750 382 1806 Joannis
406 1749 722 1821 Apocalypsi
747 1749 929 1821 (Apoc.
1023 1747 1062 1819 I)
1088 1757 1291 1818 septem
1323 1747 1578 1803 Ecclesiis
1609 1748 1744 1802 scri-

1844 572 2055 642 plenius
2084 573 2506 640 exsequendum,
2537 571 2766 627 fortasse
2796 572 3032 626 minores
3064 580 3208 637 sunt,
3243 581 3424 627 tamen

1845 661 1899 714 in
1956 659 2162 714 timoris
2193 669 2248 713 et
2292 662 2494 714 amoris
2530 660 2879 715 fundamento
2908 669 3032 715 sunt
3079 662 3130 715 in
3162 677 3268 730 quo
3299 663 3425 717 soli-

1846 749 2058 814 dantur,
2091 749 2217 817 quia
2246 750 2344 803 etsi
2375 751 2494 819 igne
2521 750 2756 805 caelestis
2784 751 3032 806 desiderii
3080 769 3185 806 non
3212 754 3424 818 ardent,

1846 841 1900 893 in
1946 840 2075 909 ipsis
2107 841 2468 894 exterioribus
2507 855 2626 908 qua:
2652 855 2904 894 exercere
2927 841 3214 906 sufﬁciunt,
3265 858 3427 911 vapu-

1846 942 1904 981 re
1933 928 2213 983 charitatis
2241 929 2568 991 animantur,
2620 937 2675 981 et
2720 928 2862 982 inter
2890 931 3249 997 proximorum
3286 948 3426 1000 pra:-

1847 1016 2150 1071 cellentium
2193 1017 2416 1071 aedilicia
2465 1018 2828 1071 continentur.
2879 1017 3176 1087 Sequitur:

1921 1127 1940 1159 ‹
1975 1107 2036 1161 Et
2065 1108 2227 1162 limen
2263 1118 2434 1177 portae
2455 1108 2610 1176 juxta
2654 1108 2974 1163 vestibulum
3019 1119 3185 1178 portae
3230 1112 3424 1165 intrin-

1846 1213 2001 1252 secus
2051 1198 2260 1253 calamo
2299 1214 2423 1252 uno.
2466 1219 2484 1250 i
2529 1199 2802 1268 (Ηξρνοη.)
2831 1199 3016 1253 Limen
3050 1215 3260 1269 quoque
3301 1204 3431 1254 alte-

1847 1293 1959 1346 rius
2007 1300 2194 1362 portae,
2229 1292 2343 1346 sive
2393 1299 2451 1344 ut
2495 1293 2547 1344 in
2579 1289 2923 1360 Septuaginta
2972 1292 3296 1355 continetur,
3348 1310 3433 1346 se-

1845 1386 2002 1439 cundi
2036 1384 2283 1439 vestibuli
2319 1393 2375 1437 et
2418 1383 2559 1436 tertii
2611 1383 2847 1449 ejusdem
2875 1383 3035 1436 unius
3065 1383 3254 1437 calami
3277 1399 3429 1438 men-

1845 1491 1984 1530 surae
2012 1484 2112 1530 est.
2143 1475 2269 1530 Post
2311 1474 2451 1543 quod
2491 1474 2810 1528 vestibulum
2850 1474 2986 1543 ejus,
3030 1475 3132 1528 hoc
3163 1484 3244 1528 est
3270 1475 3431 1529 limen

1845 1575 2016 1637 portae
2042 1565 2323 1621 introitum
2366 1573 2488 1618 octo
2520 1573 2792 1633 ponuntur
2821 1564 3024 1629 cubita,
3077 1574 3133 1618 ut
3174 1566 3430 1620 interiora

1844 1656 2094 1711 vestibuli
2142 1670 2480 1725 nequaquam
2531 1655 2895 1724 septenarium
2929 1670 3210 1708 numerum
3259 1664 3312 1709 et
3339 1672 3433 1711 sex

1847 1746 2026 1802 cubita
2069 1754 2124 1799 et
2149 1745 2387 1814 palmum
2419 1760 2602 1806 unum,
2637 1745 2729 1799 sed
2775 1745 3107 1798 octonarium
3151 1761 3433 1799 numerum

153 1841 325 1906 bitur,
375 1856 473 1911 per
517 1855 651 1909 quas
697 1855 802 1893 una
845 1837 1110 1894 catholica
1150 1837 1480 1905 designatur.
1536 1836 1600 1890 lli
1634 1838 1740 1890 ita-
1771 1837 1818 1896 B
1848 1844 2067 1893 teneant
2095 1838 2185 1907 qui
2213 1837 2280 1890 ad
2312 1837 2726 1890 resurrectionis
2755 1846 2809 1890 et
2835 1837 2940 1890 diei
2981 1838 3270 1892 Dominicae
3313 1855 3436 1907 pero

152 1946 265 2000 que
291 1930 382 2000 qui
427 1930 481 1984 in
524 1936 710 1984 sancta
749 1927 996 1991 ecclesia,
1040 1927 1180 1982 sicut
1213 1925 1467 1990 diximus,
1517 1925 1745 1995 ferventi

155 2036 344 2077 amore
393 2022 561 2076 Deum
609 2019 791 2074 videre
839 2020 1047 2083 sitiunt,
1093 2018 1252 2088 eique
1293 2017 1408 2085 jam
1459 2033 1555 2088 per
1599 2016 1744 2072 desi-

153 2109 369 2166 derium
418 2108 833 2180 conjunguntur,
891 2108 1108 2162 thalami
1160 2116 1442 2162 vocantur.
1505 2106 1610 2162 Sed
1663 2116 1744 2160 ta-

155 2215 284 2255 men
334 2208 461 2255 sunt
519 2202 573 2254 in
638 2216 700 2254 ea
764 2200 980 2268 quidam
1036 2200 1125 2268 qui
1192 2208 1479 2267 penetrare
1531 2197 1747 2252 subtilia

155 2308 270 2348 non
307 2292 568 2356 valentes,
607 2301 677 2347 et
714 2292 953 2360 quinque
1001 2291 1175 2344 adhuc
1216 2291 1457 2360 corporis
1499 2291 1746 2345 sensibus

156 2385 425 2457 depressi,
474 2393 622 2438 tanto
663 2384 842 2437 minus
882 2391 1067 2436 amant
1104 2396 1226 2436 eum
1267 2383 1357 2452 qui
1388 2381 1514 2436 fecit
1544 2383 1743 2448 omnia,

156 2485 366 2548 quanto
413 2477 643 2546 amplius
688 2476 741 2529 in
783 2475 866 2528 his
911 2489 1032 2543 quae
1073 2473 1216 2528 facta
1263 2483 1388 2528 sunt
1433 2473 1741 2546 illigantur:

158 2577 216 2622 et
235 2565 348 2635 jam
382 2567 596 2636 quidem
622 2579 878 2619 exercere
916 2564 970 2618 in
1003 2565 1194 2618 timore
1223 2563 1434 2619 Domini
1483 2571 1537 2619 et
1562 2580 1748 2620 amore

155 2656 393 2727 proximi
440 2654 659 2709 tendere
707 2654 942 2719 student,
991 2652 1133 2708 bona
1177 2667 1341 2723 opera
1393 2654 1749 2723 corporaliter

159 2743 728 2815 agere,eleemosynis
774 2751 994 2812 peccata
1044 2743 1329 2808 redimere,
1380 2743 1474 2797 sed
1517 2744 1642 2812 quia
1693 2743 1748 2798 in

163 2849 352 2890 amore
419 2835 612 2889 intimo
666 2835 856 2888 ardere
901 2833 968 2886 ad
1012 2833 1234 2888 caeleste
1282 2832 1608 2887 desiderium
1662 2847 1750 2888 ne-

161 2927 363 2991 sciunt,
387 2926 538 2996 quasi
565 2926 740 2980 adhuc
755 2925 987 3002 devincti
1003 2924 1247 2993 corporis
1277 2924 1524 2978 sensibus
1558 2933 1746 2978 tenen—

162 3025 272 3072 tur.
311 3016 403 3071 lsti
450 3015 632 3085 itaque
659 3014 924 3069 thalamus
952 3030 1058 3068 non
1087 3023 1230 3078 sunt,
1269 3014 1363 3069 sed
1391 3023 1570 3069 tamen
1606 3015 1748 3069 inter

163 3106 431 3161 thalamos
468 3105 834 3170 continentur,
876 3103 969 3172 qui
1012 3118 1111 3172 per
1137 3119 1325 3159 eorum
1355 3105 1627 3172 ducatum,
1655 3105 1746 3174 qui

1849 1928 2022 1982 tinent
2068 1938 2486 1981 sacramentum.
2552 1921 2816 1996 (Cragon)
2880 1925 3016 1978 Dum
3068 1925 3227 1980 limen
3295 1929 3434 1996 quod

1847 2017 2006 2072 modo
2046 2016 2370 2070 describitur
2408 2015 2564 2085 juxta
2609 2014 2931 2069 vestibulum
2969 2024 3139 2084 porta:
3183 2016 3437 2071 intrinse-

1847 2122 1943 2163 cus
1987 2121 2105 2162 esse
2134 2113 2482 2169 memoratur,
2532 2114 2716 2174 aperte
2756 2106 3078 2172 ostenditur,
3118 2108 3243 2176 quia
3274 2109 3434 2163 limen

1848 2199 1990 2270 quod
2039 2199 2188 2268 prius
2235 2197 2561 2266 descriptum
2606 2205 2709 2260 est,
2760 2198 3098 2251 extrinsecus
3149 2196 3267 2252 fuit.
3330 2197 3437 2252 Sed

1848 2291 1893 2345 si
1930 2297 2084 2359 porta
2119 2297 2203 2343 est
2240 2289 2518 2351 Dominus,
2557 2287 2697 2355 quod
2735 2287 2803 2340 sit
2847 2286 3008 2340 limen
3039 2295 3206 2356 porta:
3238 2289 3436 2343 intrin-

1849 2396 2007 2436 secus
2040 2389 2094 2434 et
2130 2380 2469 2434 extrinsecus
2498 2378 2856 2445 requiramus.
2906 2377 3008 2431 Per
3047 2377 3206 2431 limen
3237 2379 3435 2433 etenim

1846 2480 2059 2543 portam
2096 2470 2464 2539 unusquisque
2520 2469 2834 2539 ingreditur.
2887 2467 2952 2522 Et
2993 2483 3113 2537 qua:
3163 2476 3288 2523 sunt
3324 2469 3431 2524 duo

1848 2565 1964 2619 haec
2016 2563 2222 2628 limina,
2265 2562 2366 2616 nisi
2405 2549 2588 2631 patres
2631 2561 2937 2614 testamenti
2989 2561 3205 2624 veteris,
3253 2570 3303 2615 et
3331 2577 3429 2630 pa-

1852 2662 1961 2710 tres
1991 2653 2296 2709 testamenti
2330 2651 2495 2706 novi?
2542 2651 2656 2705 Non
2693 2650 2867 2704 solum
2916 2651 3108 2720 quippe
3137 2652 3189 2705 hi
3217 2652 3282 2707 de
3319 2653 3438 2722 qui-

1847 2746 1951 2802 bus
1992 2744 2252 2798 Dominus
2307 2741 2579 2796 incarnari
2629 2740 2880 2810 dignatus
2935 2749 3040 2804 est,
3097 2742 3188 2796 sed
3252 2756 3440 2797 omnes

1851 2835 2160 2890 testamenti
2189 2833 2388 2887 veteris
2411 2840 2591 2900 patres
2621 2839 2790 2900 porta:
2816 2829 2974 2896 hujus
3005 2830 3166 2883 limen
3199 2829 3436 2895 fuerunt,

1850 2918 1974 2996 quia
2024 2925 2078 2979 hi
2119 2923 2211 2993 qui
2259 2937 2381 2976 eum
2419 2921 2735 2991 prmdicare,
2783 2929 2835 2973 et
2873 2920 2926 2974 in
2967 2935 3032 2974 eo
3079 2935 3297 2989 sperare
3328 2937 3440 2977 me-

1849 3023 2098 3077 ruerunt,
2161 3014 2372 3067 cunctis
2429 3013 2495 3066 ad
2541 3026 2663 3065 eum
2721 3010 3061 3066 venientibus
3115 3023 3440 3082 aperuerunt

1852 3105 2057 3160 aditum
2087 3103 2229 3168 fidei,
2259 3110 2319 3157 ut
2346 3103 2522 3157 omnis
2549 3101 2638 3170 qui
2661 3099 2953 3156 crediderit
2974 3100 3256 3154 Dominum
3280 3102 3434 3170 quasi

161 3197 424 3252 visionem
451 3195 545 3249 Dei
572 3192 809 3265 perfecte
835 3193 1081 3262 diligunt,
1126 3202 1180 3248 et
1223 3193 1324 3264 ipsi
1356 3195 1423 3248 ad
1446 3193 1746 3265 profectum
1773 3187 1953 3264 Cjam
1999 3204 2209 3264 portam
2258 3192 2416 3262 hujus
2469 3192 2670 3246 liminis
2718 3193 2964 3245 intraret.
3017 3193 3122 3246 Sed
3171 3208 3267 3245 cur
3312 3202 3437 3246 ante

161 3287 364 3342 mentis
430 3286 718 3340 ducuntur.
786 3283 932 3337 lnter
991 3282 1256 3338 thalamos
1321 3298 1451 3354 ergo
1512 3285 1749 3354 quinque

161 3382 292 3429 sunt
329 3373 494 3429 cubiti
528 3392 539 3426 :
585 3373 709 3442 quia
753 3372 807 3426 hi
858 3372 950 3441 qui
990 3373 1059 3428 ab
1109 3373 1469 3428 exterioribus
1511 3375 1748 3443 quinque

161 3467 412 3521 sensibus
446 3465 618 3534 adhuc
646 3462 712 3521 ad
745 3462 1073 3518 intellectum
1107 3463 1392 3532 mysticum
1422 3477 1530 3515 non
1562 3477 1746 3516 assur-

161 3559 317 3631 gdnt,
365 3557 492 3612 dum
540 3556 682 3610 inter
730 3569 823 3609 eos
868 3561 994 3608 sunt
1033 3553 1125 3623 qui
1170 3552 1362 3622 spiritu
1406 3552 1608 3607 amoris
1647 3550 1751 3605 fer-

162 3658 310 3713 vent,
334 3646 479 3702 velut
507 3653 788 3702 manentes
816 3644 959 3698 inter
982 3642 1248 3697 thalamos
1275 3643 1328 3696 in
1357 3641 1477 3697 fidei
1504 3653 1751 3697 constru-

159 3746 346 3799 ctione
385 3740 696 3812 proticitint,
726 3744 783 3793 et
807 3751 840 3791 a
867 3747 1118 3789 mensura
1143 3733 1381 3788 cmlestis
1408 3732 1618 3788 aedilicii
1644 3733 1750 3787 dis-

153 3832 330 3904 juncti
369 3845 477 3885 non
520 3836 644 3885 sunt

162 3922 526 3992 corporalium
571 3935 829 3976 sensuum
877 3917 1216 3981 abstrahunt,
1264 3922 1318 3972 et
1349 3916 1572 3972 dilatato
1602 3934 1752 3972 men-

167 4015 238 4070 tis
280 4013 456 4081 spatio
490 4011 768 4066 imitantur
816 4009 1137 4064 charitatem
1185 4023 1347 4078 quam
1391 4009 1746 4078 conspiciunt,

165 4107 292 4161 hinc
347 4104 473 4159 inde
527 4104 596 4159 ad
655 4101 923 4158 thalamos
974 4100 1358 4156 extenduntur.
1423 4101 1578 4168 Quod
1620 4118 1752 4174 ergo

165 4200 273 4254 non
297 4210 394 4268 per
425 4209 520 4252 sex
557 4194 788 4260 cubitos,
803 4194 896 4248 sed
915 4207 1012 4262 per
1048 4192 1287 4262 quinque
1316 4192 1571 4262 descripti
1590 4203 1750 4260 sunt,

164 4292 282 4359 ipsa
328 4288 505 4342 adhuc
537 4299 726 4341 eorum
762 4281 1099 4353 imperfectio
1145 4282 1498 4352 designatur:
1539 4282 1635 4337 sed
1675 4292 1755 4336 ta-

165 4395 291 4436 men
336 4393 436 4450 per
476 4377 678 4432 bonum
727 4371 1053 4430 desiderium
1094 4370 1148 4425 in
1195 4385 1450 4426 mensura
1493 4371 1753 4441 spiritalis

165 4473 380 4530 aedificii
441 4486 561 4529 esse
621 4477 990 4527 memorantur
1035 4485 1048 4522 :
1090 4468 1217 4537 quia
1258 4476 1313 4523 et
1362 4464 1493 4522 voce
1550 4478 1750 4524 sanctae

163 4564 407 4622 ecclesia:
482 4577 577 4633 per
650 4559 990 4615 Psalmistam
1058 4556 1256 4614 dicitur
1304 4574 1319 4611 :
1370 4557 1746 4627 Imperfectum

166 4671 347 4711 meum
389 4653 636 4708 viderunt
673 4649 816 4705 oculi
869 4650 966 4714 tui,
1032 4657 1088 4704 et
1134 4648 1190 4703 in
1229 4648 1368 4703 libro
1420 4656 1513 4703 tuo
1557 4664 1745 4705 omnes

165 4747 479 4802 scribuntur
525 4741 715 4814 (Prol.
764 4738 1048 4810 cxxxvm)
1092 4755 1107 4804 ;
1167 4739 1293 4807 quia
1354 4739 1550 4793 iterum
1597 4739 1746 4794 Psal-

164 4836 326 4891 mista
351 4832 519 4888 dicit:
557 4849 574 4882 ι
608 4828 890 4886 Bcnedixit
929 4839 1120 4892 omnes
1147 4828 1400 4881 timentes
1447 4841 1507 4882 se
1555 4827 1742 4882 Domi-

165 4937 268 4979 nus
300 4919 508 4993 pusillis
554 4933 678 4974 cum
706 4917 1018 4987 majoribus.
1054 4935 1074 4969 ›
1110 4916 1177 4970 lli
1222 4917 1403 4987 itaque
1446 4925 1501 4970 et
1543 4917 1741 4987 imper-

165 5015 294 5070 fecti
321 5021 448 5068 sunt
493 5019 548 5066 et
579 5009 753 5080 pusilli
780 5027 793 5061 :
825 5008 880 5063 in
909 5015 1169 5078 quantum
1212 5017 1391 5066 tamen
1422 5023 1745 5077 cognoscere

165 5102 482 5175 pmvalent,
527 5108 584 5158 et
625 5099 793 5153 Deum
832 5106 886 5150 et
932 5096 1239 5166 proximum
1288 5095 1538 5167 diligunt,
1584 5105 1746 5166 atque

167 5195 288 5251 ideo
309 5195 451 5250 bona
492 5205 612 5260 quae
639 5195 884 5260 possunt,
914 5203 1022 5242 non
1046 5187 1322 5256 negligunt
1350 5188 1584 5255 cperari.
1609 5187 1746 5255 Quia

167 5287 268 5342 etsi
306 5284 539 5340 necdum
586 5282 654 5336 ad
704 5278 967 5351 spiritalia
1011 5280 1150 5334 dona
1196 5277 1504 5348 proficiunt,
1550 5287 1612 5332 ut
1661 5279 1747 5334 vel

168 5378 237 5434 ad
278 5375 577 5448 perfectam
607 5372 993 5444 operationem,
1037 5369 1121 5425 vel
1163 5371 1232 5425 ad
1277 5384 1589 5425 succensam
1618 5384 1749 5424 con»-

171 5467 571 5540 templationem
608 5465 848 5520 animum
892 5476 1085 5534 capere
1123 5461 1467 5532 praevaleant,
1514 5476 1622 5515 non
1666 5476 1749 5517 re-

169 5560 367 5616 cedunt
396 5576 410 5612 :
437 5556 582 5612 unde
626 5553 689 5616 tit
714 5561 775 5608 ut
818 5553 921 5622 ipsi
964 5566 1197 5622 quoque,
1229 5550 1335 5607 etsi
1380 5549 1576 5605 minori
1608 5548 1744 5614 loco,

169 5652 226 5706 in
269 5656 472 5706 sanctae
522 5654 702 5702 tamen
745 5644 986 5700 ecclesiae
1026 5641 1381 5698 aediﬁcatione
1421 5639 1530 5695 sint
1563 5641 1747 5710 positi,

169 5740 295 5812 quia
349 5739 453 5794 etsi
495 5737 564 5792 ad
609 5735 934 5800 doctrinam,
975 5733 1029 5792 si
1074 5733 1141 5788 ad
1182 5730 1536 5802 prophetiam,
1586 5730 1633 5785 si
1682 5732 1748 5785 ad

694 3844 708 3882 :
749 3841 874 3881 nam
911 3831 962 3880 et
998 3823 1270 3896 paulisper
1302 3838 1362 3878 se
1402 3824 1470 3878 ab
1515 3824 1779 3894 appetitu'

1846 3286 2007 3340 limen
2043 3285 2301 3349 exterius,
2351 3292 2405 3337 et
2432 3290 2553 3352 post
2594 3281 2754 3334 limen
2800 3280 3026 3334 interius
3069 3280 3303 3335 dicitur?
3331 3279 3435 3334 nisi

1846 3377 1972 3446 quia
2022 3376 2170 3444 prius
2214 3374 2521 3428 testamenti
2580 3373 2778 3427 veteris
2829 3381 3029 3441 patres,
3096 3372 3435 3442 postmodum

1847 3467 1972 3522 novi
2019 3465 2327 3520 testamenti
2371 3466 2620 3519 doctores
2673 3462 2906 3517 fuerunt.
2949 3462 3114 3517 Recte
3144 3471 3325 3518 autem
3371 3463 3435 3519 li-

1847 3575 1970 3614 men
2021 3558 2262 3612 cxterius
2311 3554 2616 3610 testamenti
2664 3554 2860 3608 veteris
2917 3562 3100 3622 patres
3150 3555 3430 3628 designat:

1849 3653 1974 3722 quia
2000 3666 2096 3721 per
2124 3665 2313 3703 eorum
2357 3649 2791 3718 praadicat'mnem
2841 3666 3005 3720 opera
3045 3665 3296 3721 perversa
3339 3667 3436 3721 pu-

1849 3744 1960 3798 nita
2008 3751 2149 3801 sunt.
2206 3741 2466 3799 Praedicta
2502 3760 2630 3798 vero
2684 3758 2942 3798 novorum
2989 3749 3198 3812 patrum
3247 3743 3435 3797 unius-

1851 3835 2111 3908 cujusque
2155 3835 2366 3889 animus
2421 3834 2584 3889 etiam
2650 3836 2717 3888 ab
2775 3833 2974 3887 illicitis
3022 3832 3434 3904 cogitationibus

1852 3937 2150 3990 coercetur,
2200 3924 2328 3978 dum
2380 3932 2562 3979 reatus
2605 3940 2724 3979 esse
2765 3923 3054 3992 perfectus,
3100 3930 3156 3976 et
3201 3922 3254 3976 in
3297 3921 3433 3976 deli-

1851 4017 2130 4073 beratione
2164 4015 2341 4069 cordis
2389 4015 2707 4069 ostenditur.
2763 4013 2839 4066 llli
2884 4015 3080 4083 quippe
3127 4028 3156 4065 a
3198 4010 3434 4082 ﬂagitiis,

1853 4124 1883 4162 a
1930 4107 2351 4168 crudelitatibus,
2403 4121 2432 4158 a
2479 4105 2680 4173 rapinis
2730 4104 3033 4158 auditorum
3080 4103 3287 4159 animas
3313 4119 3439 4173 pro-

1857 4198 2044 4252 hibere
2091 4203 2451 4250 curaverunt:
2500 4195 2587 4249 isti
2635 4210 2766 4249 vero
2801 4195 2926 4248 dum
2975 4208 3081 4248 non
3119 4193 3291 4248 solum
3315 4209 3437 4264 per-

1853 4301 2009 4343 versa
2046 4299 2234 4354 opera,
2273 4284 2370 4338 sed
2409 4285 2569 4339 etiam
2637 4284 2820 4338 illicita
2856 4284 3238 4360 cogitationum
3286 4301 3434 4360 rese-

1856 4387 1998 4442 cant,
2047 4376 2365 4445 quidjnobis
2410 4374 2554 4428 aliud
2596 4375 2697 4428 nisi
2747 4374 2908 4428 limen
2949 4359 3273 4429 intrinsecus
3305 4359 3436 4431 facti

1857 4468 2026 4522 sunt?
2068 4466 2220 4522 Unde
2240 4473 2294 4518 et
2337 4464 2451 4534 ipsa
2476 4462 2688 4518 Veritas
2735 4463 2990 4533 loquitur,
3017 4463 3237 4519 dicens:
3272 4482 3291 4515 ‹
3320 4467 3428 4518 Au-

1853 4558 2006 4613 distis
2051 4558 2176 4628 quia
2213 4556 2416 4610 dictum
2462 4563 2545 4609 est
2583 4555 2856 4624 antiquis:
2885 4555 3001 4608 Non
3051 4555 3265 4610 occides
3297 4573 3310 4610 :
3344 4555 3435 4626 qui

1853 4657 2034 4702 autem
2075 4645 2333 4701 occiderit
2377 4659 2502 4698 reus
2544 4645 2649 4698 erit
2693 4642 2915 4711 judicio.
2965 4642 3076 4713 Ego
3097 4653 3276 4699 autem
3317 4644 3437 4700 dico

1851 4738 2005 4791 vobis
2032 4751 2046 4788 :
2075 4736 2209 4802 Quia
2251 4736 2426 4789 omnis
2456 4734 2546 4802 qui
2575 4735 2826 4788 irascitur
2855 4733 3010 4787 fratri
3041 4749 3138 4790 suo
3161 4735 3278 4790 sine
3302 4750 3433 4789 cau-

1851 4843 1932 4894 sa,
2000 4842 2124 4882 reus
2165 4826 2270 4880 erit
2312 4823 2519 4893 judicio
2567 4822 2782 4896 (Matth.
2815 4825 2889 4894 v).
2925 4843 2943 4875 ι
2986 4826 3156 4887 Recte
3212 4841 3425 4896 quoque

1848 4919 2085 4974 exterius
2129 4917 2293 4972 limen
2332 4915 2450 4970 illos
2497 4924 2678 4984 patres
2735 4915 2997 4985 designat,
3052 4917 3142 4985 qui
3199 4918 3268 4972 ab
3315 4917 3431 4988 ipsa

1849 5006 2220 5062 incarnatione
2255 5005 2627 5072 Redemptoris
2656 5004 2826 5058 nostri
2871 5018 2968 5075 per
2994 5005 3270 5059 intervalla
3298 5015 3433 5062 tem—

1849 5114 2040 5170 porum
2088 5099 2297 5168 longius
2341 5098 2755 5152 constituerunt.
2805 5096 2873 5150 Et
2920 5096 3136 5166 quidem
3184 5098 3254 5152 ab
3298 5097 3431 5154 Abel

1850 5191 2109 5260 sanguine
2157 5189 2357 5258 passim
2397 5187 2509 5255 jam
2559 5188 2723 5256 coepit
2769 5187 2997 5242 ecclesia
3024 5228 3039 5253 ,
3084 5197 3140 5243 et
3184 5204 3292 5245 una
3343 5199 3427 5245 est

1852 5281 2076 5336 ecclesia
2106 5280 2400 5335 electorum
2425 5280 2846 5349 prmeedentium
2872 5288 3033 5349 atque
3066 5282 3425 5351 sequentium,

1852 5371 1948 5426 sed
1997 5379 2176 5423 tamen
2232 5369 2359 5439 quia
2413 5368 2692 5439 discipulis
2741 5369 2937 5424 dicitur
2970 5387 2983 5423 :
3021 5387 3039 5420 ι
3076 5369 3225 5423 Multi
3270 5384 3428 5439 reges

1850 5469 1905 5514 et
1940 5459 2215 5529 propheta:
2256 5458 2540 5513 voluerunt
2585 5458 2767 5512 videre
2807 5473 2927 5526 qua:
2971 5458 3182 5524 videtis,
3219 5465 3275 5512 et
3318 5472 3426 5512 non

1849 5551 2118 5605 viderunt.
2158 5569 2175 5600 ι
2204 5550 2453 5619 Antiquis
2480 5549 2722 5618 patribus
2748 5549 2902 5618 quasi
2932 5547 3064 5603 foris
3089 5549 3302 5604 stetisse
3343 5558 3428 5604 est

1850 5641 2226 5710 Redemptoris
2253 5640 2424 5694 nostri
2454 5639 2794 5710 pmsentiam
2825 5639 3178 5709 corporaliter
3204 5654 3310 5696 non
3342 5640 3427 5693 vi—

1849 5731 2012 5787 disse.
2041 5729 2290 5785 Exterius
2319 5729 2499 5797 igitur,
2530 5729 2621 5782 sed
2647 5736 2823 5782 tamen
2850 5742 2958 5783 non
2998 5727 3153 5783 divisi
3183 5741 3212 5780 a
3240 5735 3426 5784 sancta
