3950 6320
515 328 620 386 899

1150 325 1211 379 B.
1254 322 1504 380 RABANI
1542 321 1762 378 MAURI
1805 322 2126 382 ARCIIIEP.
2170 322 2480 380 MOGUNT.
2527 323 2811 381 OI’ERUM
2850 325 3030 383 PARS
3068 329 3129 384 II.

3696 337 3798 391 900

512 436 752 495 Ecclesia
794 435 1010 491 fuerunt
1044 453 1057 489 :
1088 435 1213 504 quia
1256 442 1458 501 mente,
1492 449 1675 505 opere,
1699 434 2110 505 prmdicatione,
2143 438 2187 497 Α
2218 434 2540 517 gredimar:
2586 436 2680 491 sed
2722 452 2845 491 cum
2884 447 3004 507 post
3058 440 3173 495 lucc
3212 440 3280 495 ad
3326 453 3588 500 artemam
3637 449 3797 505 vitam

509 530 610 583 ista
641 530 753 595 jam
793 526 914 581 fidei
957 534 1294 581 sacramenta
1340 533 1644 580 tenuerunt.
1697 524 1858 579 Istam
1904 534 2105 580 sancta:

508 620 766 674 Ecclesiae
810 617 1184 673 celsitudinem
1225 625 1650 687 conspexerunt,
1686 632 1847 687 quam
1872 633 1968 673 nos
1997 633 2103 672 non

508 712 685 764 adhuc
732 708 1112 779 praestolando,
1160 710 1253 764 sed
1292 709 1404 779 jam
1432 707 1677 763 habendo
1706 708 2099 779 conspicimus:

509 800 650 853 sicut
698 799 841 853 enim
890 813 987 853 nos
1027 799 1080 853 in
1125 798 1397 867 praeterita
1449 798 1702 869 passione
1732 799 2106 867 Redemptoris

506 888 702 951 nostri,
752 886 821 941 ita
854 887 926 940 illi
978 902 1074 955 per
1121 886 1283 942 fidem
1319 888 1371 942 in
1420 887 1612 942 eadem
1654 895 1881 942 ventura
1911 887 2103 943 salvati

514 988 678 1032 sunt:
721 977 793 1031 illi
822 993 951 1048 ergo
984 976 1114 1032 foris
1164 993 1270 1033 non
1316 986 1469 1033 extra
1510 977 1854 1048 mysterium,
1885 978 1979 1034 sed
2009 992 2107 1033 ex-

523 1078 599 1121 tra
650 1078 882 1137 tempus.
936 1065 1030 1121 Sin
1080 1082 1209 1122 vero
1257 1074 1467 1137 portam
1518 1066 1845 1135 scripturam
1889 1081 2105 1121 sacram

511 1159 612 1210 hoc
635 1156 751 1211 loco
777 1157 1093 1221 accipimus,
1131 1156 1245 1226 ipsa
1276 1169 1494 1225 quoque
1516 1155 1623 1211 duo
1664 1156 1849 1210 limina
1904 1156 2099 1212 habet:

508 1256 561 1300 et
613 1246 851 1300 exterius
879 1256 934 1301 et
971 1246 1219 1307 interius.
1266 1245 1393 1315 quia
1422 1246 1476 1300 in
1525 1245 1703 1301 littera
1741 1246 1997 1301 dividitur
2049 1255 2108 1303 et

507 1336 783 1405 allegoria.
830 1336 1018 1390 Limen
1068 1338 1266 1410 quippe
1314 1335 1608 1406 Scriptura:
1649 1351 1823 1392 sacrae
1862 1337 2105 1394 exterius

507 1427 702 1490 littera,
728 1426 890 1480 limen
919 1442 1048 1481 vero
1077 1427 1192 1495 ejus
1219 1426 1450 1481 interius
1473 1425 1731 1495 allegoria
1761 1444 1774 1479 :
1804 1427 1930 1496 quia
1958 1428 2105 1482 enim

506 1535 603 1587 per
638 1519 873 1573 litteram
900 1519 965 1571 ad
996 1518 1305 1587 allegoriam
1338 1517 1630 1583 tendimus,
1660 1518 1816 1588 quasi
1860 1534 1892 1573 a
1919 1519 2107 1574 limine

508 1607 648 1676 quod
692 1615 777 1660 est
810 1607 1051 1661 exterius
1080 1606 1344 1665 venimus.
1378 1606 1447 1660 Et
1485 1614 1614 1661 sunt
1653 1605 1707 1659 in
1736 1620 1802 1662 ea
1836 1606 2104 1676 permulta

505 1712 626 1766 qua}
668 1698 739 1751 ita
781 1696 934 1765 juxta
986 1696 1221 1753 litteram
1274 1705 1512 1753 mentem
1556 1696 1850 1763 mdificant,
1910 1705 1968 1753 ut
2007 1714 2107 1769 per

2208 525 2578 593 perducimur,
2637 537 2807 597 porta:
2856 540 3056 584 nostrae
3105 532 3241 586 atria
3293 533 3346 587 in
3399 536 3801 596 confessionum

2208 615 2421 670 laudem
2469 616 2755 673 intramus.
2811 620 2945 685 Quia
2998 620 3068 676 ibi
3098 621 3211 691 jam
3252 627 3502 697 angustia
3549 645 3657 683 non
3700 632 3804 687 erit

2206 719 2327 758 cum
2375 720 2474 759 nos
2513 705 2695 760 L'etitia
2749 716 2965 763 aeterna:
3010 710 3369 769 solemnitatis
3427 720 3799 789 assumpserit.

2208 792 2433 863 Propter
2458 794 2815 851 confessionis
2840 808 3038 855 nostra:
3063 803 3367 870 angustiam
3396 806 3613 862 Veritas
3641 808 3799 865 dicit:

2213 907 2231 940 ι
2255 889 2457 944 Intrate
2482 903 2579 961 per
2597 898 2879 961 angustam
2901 902 3135 963 portam.
3169 914 3187 947 ι
3207 896 3273 949 Et
3304 913 3425 953 cum
3449 915 3508 955 se
3519 899 3801 959 Psalmistt

2208 981 2375 1050 recipi
2410 980 2465 1035 in
2495 979 2779 1037 latitudine
2805 983 2985 1054 gaudii
3028 986 3220 1040 aeterni
3261 1000 3635 1056 praesumeret,
3665 993 3803 1049 diee-

2205 1071 2343 1126 bat:
2383 1071 2632 1128 Statuisti
2681 1074 2885 1129 inloco
2931 1076 3171 1146 spatioso
3220 1079 3384 1148 pedes
3435 1097 3584 1137 meos
3624 1080 3794 1154 (Ρωι.

2205 1162 2359 1235 xxx).
2382 1162 2464 1218 Ad
2494 1164 2693 1219 atrium
2722 1179 2853 1237 ergo
2875 1181 2975 1236 per
3006 1177 3219 1238 portam
3245 1173 3488 1227 tenditur
3513 1192 3527 1228 :
3571 1176 3700 1244 quia
3746 1177 3799 1232 in

2206 1252 2489 1311 latitudine
2535 1256 2890 1312 solemnitatis
2922 1260 3248 1332 pertingitur
3300 1263 3369 1317 ab
3395 1267 3646 1337 angustia
3673 1282 3798 1321 eon-

2205 1343 2479 1401 fessionis.
2557 1344 2651 1400 llla
2719 1346 2903 1417 itaque
2971 1350 3167 1420 gaudia
3240 1367 3359 1421 qua:
3417 1356 3561 1424 apud
3631 1357 3797 1412 David

2208 1432 2371 1497 atria,
2403 1432 2519 1488 haec
2544 1433 2686 1503 apud
2731 1434 3069 1494 Ezechielem
3116 1439 3440 1495 vestibulum
3472 1444 3798 1501 intrinsecus

2206 1531 2488 1579 vocantur.
2546 1523 2700 1581 Unde
2741 1533 2795 1579 et
2840 1526 2944 1581 hoc.
2978 1527 3153 1597 ipsum
3180 1530 3505 1586 vestibulum
3552 1542 3679 1589 octo
3703 1550 3799 1590 cu-

2207 1611 2337 1666 bitis
2377 1612 2576 1667 dicitur
2619 1624 2993 1669 mensuratum
3025 1656 3042 1683 ,
3100 1617 3174 1672 ibi
3234 1619 3379 1673 enim
3421 1635 3615 1677 omnes
3664 1623 3799 1679 reci-

2205 1700 2387 1769 piendi
2416 1709 2559 1765 sunt,
2610 1703 2702 1771 qui
2728 1718 2873 1758 nunc
2904 1713 2960 1759 et
2999 1707 3264 1761 exercitio
3305 1706 3485 1777 operis
3530 1709 3795 1778 laborant,

507 1787 609 1840 hoc
657 1786 800 1855 quod
852 1787 1093 1841 exterius
1137 1785 1334 1857 agitur,
1378 1785 1641 1840 audientis
1686 1800 1839 1840 mens
1878 1785 2104 1842 interius
2132 1798 2178 1857 Β
2206 1798 2260 1845 et
2307 1790 2373 1844 ad
2413 1798 2613 1846 mterna
2660 1794 2888 1864 gaudia,
2930 1810 3029 1866 per
3056 1797 3529 1868 contemplationis
3570 1801 3795 1872 gratiam

507 1877 773 1930 trahatur.
822 1876 896 1930 lbi
926 1877 1125 1945 quippe
1171 1875 1477 1929 invenimus
1522 1875 1937 1945 [medicamenta
1975 1891 2105 1945 ope-

507 1970 601 2032 ris,
626 1976 679 2021 et
700 1967 949 2037 exempla
977 1967 1217 2021 virtutis.
1250 1966 1324 2020 lbi
1344 1966 1567 2036 jubetur
1597 1966 1726 2035 quid
1752 1982 1913 2035 agere
1937 1968 2105 2021 etiam

509 2059 864 2130 corporaliter
903 2057 1182 2113 debemus.
1235 2056 1311 2110 lbi
1353 2057 1456 2111 hoc
1500 2057 1644 2127 quod
1678 2056 1744 2111 ad
1770 2058 2104 2126 operandum

504 2148 819 2217 praccipitur
850 2146 902 2201 in
933 2154 1243 2202 sanctorum
1272 2146 1515 2200 virorum
1543 2160 1607 2200 ac
1636 2144 1855 2199 fortium
1892 2145 2105 2199 actione

508 2246 863 2293 monstratur.
914 2237 985 2293 Ut
1035 2247 1319 2306 postquam
1364 2250 1463 2291 nos
1511 2236 1781 2305 apertiora
1836 2245 2103 2307 praecepta

508 2336 670 2396 atque
735 2326 978 2395 exempla
1043 2326 1302 2380 virtutum
1360 2326 1429 2379 ad
1476 2325 1673 2379 bonam
1730 2328 2104 2397 operationem

506 2416 803 2483 instruunt,
840 2424 969 2471 tunc
1013 2415 1080 2471 ad
1122 2415 1289 2471 limen
1334 2416 1582 2481 interius,
1621 2416 1676 2469 id
1729 2424 1815 2472 est
1851 2417 1920 2471 ad
1948 2417 2105 2473 intel-

505 2505 705 2561 lectum
738 2506 1024 2577 mysticum
1063 2506 1265 2561 intima:
1291 2506 1787 2576 contemplationis,
1818 2507 2105 2565 tendamus

506 2597 553 2651 si
602 2610 888 2665 possumus
924 2597 1117 2666 pedem
1163 2598 1377 2652 mentis.
1435 2596 1741 2653 Notandum
1782 2615 1912 2655 vero
1960 2601 2103 2670 quod

506 2686 672 2742 limen
718 2696 887 2758 portae
914 2669 1024 2743 uno
1059 2687 1269 2742 calamo
1311 2698 1680 2744 mensuratur.
1727 2689 1979 2746 Calamus
2009 2706 2104 2745 au-

511 2787 617 2831 tem
654 2776 705 2830 in
735 2792 831 2832 sex
858 2777 1054 2833 cubitis
1082 2786 1138 2831 et
1162 2778 1341 2847 palmo
1375 2779 1632 2833 tenditur.
1674 2779 1812 2847 Quia
1854 2780 2106 2836 videlicet

508 2869 562 2922 in
590 2866 868 2938 Scriptura
899 2883 1052 2923 sacra
1081 2876 1135 2922 et
1173 2868 1420 2924 doctrina
1464 2868 1720 2938 perfecta:
1749 2871 2099 2940 operationis,

511 2967 569 3012 et
608 2958 819 3012 initium
868 2974 1116 3028 supernae
1163 2960 1632 3028 contemplationis
1671 2961 1964 3016 invenitur.
2005 2961 2103 3017 Sin

508 3062 639 3103 vero
681 3056 836 3117 porta
875 3048 977 3103 hoc
1013 3048 1132 3103 loco
1174 3050 1545 3119 unusquisque
1588 3052 1913 3121 praedicator
1960 3054 2105 3110 acci-

2208 1882 2501 1952 suspirant.
2540 1881 2651 1939 Nec
2687 1885 2960 1942 immerito
3005 1902 3262 1944 mensura
3311 1892 3562 1946 vestibuli
3591 1893 3648 1947 in
3677 1904 3795 1949 octo

2208 1972 2405 2027 cubitis
2428 1974 2666 2043 ponitur,
2697 1975 2821 2043 quia
2854 1984 3061 2045 septem
3094 1977 3285 2034 diebus
3325 1980 3639 2035 universum
3665 1992 3794 2038 tem-

2208 2077 2308 2132 pus
2355 2063 2636 2118 evolvitur.
2700 2064 2930 2121 Eterna
2983 2069 3185 2123 etenim
3236 2069 3352 2126 dies
3414 2088 3537 2142 quae
3592 2075 3795 2144 expleta

2207 2159 2409 2220 septem
2440 2153 2650 2208 dierum
2683 2154 3056 2212 vicissitudine
3085 2160 3329 2228 sequitur
3372 2163 3583 2219 scilicet
3614 2174 3797 2220 octava

2208 2253 2310 2300 est.
2354 2244 2507 2301 Unde
2551 2246 2714 2300 etiam
2746 2246 3029 2303 Psalmista
3057 2254 3476 2309 resurrectionis
3503 2256 3646 2310 diem
3675 2272 3795 2312 con—

2207 2334 2477 2400 siderans,
2514 2335 2640 2404 quia
2686 2337 2752 2390 de
2794 2340 3025 2394 extremi
3064 2340 3254 2411 judicii
3305 2352 3425 2398 erat
3462 2344 3796 2402 districtione

2208 2423 2504 2489 locuturus,
2535 2426 2798 2496 praemisit
2819 2428 3053 2495 titulum,
3072 2431 3294 2488 dicens:
3324 2452 3343 2487 ε
3366 2434 3424 2488 In
3452 2433 3639 2503 finem,
3664 2438 3796 2508 psal-

2208 2530 2329 2570 mus
2366 2516 2532 2571 David
2574 2531 2674 2586 pro
2716 2529 2908 2574 octava
2938 2521 3113 2592 (Psal.
3157 2524 3289 2595 χή.»
3338 2524 3409 2582 Ut
3448 2530 3597 2583 enim
3640 2544 3793 2599 quam

2207 2615 2456 2660 octavam
2490 2608 2695 2663 diceret
2722 2608 3117 2669 demonstraret
3162 2616 3303 2670 diem
3346 2616 3493 2672 illam
3537 2624 3795 2679 tremendi

2208 2700 2433 2754 terroris
2472 2699 2527 2754 in
2570 2701 2763 2770 psalmi
2815 2702 3160 2761 inchoatione
3202 2716 3419 2764 secutus
3445 2719 3549 2777 est,
3575 2714 3790 2769 dicens:

2215 2805 2233 2838 ι
2266 2789 2510 2855 Domine,
2533 2806 2600 2845 ne
2628 2790 2684 2845 in
2711 2791 2791 2847 ira
2822 2802 2913 2848 tua
2940 2808 3137 2865 arguas
3162 2812 3285 2863 me;
3333 2814 3509 2869 neque
3541 2802 3596 2856 in
3623 2802 3795 2859 furore

2208 2888 2301 2936 tuo
2325 2881 2589 2951 corripias
2619 2897 2725 2937 me.
2762 2901 2782 2935 ι
2812 2883 2972 2941 Modo
3008 2887 3155 2941 enim
3187 2889 3432 2960 quisquis
3456 2907 3557 2961 per
3596 2892 3791 2965 ﬂagella

2208 2972 2501 3043 corripitur
2528 2980 2585 3029 et
2624 2976 3056 3045 correptionibus
3084 2981 3423 3050 emendatur,
3455 2985 3509 3039 in
3545 3002 3793 3045 mansue-

2208 3064 2395 3119 tudine
2437 3066 2728 3138 corripitur
2761 3085 2867 3124 non
2903 3070 2955 3125 in
2986 3070 3087 3126 ira.
3123 3071 3181 3127 In
3214 3073 3462 3131 districto
3502 3086 3685 3135 autem
3710 3081 3794 3138 illo

509 3141 677 3212 Ρῖιιινν
723 3142 887 3197 limen
933 3142 1172 3196 exterius
1218 3142 1269 3196 ill
1304 3152 1460 3212 Ιδοτιδ
1502 3151 1587 3197 εει
1626 3143 1734 3198 Vita
1775 3143 1977 3210 activa.
2035 3144 2099 3200 li-
2132 3157 2175 3218 C
2208 3156 2475 3223 examine,
2500 3160 2675 3214 omnis
2716 3162 2927 3225 argutio
2966 3169 3129 3233 atque
3148 3167 3419 3236 curreptio
3444 3168 3601 3223 furor
3626 3180 3682 3225 et
3715 3172 3791 3228 Ira

511 3248 635 3287 men
671 3246 799 3286 vero
840 3232 1067 3287 interius
1129 3232 1239 3285 vita
1305 3231 1742 3302 contemplativa.
1796 3232 1900 3289 Per
1954 3233 2099 3287 illam

508 3323 707 3393 quippe
735 3323 1044 3377 ambulatur
1080 3323 1261 3379 infide
1290 3340 1301 3376 :
1348 3338 1445 3392 per
1484 3325 1625 3379 hanc
1660 3328 1787 3380 vero
1815 3324 2103 3380 festinatur

510 3416 579 3468 ad
605 3416 861 3483 speciem.
896 3414 987 3467 llla
1032 3414 1273 3468 exterius
1302 3414 1450 3469 ducit
1474 3424 1535 3469 ut
1571 3418 1943 3485 unusquisque
1967 3417 2103 3471 bene

507 3501 691 3556 vivere
730 3502 960 3555 debeat:
993 3501 1097 3555 ista
1150 3502 1375 3556 interius
1425 3502 1691 3571 perducit,
1741 3495 1801 3558 ut
1848 3518 1914 3557 ex
1963 3506 2102 3560 bona

512 3589 621 3644 vita
658 3590 727 3644 ad
776 3590 971 3658 gaudia
1001 3598 1198 3643 aeterna
1248 3592 1534 3663 pertingat.

587 3700 607 3732 ι
633 3680 703 3735 Et
726 3696 943 3735 mensus
974 3690 1057 3735 est
1083 3683 1404 3737 vestibulum
1423 3692 1590 3752 porta:
1607 3693 1731 3740 octo
1769 3687 2097 3751 cubitorum,

509 3778 564 3826 et
604 3769 835 3826 frontem
874 3770 993 3841 ejus
1037 3773 1245 3828 duobus
1280 3774 1492 3829 cubitis.
1548 3777 1879 3832 Vestibulum
1923 3792 2101 3834 autem

508 3873 679 3933 porta:
729 3871 849 3918 erat
897 3865 1239 3920 intrinsecus.
1274 3886 1291 3917 ι
1347 3865 1567 3938 (Creg.)
1638 3869 1732 3923 Vir
1780 3872 1933 3939 cujus
1986 3883 2105 3926 erat

508 3955 719 4022 species
772 3954 926 4023 quasi
976 3957 1183 4024 species
1213 3958 1335 4010 aeris
1388 3973 1605 4013 mensus
1654 3967 1737 4013 est
1779 3962 2101 4016 vestibulum

508 4054 677 4116 porta:
712 4054 837 4099 octo
887 4047 1211 4111 cubitorum,
1244 4058 1298 4101 et
1327 4046 1558 4123 frontem
1608 4047 1724 4115 ejus
1758 4051 1965 4105 duobus
2005 4066 2101 4107 Ctt—

507 4126 667 4192 bitis:
703 4152 767 4192 ac
806 4152 876 4192 ne
907 4137 1009 4192 hoc
1033 4140 1351 4192 vestibulum
1391 4149 1544 4193 extra
1589 4152 1799 4210 portam
1833 4159 1952 4199 esse
1984 4160 2102 4201 cre-

513 4229 783 4291 deremus,
820 4226 1109 4282 subditur:
1150 4248 1167 4278 ι
1203 4228 1536 4283 Vestibulum
1568 4243 1745 4286 autem
1790 4244 1958 4303 parta).
1986 4245 2105 4290 crat

512 4317 859 4371 intrinsecus.
892 4336 910 4368 ι
945 4316 1224 4389 (Ηὶετοη.)
1252 4318 1319 4372 Et
1346 4319 1399 4373 in
1432 4319 1839 4392 fronte,inquit,
1865 4326 2102 4395 ejusdem

509 4406 761 4461 vestibuli
812 4408 917 4461 duo
950 4416 1106 4461 erant
1154 4409 1355 4473 cubita,
1405 4426 1524 4480 quae
1573 4413 1658 4465 vel
1695 4415 1763 4467 ad
1817 4425 2105 4487 utrumque

511 4498 781 4567 pertinent
804 4497 1241 4564 instrumentum,
1265 4500 1347 4555 vel
1377 4502 1444 4554 ad
1474 4501 1709 4557 litteram
1747 4507 2097 4574 ctspiritum,
2131 4495 2177 4554 υ

514 4586 593 4641 vel
626 4586 694 4640 ad
739 4587 1051 4657 mysterium
1082 4585 1321 4656 forcipis,
1353 4604 1455 4658 qua
1489 4590 1543 4644 in
1583 4593 1718 4646 Isaia
1755 4594 1889 4663 (Ira.
1919 4594 1992 4667 vi)
2034 4597 2101 4651 de

513 4682 672 4735 altari
724 4682 889 4735 carbo
935 4682 1431 4749 comprehcnditur,
1483 4693 1540 4738 et
1578 4684 1818 4745 defertur
1861 4688 1926 4741 ad
1972 4704 2099 4758 pro-

511 4774 683 4841 pheta:
717 4772 854 4825 labia
899 4772 1197 4841 purganda.
1229 4772 1296 4826 Et
1323 4781 1380 4826 ut
1426 4775 1663 4830 sciamus
1710 4779 1851 4845 quod
1901 4779 2103 4834 sithoc

510 4860 833 4915 vestibulum
886 4862 1028 4929 quod
1080 4868 1203 4916 octo
1249 4871 1305 4917 et
1349 4862 1558 4919 duobus
1602 4868 1799 4922 cubitis
1848 4870 2102 4924 termina-

516 4960 623 5015 tur,
682 4951 833 5020 pouit
877 4949 1216 5005 manifestius
1262 4970 1276 5005 :
1322 4953 1657 5009 Vestibulum
1704 4966 1883 5012 autem
1935 4969 2103 5027 portae

514 5051 631 5095 erat
675 5041 999 5114 intrinsecus
1038 5056 1135 5110 per
1174 5044 1316 5111 quod
1360 5046 1703 5113 pervenimus
1747 5048 1813 5102 ad
1848 5050 2102 5119 templum

515 5131 631 5185 Dei.
690 5128 922 5203 (Creg.)
971 5130 1108 5197 Quid
1152 5146 1280 5203 ergo
1332 5148 1429 5203 per
1472 5135 1698 5192 interius
1751 5140 2101 5205 vestibulum,

516 5224 621 5278 nisi
672 5232 887 5278 teternae
923 5224 1045 5277 vita:
1086 5224 1315 5281 latitudo
1363 5226 1625 5297 signatur,
1670 5245 1789 5299 qua:
1820 5232 1978 5287 murdo
2016 5234 2102 5287 in-

518 5321 603 5367 tra
654 5314 929 5382 angusdas
959 5314 1079 5368 vita:
1104 5316 1386 5383 praesentis
1430 5316 1542 5387 jam
1589 5334 1686 5387 per
1734 5336 1882 5390 spem
1923 5332 2102 5379 mente

519 5402 837 5471 concipitur.
877 5401 952 5456 De
982 5417 1085 5471 qua
1108 5418 1205 5472 per
1235 5404 1575 5461 Psalmistam
1598 5408 1824 5464 dicitur:
1857 5432 1875 5462 c
1902 5412 2103 5470 Intrate

520 5500 704 5560 portas
744 5492 860 5561 ejus
911 5492 963 5546 in
1012 5494 1369 5561 confessione,
1431 5499 1568 5552 atria
1620 5498 1735 5568 ejus
1781 5501 1834 5555 in
1891 5504 2104 5573 hymnis

521 5581 918 5637 confessiomun
946 5579 1116 5654 (Psal.
1138 5585 1304 5657 xcrx).
1329 5604 1347 5638 ι
1375 5586 1508 5642 Cum
1523 5590 1667 5643 enim
1680 5600 1898 5659 peccata
1915 5603 2100 5648 nostra

519 5688 615 5741 per
661 5674 925 5741 lacrymas
962 5673 1304 5741 confitemur,
1344 5686 1584 5748 angusta:
1621 5681 1722 5735 via:
1765 5691 1976 5750 portam
2022 5684 2103 5737 in-

2203 3253 2286 3301 est
2317 3264 2331 3300 :
2361 3248 2487 3315 quia
2538 3251 2692 3304 venia
2742 3262 2865 3320 post
2904 3256 3296 3325 correptionem
3333 3273 3440 3313 non
3487 3270 3589 3315 est.
3633 3261 3792 3332 llujus

2202 3337 2466 3391 octonarii
2515 3341 2724 3395 numeri
2770 3356 2932 3399 causa
2975 3354 3077 3411 est,
3135 3349 3275 3415 quod
3333 3342 3458 3417 post
3513 3351 3789 3408 sabbatum

2204 3427 2463 3484 Dominus
2505 3430 2676 3485 voluit
2742 3449 2772 3487 a
2824 3445 2999 3489 morte
3052 3453 3357 3510 resurgere.
3427 3444 3554 3501 Dies
3599 3447 3791 3519 quippe

2205 3518 2515 3575 Dominicus
2566 3523 2655 3591 qui
2719 3525 2908 3579 tertius
2965 3536 3047 3581 est
3096 3543 3125 3581 a
3176 3541 3350 3586 morte
3407 3534 3707 3601 Dominica,
3736 3518 3785 3593 :a

2204 3608 2511 3665 conditione
2555 3610 2765 3665 dierum
2810 3623 3125 3669 numeratur
3168 3628 3413 3688 octavus,
3460 3624 3587 3692 quia
3626 3629 3787 3696 septi-

2207 3715 2350 3752 mum
2380 3701 2643 3770 sequitur.
2695 3702 2847 3758 Unde
2894 3715 2949 3759 et
2991 3707 3107 3776 ipsa
3146 3724 3271 3764 vera
3301 3709 3789 3783 Redemptorisno-

2204 3790 2301 3842 stri
2353 3791 2551 3859 passio,
2603 3802 2657 3849 et
2715 3809 2842 3847 vrra
2894 3800 3222 3856 resurrectio
3284 3800 3535 3872 figuravit
3593 3810 3785 3880 aliquid

2204 3882 2270 3935 dc
2310 3897 2408 3937 suo
2472 3899 2698 3955 corpore
2747 3886 2799 3940 in
2856 3888 3043 3944 diebus
3095 3893 3361 3960 passionis
3429 3912 3588 3952 suae:
3631 3901 3784 3957 Sexta

2203 3976 2347 4030 enim
2379 3976 2510 4030 feria
2542 3993 2733 4047 passus
2780 3989 2881 4045 est,
2917 3983 3143 4037 sabbato
3170 3986 3375 4054 quievit
3400 3988 3455 4041 in
3485 3993 3750 4060 sepulcro.

2206 4064 2485 4120 Dominico
2530 4072 2709 4121 autem
2764 4069 2850 4125 die
2890 4074 3191 4127 resurrexit
3236 4089 3266 4127 a
3303 4085 3497 4131 morte.
3548 4079 3782 4137 Praesens

2203 4154 2404 4207 etenim
2454 4155 2561 4208 vita
2606 4156 2762 4212 nobis
2807 4158 2981 4213 adhuc
3030 4171 3181 4214 sexta
3219 4171 3303 4217 est
3346 4163 3503 4229 feria,
3571 4172 3694 4239 quia
3734 4171 3781 4225 in

2204 4242 2476 4297 doloribus
2510 4244 2744 4311 ducitur,
2774 4255 2830 4301 et
2858 4250 2911 4303 in
2942 4253 3203 4320 anguStiis
3232 4255 3525 4321 cruciatur,
3556 4263 3651 4315 sed
3672 4260 3783 4315 sab-

2204 4335 2347 4400 bato,
2405 4336 2557 4403 quasi
2608 4337 2663 4391 in
2705 4340 2951 4407 sepulcro
2999 4345 3345 4413 quiescimus,
3394 4354 3518 4419 quia
3552 4356 3779 4423 requiem

2204 4428 2395 4483 anima:
2452 4440 2573 4498 post
2622 4446 2817 4501 c0rpus
2860 4434 3179 4493 invenimus.
3223 4441 3501 4498 Dominico
3528 4458 3658 4503 vero
3681 4448 3776 4509 die.

2207 4517 2455 4573 videlicet
2512 4536 2542 4574 a
2571 4524 2820 4590 passione
2874 4526 3060 4593 tertio;
3110 4544 3140 4581 a
3192 4533 3500 4589 conditione
3550 4546 3609 4589 ut
3656 4536 3777 4590 dixi-

2205 4623 2326 4662 mus
2368 4618 2577 4675 octavo,
2622 4609 2735 4679 jam
2784 4628 3009 4683 corpore
3047 4633 3077 4672 a
3127 4628 3303 4673 morte
3340 4627 3690 4694 resurgimus,
3730 4636 3779 4681 et

2206 4700 2259 4752 in
2290 4700 2456 4770 gloria
2484 4703 2678 4757 anima:
2718 4705 2882 4759 etiam
2928 4722 3048 4763 cum
3080 4725 3243 4765 carne
3290 4715 3604 4783 gaudemus.
3638 4717 3775 4784 Quod

2206 4803 2333 4859 ergo
2374 4792 2510 4846 mire
2558 4792 2803 4848 Salvator
2835 4806 3019 4851 noster
3054 4798 3183 4854 fecit
3231 4803 3285 4856 in
3324 4818 3401 4869 se,
3442 4804 3548 4859 hoc
3586 4808 3777 4862 veraci.

2208 4889 2291 4934 ter
2326 4881 2559 4949 signavit
2604 4884 2655 4936 in
2703 4884 2858 4941 nobis
2904 4905 2916 4940 :
2973 4898 3027 4942 ut
3076 4905 3173 4946 nos
3216 4902 3271 4947 et
3315 4892 3469 4948 dolor
3506 4895 3562 4949 in
3616 4903 3774 4961 sexta,

2207 4980 2261 5025 et
2298 4974 2509 5040 requies
2550 4975 2602 5027 in
2643 4978 2887 5045 septima,
2932 4989 2985 5035 et
3032 4981 3198 5052 gloria
3235 4987 3469 5056 excipiat
3495 4988 3550 5043 in
3578 4998 3773 5045 octava.

2208 5060 2343 5116 Hinc
2383 5077 2478 5131 per
2507 5062 2850 5122 Salomonem
2878 5071 3118 5126 dicitur:
3160 5093 3178 5125 ‹
3216 5077 3290 5131 Da
3334 5086 3518 5145 partes
3556 5090 3773 5150 septem,

2207 5167 2413 5208 necnon
2451 5163 2504 5209 et
2551 5167 2696 5223 octo,
2749 5160 2873 5229 quia
2930 5163 3146 5231 ignoras
3189 5168 3317 5236 quid
3376 5169 3502 5222 mali
3546 5169 3773 5225 futurum

2208 5244 2275 5299 sit
2320 5260 2481 5315 super
2510 5256 2711 5305 terram
2754 5250 2922 5322 (Eccl.
2956 5254 3057 5325 χι).
3100 5274 3119 5309 ›
3152 5255 3366 5312 Partem
3394 5261 3591 5314 etenim
3624 5260 3773 5315 simul

2209 5342 2505 5403 septem.et
2548 5347 2670 5393 octo
2713 5342 2903 5397 damus
2950 5345 3164 5414 quando
3208 5348 3287 5402 sic
3335 5364 3398 5403 ea
3427 5365 3545 5420 qua“:
3579 5360 3772 5419 septem

2207 5420 2396 5478 diebus
2448 5426 2800 5494 evolvuntur,
2848 5431 3223 5502 diSponimus,
3291 5446 3352 5491 ut
3395 5452 3495 5506 per
3550 5440 3659 5493 haec
3708 5436 3772 5492 ad

2207 5512 2344 5565 bona
2372 5522 2571 5570 aeterna
2616 5519 2935 5575 veniamus:
2971 5531 3030 5577 ut
3050 5526 3173 5578 dum
3212 5522 3369 5582 modo
3408 5534 3563 5582 caute
3585 5527 3767 5597 agitur,

2206 5603 2543 5670 postmodum
2574 5608 2851 5665 venientes
2886 5614 3147 5667 tremendi
3169 5612 3357 5681 judicii
3388 5617 3464 5670 ira
3498 5618 3767 5671 devitetur.

2209 5688 2343 5744 Octo
2403 5693 2582 5764 itaque
2630 5698 2825 5753 cubitis
2900 5701 3220 5757 vestibulum
3281 5713 3620 5759 mensuratur
3695 5706 3769 5760 iu-
