3950 6324
149 342 248 395 {Ml

1086 329 1440 387 COMMEXT.
1482 329 1549 384 IN
1591 326 2045 383 ΕΖιεειιιιτῑιΕδι.
2088 359 2153 366 -
2193 326 2317 381 Llll.
2362 326 2497 382 XIV.

3240 308 3437 385 ’aos

152 458 427 510 trinsecus
469 453 596 523 quia
644 468 740 522 per
791 450 967 505 lucem
1024 464 1145 519 qua:
1200 455 1322 517 post
1378 452 1585 516 septem
1633 444 1751 498 dies
1778 448 1826 505 Α
1854 452 1909 497 ct
1948 457 2012 495 ex
2051 441 2311 509 superiori
2354 448 2507 509 parte
2553 448 2734 507 patres
2773 447 2898 493 ante
2928 438 3120 510 legem,
3160 448 3340 510 patres
3380 442 3439 501 iu

150 549 421 619 sequitur,
465 546 691 601 latitudo
745 543 900 599 nobis
955 540 1277 598 atteruitatis
1322 539 1579 608 aperitur.
1642 535 1749 592 Sed

151 656 315 696 nemo
369 641 438 695 ad
481 638 625 694 illuni
665 636 810 692 venit
857 635 959 691 nisi
1002 634 1093 703 qui
1143 633 1234 687 hic
1276 630 1617 686 dilectionem
1652 627 1751 683 Dei

149 748 214 787 ac
252 730 486 801 proximi
531 728 723 783 devota
771 734 951 781 mente
996 723 1253 779 tenuerit.
1288 720 1441 777 Unde
1484 726 1539 774 et
1565 716 1740 773 subdi-

150 833 273 877 tur:
307 839 325 873 t
359 822 425 875 Et
446 819 678 874 frontem
699 815 1034 885 eiusduobus
1067 812 1317 868 cubitis.»
1351 811 1522 866 Frons
1547 808 1748 864 etenim

148 922 325 983 porta:
386 920 472 967 est
518 910 719 965 bonum
768 906 1021 962 meritum
1064 905 1190 959 vitae
1238 886 1539 973 praesentis.
1597 898 1751 954 Sicut

149 1004 298 1059 enim
349 1000 677 1057 vestibulum
727 997 1055 1052 intrinsecus
1097 1002 1300 1049 aeterna
1344 991 1559 1060 requies
1590 988 1752 1044 debet

151 1093 403 1165 intelligi,
444 1093 518 1147 ita
555 1107 651 1161 per
689 1088 921 1144 frontem
959 1095 1126 1158 portae
1168 1098 1390 1140 necesse
1443 1090 1527 1137 est
1572 1080 1747 1152 quali-

152 1196 322 1241 tatem
352 1184 579 1241 visibilis
605 1185 731 1237 vitae
782 1181 1003 1252 signari.
1033 1179 1207 1233 Frons
1253 1191 1384 1248 ergo
1407 1182 1573 1245 portae
1614 1174 1747 1229 duo-

152 1278 259 1332 bus
282 1276 481 1331 cubitis
514 1280 860 1329 mensuratur
887 1289 899 1325 :
931 1270 1056 1341 quia
1081 1268 1327 1339 quisquis
1368 1266 1456 1320 hic
1502 1263 1748 1319 dilectio—

151 1383 278 1423 nem
304 1367 399 1423 Dei
421 1380 484 1419 ac
500 1363 732 1435 proximi
758 1375 974 1417 servare
997 1358 1281 1421 studuerit,
1313 1358 1428 1426 ipse
1456 1354 1523 1408 ad
1536 1352 1751 1408 aeterni-

152 1459 284 1514 tatis
301 1458 501 1513 atrium
514 1453 790 1526 pertingit.
815 1452 938 1506 Vita
968 1450 1133 1520 igitur
1159 1458 1343 1502 nostra
1359 1453 1419 1499 ut
1444 1442 1655 1499 duobus
1678 1441 1749 1497 sit

155 1548 355 1605 cubitis
368 1553 699 1609 mensurata,
719 1543 861 1598 tendi
879 1540 1122 1611 quotidie
1149 1554 1245 1609 per
1257 1538 1355 1593 cha
1365 1537 1578 1591 ritatem
1592 1533 1750 1591 debet

1854 532 1992 604 lege,
2041 542 2202 602 atque
2248 532 2315 584 ad
2345 539 2647 585 extremum
2695 530 2985 599 prophetas
3031 530 3239 596 habuit,
3283 542 3339 588 et
3367 548 3441 590 ex

1852 623 2137 692 posteriori
2194 620 2375 676 ﬁdeles
2422 635 2487 674 cx
2535 619 2795 684 Ilebrmis,
2850 620 3036 676 ﬁdeles
3077 636 3143 676 ex
3189 624 3441 694 gentibus

1853 729 1917 769 ac
1941 716 2283 784 postmodum
2313 712 2662 768 Hebraeorum
2692 726 2880 767 omnes
2908 712 3164 783 reliquias
3201 715 3440 786 collegit,

1851 792 2127 861 orientalis
2164 805 2249 859 via
2301 812 2413 859 tres
2451 804 2577 858 hinc
2607 811 2661 857 et
2689 810 2800 857 tres
2859 803 2982 858 inde
3028 804 3291 861 thalamos
3344 808 3443 861 ha-

1851 897 1981 953 bere
2027 904 2377 952 memoratur.
2452 894 2559 950 Sed
2615 895 2719 949 hoc
2766 909 2981 964 quoque
3036 910 3140 950 non
3187 896 3442 951 inconve-

1851 989 2067 1045 nienter
2091 989 2421 1059 accepimus,
2452 988 2496 1043 si
2534 996 2647 1042 tres
2687 1001 2808 1043 esse
2828 986 3061 1044 “ordines
3088 988 3324 1045 ﬁdelium
3360 991 3438 1045 di-

1849 1095 2057 1135 camus.
2116 1076 2242 1132 Sive
2294 1092 2527 1146 namque
2558 1078 2613 1131 in
2665 1076 2858 1142 veteri,
2906 1092 2999 1132 seu
3031 1078 3083 1131 in
3111 1095 3252 1134 novo
3278 1089 3434 1135 testa-

1850 1177 2051 1223 mento.
2100 1166 2254 1221 Alius
2298 1175 2383 1221 est
2428 1167 2559 1223 ordo
2595 1167 3037 1239 prmdicantium,
3077 1168 3215 1223 alius
3261 1171 3431 1225 couti-

1855 1260 2130 1324 nentium,
2164 1266 2327 1326 atque
2355 1254 2496 1309 alius
2531 1254 2797 1308 bonorum
2826 1252 3144 1321 coniugum.
3180 1251 3329 1306 Unde
3377 1270 3431 1304 t-t

1855 1353 2002 1410 idem
2034 1348 2303 1420 Propheta
2334 1347 2389 1403 itt
2417 1347 2683 1418 superiori
2718 1355 2875 1416 parte
2919 1352 3029 1400 tres
3064 1345 3211 1398 viros
3238 1342 3437 1398 libera-

1856 1455 1941 1503 tos
1968 1443 2127 1509 vidit,
2150 1443 2289 1508 Noe,
2315 1440 2508 1497 Daniel
2540 1450 2595 1497 et
2617 1440 2720 1497 Job
2756 1437 2993 1509 (Ezrclr.
3022 1453 3113 1492 xtv
3134 1438 3187 1509 )z
3218 1436 3273 1490 in
3315 1436 3434 1506 qui-

1846 1535 1949 1590 bus
1983 1532 2236 1590 videlicet
2300 1530 2472 1586 tribus
2515 1528 2922 1599 praedicatores,
2967 1528 3309 1585 continentes
3355 1536 3440 1585 at-

152 1643 208 1697 in
257 1655 503 1698 amorem
551 1638 648 1694 Dei
696 1635 857 1691 simul
903 1642 960 1689 et
996 1631 1250 1705 proximi.
1306 1630 1421 1684 Non
1471 1636 1556 1683 est
1600 1624 1747 1681 enim
1848 1639 1952 1695 que
2008 1621 2278 1695 coniugati
2325 1620 2521 1693 signati
2559 1628 2706 1677 sunt.
2766 1620 2903 1676 Nam
2972 1620 3087 1676 Noe
3160 1636 3341 1676 arcam
3385 1621 3443 1676 in

152 1734 405 1791 Charitas
461 1746 590 1787 vera
658 1729 704 1785 si
768 1727 947 1782 minus
991 1740 1021 1779 a
1066 1723 1275 1779 duobus
1311 1718 1509 1776 cubitis
1555 1718 1783 1772 habetu
1848 1716 2008 1772 undis
2073 1715 2248 1779 rexit;
2290 1722 2454 1782 atque
2496 1713 2615 1767 ideo
2672 1712 2899 1782 ﬁguram
2940 1719 3210 1768 rectorum
3252 1712 3422 1768 tenuit

226 1824 401 1879 Porro
431 1820 653 1877 thalami
683 1826 851 1889 portas
877 1815 945 1870 ad
965 1814 1109 1869 viam
1136 1809 1455 1866 orientalem
1488 1817 1598 1861 tres
1621 1806 1747 1860 hinc
1774 1799 1821 1859 Β
1850 1804 2036 1861 Daniel
2076 1812 2133 1860 et
2165 1803 2221 1859 in
2249 1800 2370 1857 aula
2412 1802 2561 1873 regia
2609 1802 2949 1856 abstinentia:
2992 1801 3205 1856 deditus
3236 1801 3351 1866 fuit,
3390 1812 3449 1858 et

151 1923 212 1970 et
255 1923 367 1968 tres
404 1910 529 1966 inde
556 1916 611 1965 et
640 1919 894 1963 mensura
927 1918 1035 1959 una
1063 1902 1247 1956 trium.
1281 1894 1569 1971 (Ηίενοη.)
1601 1895 1746 1949 Tha-
1852 1899 2055 1955 idcirco
2106 1896 2269 1952 vitam
2316 1894 2711 1950 continentium
2765 1892 3017 1964 signavit.
3077 1891 3179 1948 Job
3222 1908 3352 1949 vero
3390 1894 3448 1949 in

150 2004 287 2058 lami
335 2014 550 2073 quoque
596 2006 652 2054 et
684 1995 931 2053 cubicula
978 2008 1100 2064 quae
1128 2000 1287 2049 erant
1341 1992 1409 2046 ad
1452 1992 1594 2047 viam
1624 2007 1751 2061 por-
1851 1977 2099 2057 coniugio
2137 1985 2362 2055 positus,
2396 1991 2450 2039 et
2473 1998 2661 2039 curam
2689 1982 2879 2037 domus
2920 1983 3152 2053 propria:
3178 1997 3445 2038 exercens

152 2105 227 2151 ta;
250 2092 548 2155 orientalis,
579 2104 680 2161 pro
710 2088 907 2159 quibus
950 2084 1300 2156 Septuaginta
1334 2084 1453 2138 elau
1482 2084 1746 2148 scribunt,
1849 2078 2086 2149 placuit;
2122 2091 2220 2148 per
2257 2090 2419 2145 quem
2468 2075 2626 2145 digne
2677 2074 2945 2129 bonorum
2983 2073 3271 2144 coniugum
3309 2073 3447 2129 ordo

152 2195 271 2239 tres
319 2190 477 2239 erant
527 2180 655 2237 hinc
699 2185 755 2235 et
791 2186 905 2233 tres
948 2175 1093 2241 inde,
1147 2189 1413 2229 mensurae
1458 2175 1636 2239 unius,
1694 2174 1749 2230 id
1850 2168 2135 2240 ﬁguratur.
2187 2167 2323 2233 Quia
2352 2181 2482 2237 ergo
2528 2168 2691 2221 etiam
2739 2174 2865 2221 ante
2893 2166 3206 2222 mediatoris
3246 2167 3447 2222 adven-

151 2284 265 2340 est,
320 2272 528 2329 calamo
570 2284 695 2333 uno,
728 2268 821 2340 qui
856 2282 949 2323 sex
983 2266 1164 2321 cubita
1212 2274 1267 2320 et
1307 2280 1472 2318 unum
1510 2264 1747 2334 palmum
1852 2268 1987 2323 tum,
2009 2265 2063 2313 et
2092 2256 2497 2328 praedicatores,
2542 2265 2598 2311 et
2626 2257 2981 2321 continentes,
3034 2270 3098 2312 ac
3141 2257 3269 2329 boni
3310 2273 3445 2314 eon-

151 2364 409 2421 habebat.
457 2362 573 2418 Uno
600 2339 807 2415 calamo
849 2357 902 2412 in
932 2356 1169 2428 longum,
1212 2364 1266 2411 et
1297 2371 1403 2409 uno
1444 2354 1653 2409 calamo
1678 2353 1748 2407 .in
1846 2345 2040 2417 jugati,
2087 2344 2322 2409 fuerunt,
2375 2344 2463 2415 qui
2517 2343 2766 2400 eumdem
2810 2343 2925 2413 ejus
2969 2345 3259 2400 adventum
3303 2362 3445 2417 prte—

150 2456 349 2517 latum,
382 2462 436 2508 et
488 2453 629 2505 inter
672 2448 939 2503 thalamos
976 2447 1212 2516 quinque
1257 2444 1487 2500 cubitos.
1541 2442 1618 2496 Ne
1647 2442 1747 2513 igi-

152 2555 248 2599 tur
288 2550 601 2614 putaremus
642 2540 777 2594 duos
823 2552 944 2593 esse
995 2543 1207 2590 tantum
1259 2534 1517 2599 calamos,
1567 2542 1751 2589 ternos

152 2650 222 2690 ex
267 2643 499 2702 utraque
547 2636 702 2700 porta
752 2626 971 2697 posuit,
1027 2632 1087 2679 ut
1130 2623 1404 2679 senarium
1455 2637 1746 2677 numerum

152 2725 555 2779 demonstraret
584 2736 599 2773 :
626 2716 718 2787 qui
753 2724 810 2771 et
837 2715 891 2769 in
920 2713 1127 2786 bydriis
1157 2710 1423 2783 evangelii
1461 2710 1748 2775 indicatur,

152 2813 212 2867 in
252 2812 449 2880 quibus
484 2822 639 2878 aqua:
668 2806 721 2860 in
746 2805 868 2859 vitta
895 2811 1118 2858 muiatte
1152 2808 1300 2867 sunt,
1323 2808 1378 2855 et
1408 2800 1646 2870 quotidie
1668 2800 1753 2871 ju-

155 2908 303 2963 daici
327 2906 513 2959 latices
543 2908 851 2964 vertuntur,
892 2906 947 2953 et
987 2897 1171 2951 vinum
1214 2895 1356 2967 quod
1395 2892 1631 2949 laetiﬁcat
1658 2909 1752 2949 cor

157 2996 420 3061 hominis,
450 3010 519 3051 ex
548 2992 749 3049 Christi
780 3004 977 3045 cruore
1000 2988 1062 3042 ﬁt
1112 2986 1341 3042 dulcius.
1361 2983 1538 3058 (Greg.
1565 2984 1585 3057 )
1612 2984 1753 3053 Quid

155 3088 405 3153 thalami,
449 3084 581 3155 quid
621 3083 704 3137 via
736 3080 1017 3137 orientalis
1055 3078 1318 3149 designet.
1354 3077 1468 3148 iam
1504 3076 1751 3147 superius

1852 2437 2194 2503 stolarcntur,
2250 2443 2305 2491 et
2356 2450 2549 2506 magna
2613 2435 2757 2490 hunc
2806 2435 2898 2489 siti
2949 2434 3203 2491 desiderii
3262 2436 3446 2491 videre

1853 2536 2136 2600 cuperent,
2177 2536 2232 2584 et
2262 2528 2606 2599 postmodum
2647 2527 3053 2598 przedicatores,
3106 2528 3449 2598 continentes

1855 2636 1919 2676 ac
1953 2620 2122 2676 bonos
2147 2619 2462 2691 ceniugatos
2487 2618 2762 2676 cernimus
2796 2620 3053 2687 existere,
3089 2621 3180 2692 qui
3212 2620 3449 2678 Redem-

1853 2721 2063 2783 ptorem
2114 2721 2358 2768 nostrum
2385 2727 2489 2767 non
2524 2711 2638 2781 iam
2686 2711 3000 2768 desiderant
3029 2712 3448 2779 incarnandum,

1856 2808 1946 2861 sed
1978 2807 2030 2860 in
2060 2803 2358 2874 maiestatis
2388 2818 2498 2860 suae
2522 2804 2693 2877 gloria
2721 2805 3190 2875 contemplandum
3217 2822 3231 2858 :
3259 2804 3444 2861 orien-

1856 2898 1979 2952 talis
2030 2898 2116 2951 via
2162 2908 2273 2952 tres
2329 2896 2459 2953 hinc
2507 2904 2563 2952 et
2605 2906 2717 2951 tres
2768 2896 2891 2953 inde
2941 2897 3208 2952 thalamos
3257 2898 3449 2956 habet.

1850 2991 2003 3062 juxta
2052 2989 2354 3045 Psalmistae
2409 3003 2619 3055 vocem,
2666 2989 2758 3060 qui
2806 2991 2872 3065 de
2909 2988 3100 3045 eadem
3146 2990 3255 3053 via,
3300 2989 3449 3044 vide-

1856 3085 1983 3140 licet
2003 3092 2190 3139 nostro
2207 3082 2587 3153 Redemptore,
2622 3082 2754 3139 dicit
2780 3100 2794 3137 :
2830 3101 2849 3135 ι
2880 3082 2937 3137 In
2968 3081 3200 3138 circuitu
3218 3080 3334 3150 eius
3361 3090 3444 3136 ta-

152 3180 415 3242 tliximus,
466 3191 569 3231 nec
606 3175 870 3245 replicare
899 3188 965 3228 ea
995 3172 1157 3226 latius
1191 3170 1557 3226 necessarium
1594 3177 1751 3240 puta-

1856 3178 2143 3235 bernacula
2165 3176 2280 3246 eius
2311 3146 2481 3249 (Paul.
2518 3146 2675 3249 xvn).
2716 3196 2733 3229 ι
2762 3175 2870 3232 Sed
2912 3146 3260 3247 pensandum
3285 3174 3443 3231 nobis

153 3285 302 3327 mus.
352 3266 459 3323 Sed
513 3263 863 3336 qumrendum
913 3262 1070 3317 nobis
1127 3268 1251 3315 est:
1294 3258 1422 3329 quid
1464 3266 1554 3314 est
1609 3258 1753 3326 quod

152 3363 381 3426 dicitur,
419 3378 438 3410 ι
470 3367 579 3414 tres
607 3357 735 3411 hinc
772 3363 829 3411 et
872 3364 985 3409 tres
1024 3351 1182 3407 inde?
1213 3370 1231 3401 ι
1267 3349 1515 3405 Thalami
1554 3348 1752 3418 quippe

150 3452 311 3523 iuxta
367 3449 509 3503 viam
560 3445 901 3508 orientalem,
936 3450 1061 3498 sunt
1111 3440 1273 3496 corda
1318 3437 1647 3494 l‘crventium
1698 3438 1753 3492 in

170 3556 362 3598 amore
394 3538 600 3613 DeiLEt
626 3538 738 3593 sive
763 3536 816 3591 lii
844 3536 935 3606 qui
956 3534 1113 3590 electi
1154 3536 1209 3589 in
1234 3541 1561 3589 testamento
1585 3532 1755 3588 veteri

156 3632 401 3696 fuerunt,
440 3619 555 3684 sive
581 3627 639 3683 hi
668 3627 759 3697 qui
788 3626 840 3680 in
876 3632 1197 3680 testamento
1226 3637 1365 3678 novo
1407 3622 1578 3677 secuti
1606 3630 1751 3675 sunt.

156 3720 426 3775 Nimirum
476 3724 691 3772 constat
735 3715 858 3784 quia
902 3728 1091 3767 omnes
1140 3727 1208 3766 ex
1251 3725 1437 3764 amore
1474 3710 1754 3764 Trinitatis

159 3807 385 3863 accensi
437 3813 582 3860 sunt.
641 3802 824 3871 Neque
858 3800 1001 3857 enim
1050 3814 1177 3854 rere
1222 3798 1393 3853 Deum
1444 3796 1750 3868 diligerent,

157 3900 208 3954 si
253 3894 493 3965 ejusdem
540 3892 822 3948 Trinitatis
860 3904 982 3960 qum
1030 3889 1166 3943 Deus
1210 3896 1311 3951 est,
1365 3887 1592 3959 gratiam
1644 3902 1753 3940 non

156 3987 517 4055 accepissent.
553 3983 712 4039 Juxta
744 3982 888 4035 viam
929 3995 1059 4051 ergo
1095 3978 1413 4033 orientalem
1446 3988 1558 4033 tres
1605 3978 1751 4042 hinc,

156 4088 217 4136 et
245 4088 356 4133 tres
398 4077 522 4132 inde
569 4082 695 4129 sunt
734 4072 992 4127 thalami:
1030 4072 1155 4140 quia
1198 4071 1325 4124 dum
1372 4070 1515 4125 inter
1542 4078 1755 4125 veteres

156 4180 218 4225 et
263 4183 431 4223 novos
489 4175 671 4237 patres
718 4164 979 4219 Dominus
1023 4161 1297 4216 incarnari
1346 4160 1598 4231 dignatus
1648 4167 1752 4224 est,

159 4258 318 4330 quasi
364 4258 417 4311 in
448 4254 626 4310 medio
658 4253 1014 4307 thalamorum
1052 4251 1137 4305 via
1166 4249 1447 4306 orientalis
1487 4250 1751 4319 apparuit,

161 4346 289 4417 quia
322 4343 544 4398 thalami
578 4342 646 4396 ad
689 4356 872 4396 verant
914 4340 1145 4410 speciem
1178 4354 1244 4394 ex
1302 4338 1585 4393 Trinitatis
1631 4346 1757 4393 sunt

164 4432 469 4505 cognitione
495 4430 754 4486 decorati.
790 4428 884 4484 Sin
919 4444 1046 4483 vero
1087 4429 1155 4483 ad
1182 4428 1409 4482 virtutes
1432 4428 1751 4493 electorum,

76 4546 81 4551 λ
148 4506 413 4583 atumem
456 4535 738 4575 numerum
789 4517 1109 4585 referamus,
1143 4526 1253 4572 tres
1309 4526 1434 4573 sunt
1490 4518 1751 4582 virtutes,

158 4613 281 4666 sine
312 4610 507 4689 quibus
555 4609 602 4663 is
646 4609 738 4678 qui
788 4608 991 4677 aliquid
1021 4609 1233 4679 operari
1278 4608 1389 4678 jam
1420 4616 1616 4677 potest,
1650 4608 1757 4662 sal-

159 4705 277 4754 vari
325 4716 431 4755 non
480 4707 674 4769 potest,
720 4699 986 4762 videlicet,
1026 4698 1179 4765 ﬁdes,
1218 4700 1651 4769 spesycharitas.
1686 4700 1753 4753 Et

157 4789 290 4857 quia
335 4788 522 4843 eadem
556 4803 703 4856 spes,
737 4787 867 4842 ﬁdes
895 4796 949 4842 et
998 4789 1198 4843 caritas
1237 4790 1288 4843 in
1320 4790 1555 4859 antiquis
1587 4788 1755 4859 patri-

155 4878 264 4932 bus
310 4892 428 4947 qua:
454 4876 509 4931 in
552 4878 707 4932 novis
748 4876 1059 4932 doctoribus
1099 4876 1219 4944 fuit,
1250 4878 1401 4949 juxta
1435 4877 1751 4933 orientalem

155 4970 307 5023 viam
360 4975 468 5022 tres
498 4968 624 5023 hinc
666 4977 721 5023 et
752 4976 863 5023 tres
907 4968 1033 5023 inde
1080 4969 1299 5023 thalami
1330 4970 1745 5024 describuntur:

156 5058 247 5113 vel
296 5066 443 5113 certe
478 5058 605 5127 quia
638 5067 770 5114 .tres
820 5066 1036 5129 patrum
1084 5070 1327 5114 veterum
1375 5061 1751 5116 distinctiones

157 5147 402 5212 fuerunt,
449 5155 558 5201 tres
603 5163 818 5219 quoque
858 5164 1119 5205 novorum
1158 5150 1258 5204 sub
1300 5151 1471 5221 gratia
1517 5165 1751 5220 sequun-

160 5251 273 5294 tur.
314 5239 481 5294 Vetus
505 5240 698 5310 quippe
721 5240 947 5311 populus
985 5241 1173 5296 habuit
1213 5248 1397 5310 patres
1420 5250 1545 5295 ante
1576 5240 1746 5311 legem

159 5344 231 5383 ac
258 5328 450 5384 deinde
492 5329 547 5383 in
576 5329 715 5401 lege,
743 5339 799 5385 et
825 5330 1165 5401 postmodum
1200 5331 1492 5400 prophetas
1520 5345 1534 5383 :
1566 5330 1620 5384 in
1652 5345 1748 5385 no-

161 5438 233 5477 vo
263 5431 442 5478 autem
470 5423 666 5493 populo
708 5425 857 5493 prius
904 5422 1253 5478 Hebraeorum
1294 5422 1547 5492 primitiae
1575 5422 1753 5477 credi-

160 5512 384 5579 derunt,
428 5513 768 5582 postmodum
804 5511 1080 5584 plenitudo
1117 5512 1353 5583 gentium
1383 5512 1436 5564 in
1469 5509 1574 5566 ﬁde
1600 5526 1757 5565 secu-

164 5610 221 5656 ta
250 5611 352 5667 est,
380 5615 446 5657 ac
476 5601 667 5658 deinde
704 5603 757 5657 in
788 5603 894 5657 ﬁne
927 5602 1108 5657 saeculi
1140 5600 1488 5657 Hebraeorum
1514 5600 1756 5669 reliquiae

164 5694 468 5750 salvantur.
503 5693 679 5763 (Rom.
705 5695 806 5761 xt).
836 5694 970 5761 Quia
1018 5708 1146 5762 ergo
1184 5692 1488 5748 incarnatio
1518 5692 1753 5759 Domini,

1853 3276 1937 3324 est
1961 3267 2190 3324 sollicita
2225 3266 2523 3323 intentione
2567 3266 2709 3335 quod
2757 3265 2975 3332 dicitur,
3028 3265 3154 3335 quia
3193 3278 3447 3319 mensura

1853 3376 1960 3415 una
2015 3360 2199 3414 trium.
2247 3358 2381 3415 Cum
2430 3358 2574 3413 enim
2618 3358 2776 3429 longe
2818 3356 2888 3412 sit
2948 3372 2979 3412 a
3041 3356 3447 3412 continentibus

1854 3460 1908 3505 et
1945 3448 2250 3506 tacentibus
2293 3448 2612 3505 excellentia
2646 3448 3081 3519 praedicatorum,
3120 3456 3175 3501 et
3209 3446 3363 3502 valde
3412 3463 3443 3501 a

1855 3526 2157 3614 coniugatis
2187 3542 2352 3598 distet
2392 3540 2684 3597 eminentia
2720 3540 3109 3595 continentium
3137 3557 3150 3594 :
3180 3540 3307 3610 quid
3336 3548 3443 3600 est.

1854 3637 1993 3706 quod
2019 3650 2123 3689 una
2153 3648 2405 3689 mensura
2441 3632 2639 3689 dicitur
2679 3632 2845 3687 trium
2871 3631 3194 3703 ?Coniugati
3224 3634 3447 3703 quippe,

1854 3725 2100 3796 quamvis
2129 3733 2184 3779 et
2212 3725 2347 3780 bene
2393 3732 2575 3795 agant.
2612 3730 2668 3778 et
2704 3722 3130 3792 omnipotentem
3169 3722 3337 3778 Deum
3364 3725 3448 3779 vi-

1854 3816 1982 3870 dere
2021 3814 2347 3879 desiderent,
2398 3813 2710 3868 domesticis
2758 3820 2938 3867 tamen
2982 3812 3130 3868 curis
3175 3827 3447 3884 occupat.-

1855 3916 1961 3972 tur,
2004 3916 2058 3963 et
2089 3906 2411 3962 necessitate
2457 3912 2683 3975 cogente
2734 3904 2786 3958 in
2817 3912 3049 3974 utroque
3079 3914 3315 3960 mentem
3364 3906 3447 3961 di-

1854 3997 2055 4052 vident.
2102 3996 2259 4052 Conti
2299 4004 2453 4051 entes
2479 4002 2660 4049 autem
2693 3995 2761 4049 ab
2796 3991 3101 4061 huiusmodi
3129 3995 3339 4049 actione
3360 4009 3445 4050 rc-

1856 4091 1987 4145 m0ti
2014 4097 2160 4154 sunt,
2191 4097 2245 4143 et
2288 4089 2615 4158 voluptatem
2662 4086 2842 4142 carnis
2875 4086 3039 4140 etiam
3066 4100 3094 4139 a
3136 4086 3282 4141 licito
3309 4100 3445 4142 eon-

1850 4183 2000 4254 jugio
2039 4180 2361 4250 refringunt,
2410 4179 2556 4234 nulla
2587 4177 2851 4249 conjugis,
2903 4176 3050 4232 nulla
3092 4176 3323 4232 ﬁliorum
3353 4195 3447 4234 cu-

1856 4289 1940 4337 ra,
1978 4272 2138 4327 nullis
2184 4272 2361 4326 noxiis
2391 4285 2455 4324 ac
2483 4268 2786 4325 diﬁicilibus
2812 4268 2887 4322 rei
2926 4266 3210 4324 familiaris
3243 4268 3448 4341 cogita-

1860 4365 2093 4421 tionibus
2134 4362 2496 4434 implicantur.
2541 4360 2935 4415 Praedieatores
2963 4374 3094 4414 vero
3136 4375 3243 4413 non
3270 4358 3444 4414 solum

1779 4487 1833 4546 Ι)
1858 4471 1918 4511 se
1958 4469 1987 4507 a
2020 4453 2165 4508 vitiis
2210 4458 2480 4514 coercent,
2520 4450 2615 4505 sed
2664 4450 2824 4504 etiam
2870 4464 3097 4519 peccare
3145 4448 3280 4503 alios
3320 4463 3446 4517 pro-

1859 4545 2069 4608 hibent,
2107 4545 2176 4599 ad
2206 4542 2367 4597 ﬁdem
2398 4540 2619 4604 ducunt,
2666 4540 2719 4594 in
2749 4541 2929 4595 studio
2964 4541 3120 4596 bonae
3155 4556 3447 4597 conversa-

1860 4638 2022 4693 tionis
2071 4638 2364 4692 instruuut.
2423 4633 2703 4701 Quomodo
2746 4649 2873 4704 ergo
2920 4650 3024 4689 una
3064 4648 3250 4691 eorum
3291 4649 3445 4692 men-

1858 4746 1987 4785 sura
2023 4737 2126 4794 est,
2183 4741 2414 4798 quorum
2458 4726 2581 4779 vitae
2624 4724 2859 4795 qualitas
2906 4740 3011 4779 una
3047 4719 3154 4780 non
3188 4734 3290 4792 est,
3345 4728 3441 4782 sed

1857 4836 2112 4877 mensura
2139 4834 2245 4873 una
2275 4817 2438 4871 trium
2472 4825 2582 4880 est,
2620 4817 2745 4886 quia
2784 4816 2888 4870 etsi
2929 4816 2987 4869 in
3016 4815 3095 4871 eis
3123 4817 3439 4873 meritorum

1858 4928 2052 4983 magna
2084 4918 2167 4966 est
2195 4907 2497 4973 diversitas,
2530 4917 2708 4960 tamen
2740 4905 2996 4960 distantia
3038 4904 3095 4959 in
3126 4904 3229 4961 ﬁde
3254 4905 3309 4960 in
3332 4921 3439 4975 qua

1857 5003 2173 5066 tenduntur,
2214 5015 2324 5055 non
2363 5006 2464 5054 est.
2498 4996 2631 5051 Nam
2673 4995 2861 5050 eadem
2890 4994 3025 5050 ﬁdes
3052 5010 3171 5065 quae
3198 4995 3328 5051 istos
3354 5010 3441 5051 so-

1854 5096 1986 5150 lidat
2028 5095 2083 5149 in
2113 5092 2382 5157 maximis,
2434 5089 2666 5144 illorum.
2697 5086 3064 5141 inlirmitatem
3103 5086 3345 5142 continet
3384 5086 3440 5143 in

1853 5184 2052 5255 parvis.
2099 5182 2239 5237 Vere
2286 5189 2435 5236 certe
2494 5179 2655 5232 trium
2702 5190 2809 5231 una
2861 5190 3112 5231 mensura
3155 5184 3260 5240 est,
3311 5174 3439 5245 quia

1852 5282 1909 5336 in
1932 5276 2284 5333 retributione
2296 5273 2502 5339 ultima,
2530 5268 2774 5340 quamvis
2800 5268 2987 5323 eadem
3018 5267 3248 5340 dignitas
3265 5266 3442 5323 omni-

1854 5371 1955 5426 bus
1975 5384 2081 5426 non
2113 5358 2205 5437 sit,
2220 5383 2325 5424 una
2340 5375 2519 5422 tamen
2540 5360 2909 5419 eritomnibus
2928 5361 3039 5417 vita
3063 5358 3437 5416 beatitudinis.

1857 5459 2011 5518 Unde
2026 5466 2080 5515 et
2090 5474 2187 5529 per
2204 5455 2552 5525 semetipsum
2575 5454 2835 5513 Dominus
2849 5452 2998 5511 dicit:
3017 5450 3074 5505 ln
3089 5451 3248 5506 domo
3260 5447 3441 5503 Patris

1856 5551 1963 5607 mei
1997 5550 2305 5605 mansiones
2348 5548 2531 5605 multa:
2586 5557 2710 5606 sunt
2738 5547 2922 5620 (Joan.
2948 5542 3086 5613 xw);
3120 5541 3215 5597 sed
3256 5548 3439 5595 tamen

1858 5641 1981 5712 quia
2006 5642 2060 5696 in
2086 5641 2241 5697 vinea
2254 5640 2397 5697 ducti
2422 5648 2568 5705 sunt,
2590 5640 2837 5711 quamvis
2862 5635 3089 5693 diversis
3110 5632 3256 5689 neris
3277 5644 3444 5685 vene-

1858 5734 1980 5789 rint.
2038 5748 2202 5787 unum
2227 5733 2508 5788 denarium
2546 5738 2922 5805 perceperunt.
2976 5726 3091 5793 Qua
3128 5726 3309 5795 itaque
3340 5719 3441 5779 ‘ra-
