3950 6320
489 355 592 410 905

1130 352 1188 405 Β.
1235 349 1485 404 RABA'NI
1529 350 1746 405 MAURI
1789 349 2109 404 :\R(leiliP.
2154 349 2462 405 .‘lOGL‘NT.
2505 349 2791 406 OPERUM
2831 350 3010 404 PARS
3050 350 3111 405 ll.

3675 355 3780 411 WA

487 483 636 527 tione
660 468 988 526 conveniant
1017 465 1327 519 mansiones
1357 464 1538 518 multa:
1566 479 1689 519 cum
1715 478 1820 516 uno
1835 462 2078 525 denario,
2109 467 2157 524 Α
2188 477 2329 526 rum,
2358 425 2524 528 cujus,
2553 460 2829 531 longitudo
2859 461 3093 516 habebat
3124 462 3380 518 tredecim
3405 465 3643 522 cubitos.
3681 476 3779 529 Pa.

487 561 591 617 nisi
626 559 750 629 quia
774 558 998 612 diversa:
1036 554 1252 624 quidem
1295 554 1579 608 beatorum
1607 553 1804 607 civium
1844 551 2076 622 dignita-

487 659 572 706 tes
601 648 794 706 erunt?
817 648 911 702 sed
960 655 1141 702 tamen
1172 660 1279 699 una
1309 645 1466 715 quies
1503 653 1719 699 azternaz
1769 642 2078 698 retributio-

488 742 609 796 nis:
639 755 760 793 nam
791 738 894 792 etsi
928 737 1111 806 dispar
1150 737 1256 792 erit
1292 737 1544 791 meritum
1573 735 1928 806 singulorum,
1971 749 2077 788 non

487 830 594 885 erit
615 829 901 883 diversitas
934 828 1250 897 gaudiorum
1277 847 1288 880 :
1315 829 1440 897 quia
1480 826 1583 881 etsi
1614 826 1753 881 alter
1783 825 1962 880 minus
1998 833 2080 880 at-

488 938 593 992 que
621 920 782 975 alius‘
799 919 1028 990 amplius
1052 917 1278 985 exultat,
1308 931 1496 972 omnes
1527 924 1708 972 tamen
1732 931 1921 982 unum
1940 930 2076 983 gau-

490 1016 658 1078 dium,
693 1013 759 1067 de
801 1011 1098 1066 conditoris
1128 1011 1208 1065 sui
1248 1011 1457 1065 visione
1497 1008 1753 1063 laetiﬁcat.
1787 1007 1903 1063 Hoc
1936 1023 2077 1077 quo.

488 1119 592 1172 que
616 1112 699 1158 est
723 1103 837 1156 sive
863 1101 928 1155 de
952 1100 1222 1154 veteribus
1248 1113 1340 1154 seu
1384 1099 1536 1152 novis
1564 1099 1809 1168 patribus
1833 1099 2076 1152 sentien-

489 1195 614 1247 dum
641 1210 653 1244 :
693 1192 820 1262 quia
857 1191 1138 1246 orientalis
1168 1191 1250 1244 via
1275 1205 1397 1244 cum
1428 1197 1538 1244 tres
1568 1189 1694 1243 hinc
1723 1197 1777 1244 et
1813 1198 1923 1243 tres
1954 1189 2078 1253 inde

491 1281 756 1337 thalamos
786 1280 1005 1344 habeat,
1039 1295 1291 1334 mensura
1336 1295 1444 1333 una
1488 1280 1652 1333 trium
1685 1287 1787 1343 est,
1818 1279 2075 1347 quoniam

491 1372 606 1441 ipsa
633 1371 767 1427 ﬁdes
800 1381 964 1442 atque
992 1372 1169 1440 ipsum
1199 1369 1454 1424 meritum
1483 1369 1657 1424 tenuit
1685 1370 1847 1423 corda
1875 1383 2077 1437 praece-

492 1461 755 1526 dentium,
782 1476 900 1534 quae
937 1460 1164 1530 replevit
1185 1460 1348 1515 corda
1378 1467 1737 1528 sequentium,
1768 1460 1868 1512 sub
1892 1459 2078 1513 Testa-

493 1564 672 1612 mento
701 1556 852 1612 Novo
879 1554 1178 1627 positorum
1206 1553 1345 1606 sicut
1372 1561 1425 1605 et
1453 1564 1551 1620 per
1580 1550 1806 1604 Paulum
1843 1549 2074 1604 dicitur:

494 1669 511 1698 ‹
550 1650 818 1706 Habentes
838 1660 1018 1705 autem
1046 1648 1292 1706 eumdem
1336 1646 1588 1720 spiritum
1615 1644 1737 1700 ﬁdei
1768 1645 1907 1698 sicut
1942 1646 2080 1700 scri-

489 1751 636 1809 ptum
667 1751 769 1805 cst,
798 1742 1001 1797 credidi
1030 1751 1250 1812 prepter
1276 1743 1419 1813 quod
1457 1736 1667 1799 locutus
1708 1751 1850 1797 smn.
1881 1737 1948 1792 Et
1977 1753 2078 1793 nos

2183 558 2286 605 test
2313 560 2493 605 autent
2522 559 2678 619 porta
2706 549 2931 616 liminis,
2962 552 3015 605 in
3045 567 3154 622 quo
3184 562 3428 607 sacratus
3467 565 3552 610 est
3589 572 3774 610 nume»

2179 656 2274 695 rus
2312 642 2516 696 veteris
2549 649 2605 696 et
2651 644 2775 697 novi
2821 643 3190 708 instrumenti,
3241 646 3325 701 vel
3368 648 3484 717 ipse
3512 648 3776 707 Dominus

2180 730 2405 801 intelligi
2448 731 2539 802 qui
2581 732 2712 787 dicit
2741 751 2753 785 :
2785 752 2801 784 (
2832 733 2945 803 Ego
2991 749 3110 788 sum
3162 737 3360 791 ostium
3401 737 3584 807 (Joan.
3633 738 3714 807 ι).
3749 759 3770 793 ι

2180 822 2276 876 Vel
2304 832 2451 878 certe
2479 839 2670 880 omnes
2697 825 2867 880 sancti
2905 840 3004 894 per
3033 841 3170 895 quos
3196 829 3533 899 ingredimur
3560 833 3627 886 ad
3673 850 3775 889 no-

2181 913 2354 968 titiam
2397 915 2514 980 Dei,
2550 932 2781 985 quorum
2832 919 3110 988 apostolus
3151 921 3350 977 Paulus
3402 923 3771 993 loquebatur:

2185 1026 2202 1057 c
2237 1007 2310 1063 Os
2351 1023 2530 1063 meum
2573 1018 2721 1080 patet
2751 1012 2817 1066 ad
2848 1028 2966 1078 vos,
2998 1028 3032 1069 ο
3057 1013 3343 1081 Corinthii,
3380 1019 3682 1076 dilatamini
3723 1031 3776 1077 et

2178 1113 2275 1152 vos
2301 1097 2386 1167 (II
2420 1097 2543 1153 Cor.
2574 1101 2667 1171 vi).
2705 1120 2722 1152 ι
2757 1102 3036 1158 Tredecim
3064 1114 3244 1161 autem
3282 1110 3450 1164 cubiti
3479 1123 3601 1181 post
3629 1125 3777 1168 Octo-

2180 1190 2391 1242 narium
2433 1205 2715 1245 numerum
2766 1192 3028 1248 librorum
3073 1195 3239 1267 Moysi
3275 1202 3554 1255 continent
3593 1219 3773 1256 sacra-

2181 1286 2445 1344 mentum,
2474 1279 2565 1348 qui
2593 1291 2647 1333 et
2689 1281 2741 1334 in
2769 1284 3008 1352 quinque
3040 1297 3411 1342 monstrantur
3436 1293 3692 1358 panibus,
3720 1308 3772 1348 ct

2181 1364 2236 1418 in
2283 1363 2626 1422 Samaritana
2669 1369 2941 1439 Evangelii
2987 1370 3170 1444 (Joan.
3221 1377 3318 1447 tv),
3363 1395 3484 1448 qua:
3525 1385 3773 1454 arguitur

2180 1456 2321 1524 quod
2348 1457 2588 1528 quinque
2626 1459 2877 1515 habuerit
2902 1464 3048 1518 viros
3089 1475 3143 1520 et
3169 1477 3378 1522 sextum
3406 1487 3568 1541 quem
3607 1484 3765 1544 puta-

2180 1544 2273 1598 bat
2314 1546 2517 1602 habere
2545 1563 2650 1602 non
2700 1550 2920 1606 habeat.
2976 1553 3044 1608 Et
3075 1545 3346 1612 tamenet
3375 1567 3688 1618 octonarius
3717 1573 3771 1620 et

2182 1636 2466 1703 quinarius
2490 1653 2748 1694 numerus
2774 1640 2829 1695 in
2857 1658 2966 1699 uno
2999 1646 3200 1712 cubito,
3229 1638 3282 1702 id
3305 1657 3390 1704 est
3420 1651 3631 1707 decimo
3661 1664 3772 1711 ter-

2183 1727 2259 1780 tio
2290 1737 2645 1782 consumatur
2672 1744 2791 1798 qua:
2834 1731 2887 1784 in
2941 1733 3158 1790 Christo
3199 1740 3629 1809 recapitulantur
3653 1760 3767 1800 om-

488 1833 782 1898 credimus,
808 1841 1027 1904 propter
1065 1835 1208 1904 quod
1259 1842 1314 1888 et
1360 1834 1631 1903 loquimur
1649 1835 1733 1906 (II
1769 1828 1890 1890 Cor.
1923 1828 2019 1908 tv).
2051 1856 2071 1889 ›
2103 1824 2154 1891 Β
2182 1820 2288 1889 Ilia.
2331 1822 2474 1890 unde
2515 1822 2736 1889 (Κείων,
2777 1832 2832 1878 ει
2877 1827 3091 1882 “hillis
3143 1845 3283 1885 unus
3318 1833 3442 1888 ﬁnis
3481 1844 3767 1908 utrumque

490 1924 774 1993 Spiritales
811 1927 1010 1997 quippe
1049 1927 1124 1980 illi
1167 1934 1350 1997 patres
1398 1927 1828 1996 omnipotentem
1879 1930 2072 1995 Deum,

488 2015 810 2070 Trinitatem
845 2018 919 2071 ita
945 2032 1064 2071 esse
1091 2017 1456 2080 crediderunt,
1500 2018 1642 2072 sicut
1668 2019 1921 2078 eamdem
1954 2019 2078 2073 Tri-

489 2105 713 2159 nitatem
739 2104 862 2159 novi
884 2113 1066 2175 patres
1108 2114 1296 2176 aperte
1322 2104 1498 2160 locuti
1535 2113 1682 2160 sunt.
1727 2105 1894 2160 Isaias
1922 2121 2078 2161 nam-

490 2210 596 2264 que
640 2195 845 2250 audivit
891 2195 1132 2267 angelica
1185 2196 1400 2266 agmina
1458 2197 1512 2250 in
1556 2195 1696 2252 cmlo
1746 2196 2075 2252 clamantia:

494 2304 512 2336 ι
546 2284 802 2352 Sanctus,
825 2296 1065 2353 sanctus,
1108 2295 1329 2341 sanctus
1368 2288 1630 2342 Dominus
1670 2286 1815 2344 Deus
1852 2289 2078 2344 sabaoth

488 2375 624 2450 (Ita.
664 2377 760 2450 v1).
791 2397 810 2429 ι
845 2376 916 2434 Ut
937 2379 1078 2433 enim
1112 2393 1470 2448 personarum
1498 2379 1713 2434 trinitas
1739 2390 2078 2435 monstrare—

490 2477 596 2534 tur,
632 2469 792 2524 tertio
823 2477 1046 2524 sanctus
1070 2468 1288 2535 dicitur,
1335 2469 1430 2524 sed
1453 2483 1563 2522 una
1607 2482 1731 2523 esse
1775 2470 2080 2526 substantia

491 2561 749 2615 trinitatis
790 2569 1046 2631 appareat
1089 2575 1196 2615 non
1228 2561 1444 2616 Domini
1481 2560 1732 2627 sabaoth,
1772 2562 1868 2618 sed
1893 2562 2080 2618 Domi-

492 2668 594 2706 nus
618 2652 846 2724 sabaqtb
883 2667 1006 2707 esse
1035 2652 1373 2722 perhibetur.
1403 2650 1556 2720 Quod
1575 2651 1746 2707 David
1774 2669 1989 2724 quoque
2009 2655 2083 2709 si-

494 2745 695 2799 militer
721 2747 977 2810 sentiens,
1008 2746 1085 2800 ait
1110 2765 1122 2801 :
1151 2765 1168 2797 t
1196 2746 1493 2802 Benedicat
1518 2763 1618 2804 nos
1637 2748 1781 2804 Deus
1811 2750 1956 2806 Deus
1986 2765 2083 2806 no-

491 2846 622 2899 ster,
675 2837 960 2891 benedicat
1000 2852 1099 2891 nos
1145 2837 1288 2892 Deus
1322 2835 1496 2906 (Psal.
1540 2837 1707 2910 uvr).
1743 2858 1761 2889 ι
1809 2839 1911 2904 Qui
1958 2854 2081 2894 cum

493 2923 907 2984 tertio’dixisset
937 2929 1130 2995 Deum,
1159 2939 1218 2983 ut
1243 2945 1407 2984 unum
1435 2932 1579 2986 hunc
1602 2946 1721 2987 esse
1751 2934 2078 3000 ostenderet,

502 3037 518 3066 ι
553 3025 608 3070 et
637 3026 878 3072 metuant
917 3033 1041 3072 eum
1069 3032 1256 3073 omnes
1295 3019 1430 3075 lines
1463 3031 1639 3076 terrae.
1679 3041 1694 3072 ›
1727 3022 1924 3077 Paulus
1949 3039 2081 3093 quo-

495 3123 601 3176 que
641 3107 898 3177 loquitur,
956 3107 1140 3163 dicens
1173 3126 1187 3162 :
1220 3128 1238 3161 ι
1265 3108 1530 3176 Quoniam
1601 3125 1664 3165 ex
1720 3112 1835 3181 ipso
1881 3122 1936 3166 et
1980 3128 2079 3183 per

501 3196 674 3266 ipsum
701 3204 756 3251 et
785 3196 838 3250 in
888 3196 1006 3266 ipso
1052 3205 1180 3252 sunt
1222 3200 1403 3253 omnia
1433 3198 1606 3270 (Rom.
1642 3202 1739 3272 χι),
1771 3221 1789 3252 ι
1826 3218 1890 3256 ex
1939 3203 2079 3273 ipso,

498 3287 750 3343 videlicet
779 3302 846 3342 ex
877 3297 1061 3358 patre;
1091 3305 1189 3359 per
1216 3289 1411 3360 ipsum,
1435 3290 1538 3346 hoc
1565 3301 1647 3346 est
1667 3308 1764 3361 per
1793 3293 1992 3358 ﬁlium;
2025 3295 2078 3349 in

496 3380 615 3448 ipso
644 3389 844 3444 autem,
893 3378 998 3434 hoc
1031 3387 1117 3434 est
1162 3380 1217 3434 in
1249 3379 1454 3450 Spiritu
1495 3392 1701 3436 sancto.
1748 3382 1918 3449 Quem
1948 3400 2080 3455 ergo

497 3471 672 3538 ipsum
705 3469 923 3523 tertium
951 3469 1199 3534 dixisset,
1246 3471 1513 3540 adjunxit,
1555 3472 1655 3542 ipsi
1686 3473 1855 3541 gloria
1885 3474 1937 3527 in
1975 3489 2077 3529 sa:-

495 3560 616 3614 cula
640 3560 1169 3616 saeculorumtamen.
1214 3560 1317 3627 Qui
1343 3563 1489 3616 enim
1518 3578 1621 3618 non
1648 3563 1779 3619 dicit
1804 3564 1952 3635 ipsis,
1986 3567 2079 3620 sed

495 3652 620 3720 ipsi,
647 3652 873 3706 dicendo
917 3659 997 3707 ter
1038 3653 1237 3721 ipsum,
1263 3654 1508 3709 distinxit
1537 3671 1796 3725 personas
1822 3676 1834 3709 :
1859 3667 1912 3712 et
1952 3659 2080 3712 sub-

493 3742 768 3813 jungendo
809 3742 910 3812 ipsi
940 3741 1132 3813 gloria,
1168 3759 1280 3797 non
1314 3742 1496 3798 divisit
1535 3744 1909 3800 substantiam.
1943 3746 2078 3812 Quia

497 3835 680 3902 itaque
704 3846 810 3887 una
839 3840 922 3887 est
955 3841 1202 3888 veterum
1250 3847 1315 3888 ac
1361 3848 1623 3888 novorum
1668 3843 1880 3903 patrum
1923 3835 2077 3902 ﬁdes,

498 3933 643 3978 recte
681 3923 1040 3979 thalamorum
1088 3923 1413 3979 describitur
1444 3941 1704 3981 mensura
1743 3943 1848 3984 una
1892 3929 2075 3991 trium.

497 4012 640 4082 quod
667 4011 846 4067 verbis
868 4018 989 4073 aliis
1013 4015 1329 4088 replicatur,
1368 4032 1493 4081 cum
1524 4025 1797 4084 subditur:

575 4130 591 4160 ι
624 4111 690 4165 Ει
735 4127 987 4167 mensura
1033 4129 1137 4168 una
1180 4113 1438 4170 frontium
1471 4132 1535 4171 ex
1581 4125 1812 4188 utraque
1852 4128 2024 4188 parte.
2055 4139 2071 4171 ι

500 4197 703 4270 (Ci-eg.)
737 4203 813 4257 Ex
846 4212 1073 4270 utraque
1102 4205 1302 4258 etenim
1334 4217 1486 4275 parte
1515 4218 1603 4262 est
1644 4224 1897 4263 mensura
1936 4210 2080 4264 fron-

501 4290 631 4342 tium
658 4306 671 4354 ;
707 4292 830 4358 quia
858 4301 1041 4361 patres
1063 4295 1230 4348 nostri
1248 4295 1330 4349 vel
1351 4296 1502 4366 prius
1527 4295 1752 4351 aVetcri
1772 4298 1856 4352 vel
1885 4295 2025 4353 nun"c
2046 4314 2077 4352 a

498 4376 647 4431 Novo
689 4379 1034 4437 Testamento
1072 4384 1351 4439 venientes
1397 4386 1450 4439 in
1481 4403 1584 4441 una
1634 4390 1942 4444 mediatoris
1971 4390 2074 4444 ﬁde

498 4471 846 4536 conveniunt,
877 4474 999 4541 quia
1030 4489 1127 4544 pro
1169 4490 1233 4529 eo
1282 4477 1424 4545 quod
1457 4478 1894 4548 charitatepleni
1925 4489 2071 4546 sunt,

498 4575 715 4613 carnem
743 4561 1064 4618 abstinentia
1097 4565 1338 4630 domant,
1378 4568 1541 4621 corda
1571 4569 1901 4623 audientium
1941 4587 2080 4640 prte-

2181 1918 2307 1971 dunt
2337 1927 2393 1972 et
2423 1919 2589 1974 Vetus
2631 1929 2684 1975 et
2731 1912 2937 1974 Novum
2981 1917 3387 1976 Testamentum
3418 1940 3525 1978 una
3571 1926 3767 1983 Christi

2180 2021 2434 2062 mensura
2487 2010 2885 2079 complectitur.
2940 2005 3144 2082 (Grey.)
3207 2011 3368 2068 Multa
3417 2018 3667 2087 superius
3702 2022 3766 2079 de

2180 2108 2350 2168 portae
2391 2100 2786 2172 signiﬁcatione
2812 2104 2926 2173 jam
2958 2103 3215 2169 diximus,
3251 2107 3344 2160 sed
3384 2124 3551 2164 unum
3582 2121 3764 2168 tenere

2181 2191 2384 2261 aliquid
2432 2195 2708 2264 debemus,
2736 2207 2790 2252 et
2833 2199 2974 2267 quod
3009 2197 3183 2269 possit
3216 2206 3270 2252 et
3313 2209 3509 2255 caetera
3548 2201 3765 2258 lectoris

2181 2282 2464 2350 prudentia
2509 2295 2797 2353 penetrare
2823 2305 2835 2340 2
2861 2288 3072 2343 Dictum
3114 2288 3314 2359 quippe
3365 2298 3470 2353 est,
3507 2303 3606 2358 per
3643 2307 3767 2359 por-

2183 2379 2294 2425 tam
2322 2387 2531 2427 sacram
2561 2374 2901 2445 Scripturam
2929 2395 3089 2448 posse
3133 2379 3376 2451 ﬁgurari.
3409 2380 3512 2438 Sed
3547 2382 3649 2436 hoc
3674 2398 3765 2435 no—

2181 2462 2266 2516 bis
2305 2462 2464 2517 modo
2508 2461 2778 2522 laboriose
2819 2468 3214 2526 discutiendum
3253 2485 3353 2540 est,
3399 2492 3499 2531 cur
3533 2473 3763 2533 latitudo

2181 2549 2384 2606 liminis
2410 2562 2581 2622 porue
2611 2556 2797 2610 decem
2827 2559 3043 2625 cubitis,
3081 2571 3136 2614 et
3181 2562 3456 2633 longitudo
3507 2568 3761 2623 tredecim

2183 2652 2546 2712 mensuratur.
2588 2645 2700 2699 Hoc
2740 2656 2920 2702 autem
2970 2649 3087 2704 loco
3132 2651 3407 2721 longitudo
3432 2667 3604 2724 portae
3647 2657 3770 2712 alti-

2181 2731 2311 2787 tudo
2335 2733 2550 2787 dicitur.
2579 2733 2731 2789 Sicut
2758 2752 2855 2791 nos
2885 2737 3054 2808 longa:
3085 2748 3304 2795 statura:
3323 2743 3574 2809 dicimus,
3604 2761 3766 2814 quem

2183 2822 2351 2876 altum
2375 2822 2640 2878 videmus.
2674 2823 2808 2879 Nam
2851 2826 3128 2897 longitudo
3166 2839 3334 2898 porta:
3364 2831 3468 2885 dici
3509 2833 3564 2888 in
3593 2843 3766 2890 trans-

2182 2926 2398 2965 versum
2425 2928 2532 2966 non
2564 2925 2763 2983 potest,
2793 2916 2946 2984 cujus
2973 2917 3201 2974 latitudo
3228 2936 3325 2989 per
3350 2921 3538 2978 decem
3581 2927 3760 2981 cubita

2183 3004 2608 3059 demonstratur.
2640 3006 2776 3072 Quid
2805 3023 2934 3078 ergo
2957 3008 3182 3065 latitudo
3214 3012 3413 3068 liminis
3438 3026 3627 3084 portae,
3659 3019 3768 3075 nisi

2183 3094 2267 3148 lex
2298 3093 2627 3150 Testamenti
2663 3098 2868 3175 Veteris
2903 3098 3033 3165 fuit;
3070 3110 3124 3154 et
3153 3103 3425 3173 longitudo
3458 3116 3628 3175 porta:
3661 3109 3766 3166 nisi

2108 3189 2151 3250 C
2183 3185 2358 3254 gratia
2391 3184 2726 3240 Testamenti
2751 3186 2916 3254 Novi;
2945 3191 3070 3259 quia
3098 3192 3347 3248 videlicet
3375 3193 3654 3266 Scriptura
3677 3214 3771 3254 sa-

2182 3289 2277 3329 cra
2323 3273 2451 3328 dum
2482 3290 2577 3344 per
2611 3275 3014 3333 Testamentum
3060 3278 3229 3336 Vetus
3271 3283 3498 3338 crimina
3542 3302 3767 3358 operum

2182 3364 2535 3432 compescuit,
2565 3363 2682 3418 dari
2725 3367 2962 3422 decimas
2986 3371 3260 3441 praecepit,
3293 3375 3445 3441 quasi
3477 3390 3573 3444 per
3615 3393 3769 3432 mau-

2185 3453 2310 3507 data
2343 3453 2566 3507 humilia
2612 3454 2665 3508 in
2713 3455 2916 3513 liminis
2958 3458 3240 3516 latitudine
3262 3463 3450 3531 jacuit.
3499 3465 3604 3521 Sed
3638 3469 3767 3522 dum

2181 3558 2278 3611 per
2307 3543 2711 3599 Testamentum
2751 3545 2960 3602 Novum
2996 3551 3351 3620 cogitationes
3387 3571 3584 3624 pravas
3612 3572 3770 3612 coer-

2183 3635 2314 3701 cuit,
2365 3636 2665 3704 derelinqui
2713 3640 2896 3694 omnia
2923 3648 2978 3695 et
3028 3657 3126 3711 pro
3170 3644 3280 3700 Deo
3309 3647 3477 3700 vitam
3525 3652 3768 3720 corporis

2176 3723 2338 3792 jussit
2374 3741 2498 3780 cum
2521 3729 2775 3794 praesenti
2807 3730 3002 3785 saeculo
3037 3733 3260 3802 despici,
3304 3738 3459 3805 quasi
3486 3750 3640 3807 porta
3673 3756 3766 3794 no-

2181 3822 2292 3866 stra
2352 3814 2406 3868 in
2471 3814 2820 3886 longitudinis
2889 3820 3173 3877 altitudine
3232 3828 3488 3880 surrexit.
3559 3828 3765 3883 Minoia

2179 3920 2378 3988 quippe
2415 3917 2687 3990 pruepta
2729 3909 3021 3970 Israelitico
3068 3923 3261 3985 populo
3298 3932 3395 3986 per
3440 3919 3612 3990 legem
3643 3923 3764 3976 data

2184 4018 2347 4063 sunt:
2375 4010 2515 4065 unde
2543 4019 2597 4065 et
2627 4011 2799 4066 eidem
2842 4014 3038 4081 populo
3070 4010 3275 4084 Moyses
3303 4010 3356 4062 in
3398 4025 3592 4085 campo
3623 4014 3766 4069 locu-

2183 4115 2268 4161 tus
2305 4113 2409 4160 est.
2450 4106 2656 4161 Altiora
2702 4107 2965 4163 Dominus
3017 4111 3219 4164 sanctis
3275 4113 3536 4179 apostolis
3575 4112 3762 4166 dedit:

2182 4195 2322 4248 unde
2375 4205 2430 4250 et
2472 4196 2692 4250 eosdem
2745 4197 3012 4252 mandatis
3069 4200 3191 4252 vita:
3237 4199 3292 4253 in
3349 4211 3533 4256 monte
3586 4203 3765 4257 docuit

2184 4287 2398 4358 (Matth.
2424 4288 2500 4358 v).
2535 4289 2670 4342 Dum
2699 4305 2828 4344 vero
2878 4289 3207 4360 Redemptor
3227 4301 3410 4346 noster
3448 4309 3547 4363 per
3593 4295 3764 4349 Evan~

2181 4379 2378 4448 gelium
2430 4381 2561 4434 dicit
2590 4396 2602 4434 :
2634 4399 2651 4431 ι
2690 4379 2864 4435 Nolite
2897 4391 3087 4451 putare
3124 4384 3378 4452 quoniam
3408 4386 3528 4439 veni
3561 4386 3763 4440 solvere

2182 4469 2351 4537 legem
2394 4477 2486 4521 aut
2516 4469 2838 4538 prophetas,
2888 4485 2994 4524 non
3022 4472 3141 4526 veni
3189 4472 3417 4537 solvere,
3466 4476 3558 4528 sed
3604 4477 3765 4529 adim-

2181 4557 2327 4626 plere
2359 4558 2566 4630 (Ibid.).
2601 4579 2618 4609 ι
2667 4561 2971 4628 Adimplere
3017 4562 3186 4630 legem
3221 4575 3441 4618 venerat
3496 4567 3588 4635 qui
3637 4567 3761 4636 legis

499 4646 786 4703 dicationis
818 4652 1018 4706 lumine
1065 4653 1356 4718 illustrant,
1397 4657 1550 4725 signa
1593 4656 1817 4722 faciunt,
1850 4659 2077 4714 virtutes

2182 4645 2400 4713 iustitiae
2447 4651 2678 4718 gratiam
2725 4651 2977 4705 addidit:
3014 4662 3072 4705 ut
3101 4655 3260 4740 quod
3311 4654 3398 4708 illa
3436 4656 3662 4725 jubebat
3709 4658 3760 4709 in

499 4748 812 4808 operantur.
841 4740 944 4796 Per
965 4743 1066 4796 hoc
1094 4743 1233 4811 quod
1266 4758 1452 4797 eorum
1477 4746 1613 4799 bona
1651 4746 1804 4801 nobis
1829 4748 1974 4803 foras
1999 4750 2077 4801 in-

501 4837 824 4893 notescunt,
883 4845 986 4884 non
1037 4831 1307 4890 immerito
1377 4835 1538 4905 hujus
1583 4837 1820 4892 cmlestis
1864 4839 2077 4892 aediﬁcii

501 4919 708 4973 frontes
748 4927 1012 4973 vocantur
1040 4942 1048 4970 ;
1075 4935 1235 4975 omne
1266 4923 1410 4976 enim
1443 4926 1582 4991 quod
1611 4941 1753 4980 nunc
1799 4927 1851 4980 in
1892 4939 2079 4995 aperto

502 5009 805 5062 ostenditur
832 5007 983 5062 frons
1019 5019 1120 5074 est,
1160 5019 1217 5063 ut
1256 5012 1386 5066 illud
1413 5013 1484 5067 sit
1513 5015 1833 5069 vestibulum
1862 5018 2073 5072 aedilicii

505 5099 647 5169 quod
683 5100 835 5154 nobis
858 5102 1083 5157 interius
1105 5112 1436 5158 reservatur.
1463 5104 1718 5174 Sequitur
1743 5125 1755 5160 :

580 5214 596 5243 ι
637 5193 699 5247 Et
729 5209 945 5248 mensus
973 5205 1056 5249 est
1083 5196 1422 5251 latitudinem
1466 5198 1664 5252 liminis
1693 5208 1862 5268 porta:
1890 5201 2074 5255 decem

513 5301 529 5331 I
569 5284 894 5349 cubitorum,
937 5295 993 5338 et
1029 5284 1416 5354 longitudinem
1454 5294 1622 5354 porta:
1651 5287 1905 5341 tredecim
1932 5289 2078 5342 cubi-

510 5393 527 5424 ‹
568 5384 761 5428 torum.
799 5393 817 5424 ι
851 5373 1116 5445 (Ηὶενοη.)
1150 5374 1364 5430 Mensus
1385 5386 1468 5430 est
1504 5391 1715 5445 quoque
1744 5377 2076 5433 latitudinem

506 5462 707 5516 liminis
754 5472 921 5531 portae
968 5464 1150 5517 decem
1192 5466 1492 5518 cubitorum
1546 5466 1634 5534 qui
1677 5466 1948 5536 perfectus
1999 5477 2083 5521 est

510 5569 785 5619 numerus,
829 5564 881 5608 et
911 5553 996 5607 vel
1051 5554 1304 5624 decaIOgo
1339 5556 1698 5621 contineatur,
1729 5557 1812 5612 vel
1851 5572 2081 5626 evange-

508 5644 700 5696 liorum
753 5654 986 5712 quatuor
1027 5653 1366 5699 sacramento
1414 5646 1504 5713 qui
1550 5646 1617 5699 ab
1667 5661 1773 5700 uno
1820 5647 2082 5714 incipiens

510 5737 579 5790 ita
610 5739 673 5792 ad
707 5746 936 5810 quatuor
958 5737 1200 5806 pervenit
1230 5747 1286 5790 ut
1330 5737 1610 5791 denarium
1644 5739 1862 5808 impleat
1897 5755 2081 5793 nume-

2186 4738 2442 4803 minimis,
2475 4741 2586 4807 ipse
2615 4740 2804 4808 perﬁci
2837 4738 3118 4813 adjuvarct
3154 4745 3206 4797 in
3253 4748 3479 4802 summis
3504 4763 3519 4801 :
3544 4757 3597 4802 et
3627 4751 3762 4816 quod

2185 4829 2271 4882 illa
2301 4833 2590 4884 coercebat
2629 4833 2696 4885 ab
2728 4848 2909 4902 Opere,
2954 4837 3068 4904 ipse
3098 4851 3366 4893 resecaret
3396 4855 3427 4893 a
3457 4843 3637 4895 corde.
3685 4841 3763 4894 im

2186 4927 2395 4980 tellecta
2425 4942 2555 4997 ergo
2600 4929 2684 4985 lex
2713 4943 2833 4998 quae
2865 4929 2916 4981 in
2962 4927 3242 4984 latitudine
3279 4931 3472 5000 jacuit,
3507 4933 3559 4986 in
3588 4933 3767 4987 altitu-

2184 5018 2308 5070 dine
2347 5019 2601 5071 surrexit.
2651 5019 2766 5088 lpsa
2795 5019 2938 5072 enim
2979 5016 3074 5072 Dei
3104 5021 3342 5089 cognitio
3367 5036 3486 5090 quae
3529 5024 3666 5092 apud
3704 5022 3767 5075 il-

2184 5109 2291 5161 lam
2321 5108 2373 5160 in
2400 5109 2736 5177 spiritalibus
2760 5111 3005 5180 patribus
3032 5109 3149 5175 fuit,
3180 5125 3308 5165 nota
3341 5114 3486 5166 omni
3521 5112 3763 5168 Hebr-teo-

2185 5212 2305 5250 rum
2351 5198 2549 5266 populo
2590 5215 2692 5252 non
2745 5199 2846 5252 fuit
2886 5215 3053 5252 :nam
3105 5201 3530 5269 omnipotentem
3575 5201 3760 5260 Deum.

2186 5295 2430 5339 sanctam
2461 5287 2711 5341 videlicet
2741 5287 3077 5349 Trinitatem,
3112 5304 3234 5341 cum
3264 5291 3541 5358 propheta:
3568 5290 3760 5360 pradi—

2187 5387 2395 5443 carent,
2434 5379 2666 5447 populus
2715 5380 2995 5449 ignorabat
3022 5399 3032 5432 :
3057 5380 3227 5433 solum
3266 5382 3587 5452 Decalogum
3620 5392 3764 5434 tene—

2188 5467 2278 5520 bat
2301 5467 2353 5520 in
2386 5467 2576 5537 legem,
2618 5468 2777 5522 ﬁdem
2809 5469 3088 5522 Trinitatis
3118 5472 3384 5525 nesciens.
3430 5471 3765 5525 Mensuretur

2184 5573 2314 5625 ergo
2343 5557 2571 5613 latitudo
2610 5559 2808 5611 liminis
2834 5569 3002 5627 porta:
3047 5560 3231 5614 decem
3272 5561 3490 5623 cubitis,
3520 5560 3640 5628 quia
3673 5557 3764 5611 du-

2187 5667 2280 5705 rus
2314 5651 2398 5704 ille
2426 5652 2649 5720 populus
2692 5653 3041 5706 subtilitatem
3086 5651 3204 5705 ﬁdei
3239 5653 3513 5723 ignorans.
3543 5651 3762 5703 manda-

2188 5743 2253 5794 tis
2306 5745 2576 5796 serviebat
2620 5743 2879 5813 det-alogi.
2939 5743 3278 5796 ilensutetur
3324 5759 3453 5797 vero
3497 5740 3762 5810 longitudo
