3950 6318
526 385 628 441 till?

1156 381 1214 435 Β.
1258 377 1510 434 ΙιιιιιειΝι
1552 374 1770 431 MAURI
1808 369 2126 427 ARCHIEP.
2173 366 2476 424 MOGUNT.
2518 365 2806 424 OPERUM
2847 365 3024 421 PARS
3067 365 3128 421 ll.

3696 361 3794 416 908

518 499 608 565 qui
635 495 861 566 perﬁcit.
895 492 1044 547 Tunc
1079 492 1277 546 etenim
1320 492 1489 562 legent
1522 487 1770 559 perfecit,
1802 500 1923 540 cum
1959 484 2100 537 sicut
2129 488 2173 545 Α
2203 480 2345 542 bilis,
2401 481 2452 534 itt
2504 489 2694 535 natura
2743 489 2926 534 nostra
2967 476 3349 548 comprehendi
3392 476 3650 546 dignatus
3684 485 3798 566 est.

517 588 598 640 lex
637 586 960 661 prmdixerat
1005 584 1320 637 incarnatus
1369 579 1636 650 apparuit.
1691 575 1799 631 Sed
1831 573 2003 628 adhuc
2035 574 2100 626 de

513 676 632 744 ejus
656 672 862 742 judicio
909 672 1077 726 multa
1130 669 1338 725 Novum
1388 669 1792 744 'festatttentnm
1839 665 2096 732 loquitur.

512 767 705 821 Adhuc
747 764 914 819 multa
959 763 1025 816 de
1067 777 1234 832 regno
1279 761 1422 815 illius
1468 766 1672 822 narrat,
1706 773 1827 824 quae
1871 755 2099 809 necdum

514 856 761 910 videmus
784 854 1022 924 impleta.
1057 852 1196 906 Ecce
1231 850 1470 921 quotidie
1499 847 1846 918 Evangelium
1882 844 2098 916 legitur,

506 956 745 1003 ventura
772 947 881 999 vita
915 943 1259 1014 prtedicatur.
1299 941 1448 995 Tunc
1475 955 1605 1010 ergo
1626 939 1732 993 erit
1753 946 1808 992 ct
1837 936 1970 990 Novi
1993 935 2099 990 Tc-

515 1039 768 1094 stamenti
798 1037 940 1102 ﬁnis,
974 1051 1096 1090 cum
1120 1049 1180 1089 ca
1207 1050 1327 1104 qua:
1353 1033 1418 1089 de
1443 1047 1502 1088 se
1541 1029 1809 1102 promisit,
1842 1028 2100 1098 impleve-

515 1131 606 1184 rit.
641 1128 856 1183 Finitur
880 1141 1010 1181 vero
1039 1125 1441 1192 Testamentum
1475 1121 1682 1176 Novum
1714 1120 1856 1190 quod
1883 1118 2099 1189 perﬁci.

520 1229 608 1274 tnr
637 1238 649 1272 :
675 1233 800 1274 nam
849 1230 974 1271 eum
1019 1215 1132 1286 ipse
1168 1213 1233 1270 de
1280 1228 1386 1282 quo
1441 1211 1681 1281 loquitur
1724 1209 1875 1263 visus
1915 1205 2100 1270 fuerit,

515 1310 752 1380 ejusdem
779 1307 1113 1363 Testamcnti
1144 1305 1302 1360 verba
1334 1305 1642 1359 cessabunt.
1672 1301 1891 1355 Dicatur
1922 1299 2103 1368 itaque

515 1401 583 1455 de
631 1398 817 1453 limine
844 1406 900 1450 et
939 1405 1115 1466 porta,
1151 1413 1168 1445 ‹
1202 1404 1257 1449 et
1297 1393 1512 1449 cubitus
1549 1406 1688 1445 unus
1728 1389 1852 1444 linis
1889 1396 2100 1443 utrum-

511 1507 637 1562 que.
672 1510 689 1542 ι
721 1480 855 1556 Quia
899 1504 1020 1543 cum
1067 1506 1084 1538 ι
1115 1501 1255 1541 unus
1285 1485 1549 1540 mediator
1588 1481 1680 1538 Dei
1729 1489 1781 1537 et
1823 1479 2101 1534 hominum

512 1584 677 1638 homo
709 1580 868 1641 .lestts
916 1577 1168 1633 Christus
1191 1576 1242 1648 (1
1268 1575 1401 1629 Tim.
1431 1573 1492 1645 ιι)
1524 1593 1541 1626 t
1578 1574 1632 1628 in
1674 1571 1960 1641 majestate
2004 1585 2102 1624 sua

514 1671 844 1743 apparuerit,
877 1665 1059 1724 o'mnia
1091 1669 1375 1737 utriusque
1404 1663 1736 1719 Testatnenti
1765 1677 1886 1732 qttze
1909 1661 2103 1732 prtedi-

512 1774 600 1816 eta
635 1771 690 1816 et
734 1760 998 1830 promissa
1035 1767 1162 1813 sunt
1208 1755 1513 1827 complevit.
1564 1753 1660 1809 Sin
1708 1769 1838 1809 vero
1875 1762 2103 1822 utraque

2205 588 2269 625 ac
2299 569 2555 640 flagellari
2585 585 2603 620 :
2630 573 2756 640 quia
2811 570 2913 624 nisi
2962 569 3052 638 qui
3084 577 3203 623 erat
3231 567 3599 637 omnipotens,
3648 559 3798 619 inﬁr-

2205 664 2407 714 tnitatis
2438 670 2638 715 nostra:
2666 671 2911 725 naturam
2940 661 3263 730 susciperet,
3293 655 3570 728 nunquam
3601 673 3700 711 nos
3731 655 3798 710 ad

2196 767 2313 816 suae
2341 750 2671 805 fortitudinis
2699 751 2993 818 potentiam
3022 750 3348 804 sublevaret.
3385 747 3453 804 Ut
3481 763 3612 818 ergo
3635 748 3798 801 faciat

2203 857 2339 910 Opus
2365 856 2545 906 suum,
2573 841 2805 894 alienum
2832 855 2967 908 opus
2991 839 3130 908 ejus,
3178 850 3232 893 ct
3279 849 3336 893 ut
3377 847 3634 908 operetur
3661 853 3800 906 opus

2205 948 2384 996 suum,
2409 933 2754 1004 peregrinum
2777 940 2861 987 est
2887 947 3024 1002 Opus
3070 931 3186 999 ejus
3215 932 3282 985 ab
3331 947 3414 995 eo,
3444 932 3572 1000 quia
3610 931 3793 983 incar-

2206 1033 2368 1079 natus
2390 1023 2532 1078 Deus
2565 1033 2625 1076 ttt
2654 1038 2753 1078 nos
2796 1022 2872 1077 ad
2899 1034 3052 1078 suam
3077 1020 3349 1090 justitiam
3379 1019 3677 1093 colligeret,
3711 1021 3791 1074 di-

2205 1124 2401 1185 gnatus
2421 1128 2518 1184 pro
2547 1113 2705 1168 nobis
2733 1121 2817 1167 est
2856 1121 3113 1182 tanquam
3142 1123 3400 1182 peccator
3426 1097 3590 1166 honto
3622 1126 3796 1180 vapu-

2207 1203 2328 1267 lan',
2367 1211 2422 1258 et
2469 1203 2704 1257 alienum
2754 1217 2890 1272 opus
2930 1201 3080 1267 fecit,
3129 1211 3189 1256 ut
3237 1201 3443 1257 faceret
3475 1203 3797 1271 proprium:

2207 1295 2329 1365 quia
2362 1309 2459 1364 per
2482 1295 2584 1348 hoc
2613 1293 2756 1362 quod
2789 1293 3069 1347 inlirmans
3103 1291 3243 1346 mala
3295 1301 3480 1346 nostra
3519 1292 3797 1348 sustinuit.

2209 1401 2306 1438 nos
2327 1384 2418 1453 qui
2459 1393 2708 1438 creatura
2762 1382 2904 1437 illius
2951 1397 3158 1448 sumus,
3211 1382 3277 1436 ad
3322 1380 3656 1436 fortitudinis
3689 1396 3799 1435 sua:

2206 1479 2434 1548 gloriam
2459 1478 2732 1547 perduxit.
3804 1479 3806 1481 ’

2283 1587 2300 1620 ι
2335 1569 2580 1624 Thalami
2629 1576 2808 1622 autem
2866 1582 2962 1622 sex
3012 1565 3322 1621 cubitorum
3367 1574 3527 1621 erant
3570 1566 3699 1621 hinc
3747 1574 3800 1619 et

2212 1680 2230 1710 ι
2268 1659 2391 1714 inde
2445 1677 2462 1708 ι
2501 1657 2772 1729 (Ηίενοη.)
2801 1656 2906 1712 Sex
2937 1657 3248 1712 cubitorum
3281 1665 3532 1711 erantex
3572 1666 3796 1726 utraque

2206 1755 2361 1817 parte
2391 1746 2534 1814 quod
2569 1745 2768 1800 dicitur
2803 1747 2929 1800 hinc
2955 1755 3010 1799 ct
3039 1744 3163 1799 inde
3190 1763 3200 1798 :
3227 1754 3284 1800 et
3329 1761 3669 1815 nequaquam
3701 1747 3792 1799 ita-

515 1858 616 1911 ltoc
643 1856 761 1910 loco
786 1853 1084 1924 marginem
1114 1868 1178 1907 ac
1202 1850 1466 1905 thalamos
1491 1856 1775 1911 memorat,
1803 1842 1976 1916 neque
1998 1847 2100 1901 hoc
2134 1845 2176 1904 Β
2207 1836 2406 1889 hebant
2432 1835 2668 1905 palmum
2701 1850 2801 1890 nec
2825 1837 3114 1902 rationem,
3139 1837 3372 1906 desuper
3389 1836 3652 1898 additam,
3679 1852 3793 1904 qtza‘.

515 1949 583 2001 ah
620 1946 720 2001 hac
771 1947 1037 2001 sententia
1086 1945 1362 1998 abhorret.
1392 1942 1528 2010 Quia
1561 1957 1682 1995 cttm
1716 1956 1907 2011 magna
1940 1939 2105 2008 maje-

513 2048 628 2090 stas
658 2033 1033 2103 Redemptoris
1064 2033 1237 2086 nostri
1275 2031 1430 2086 nobis
1461 2031 1623 2085 fuerit
1649 2039 1887 2094 ostensa,
1922 2030 2106 2083 linitur

513 2127 668 2180 tides.
699 2123 832 2179 Cum
855 2122 966 2192 jam
1005 2122 1230 2193 eruperit
1258 2121 1443 2178 videre
1475 2123 1638 2176 homo
1665 2121 1807 2192 quod
1851 2123 2101 2186 credidit,

501 2225 569 2270 et
600 2215 667 2269 ad
707 2213 868 2268 ﬁnem
915 2228 1070 2267 suum
1100 2211 1424 2282 perveniunt.
1472 2211 1722 2278 thalami,
1778 2211 1904 2281 quia
1939 2211 2102 2266 corda

517 2303 755 2358 ﬁdelium
789 2299 1284 2371 incomparabiliter
1331 2300 1488 2370 longe
1539 2314 1702 2369 quam
1752 2301 1912 2356 modo
1955 2310 2102 2372 sunt,

516 2395 569 2447 itt
601 2405 787 2447 amore
813 2391 954 2446 illius
989 2391 1361 2459 perlieiuntur.
1395 2387 1622 2444 Cubitus
1649 2404 1778 2460 ergo
1805 2407 1944 2446 unus
1981 2391 2106 2446 ﬁnis

517 2495 808 2556 utrumque
835 2493 940 2549 est,
970 2483 1099 2554 quia
1129 2483 1292 2538 unius
1321 2481 1534 2537 Domini
1563 2491 1619 2537 et
1647 2482 1944 2539 Salvatoris
1966 2484 2103 2539 visio

517 2578 572 2631 in
610 2575 796 2630 electis
837 2574 950 2628 suis
995 2573 1153 2628 ﬁdem
1208 2572 1348 2639 ﬁnit,
1395 2565 1450 2629 et
1495 2573 1818 2629 charitatem
1870 2574 2100 2646 perﬁcit.

517 2666 875 2722 Considerare
907 2664 1038 2719 libet
1085 2664 1177 2735 qui
1228 2679 1326 2718 nos
1375 2679 1561 2720 sumus
1586 2667 1712 2736 quia
1755 2667 1860 2721 ista
1897 2676 2099 2722 tracta-

514 2751 656 2811 mus.
687 2753 847 2810 Certe
893 2769 959 2808 ex
1008 2753 1302 2824 gentilibus
1332 2754 1603 2822 venimus,
1654 2766 1802 2813 certe
1848 2767 2104 2827 parentes

513 2846 682 2902 nostri
713 2845 979 2917 lignorum
1011 2859 1075 2900 ac
1117 2843 1353 2914 lapidum
1384 2843 1622 2900 cultores
1672 2844 1907 2900 fuerunt.
1950 2845 2102 2901 Unde

511 2953 644 3008 ergo
672 2938 773 2992 hoc
822 2937 978 2992 nobis
1017 2945 1076 2990 ut
1108 2952 1174 2992 ea
1210 2950 1333 3007 qute
1363 2953 1513 2992 nunc
1539 2953 1710 3009 usque
1755 2939 1965 2995 Hebraei
2009 2955 2102 2994 ne-

511 3031 710 3095 sciunt,
763 3028 1062 3083 Ezechielis
1110 3028 1381 3098 prepheta:
1413 3037 1524 3083 tam
1581 3029 1845 3100 profunda
1896 3043 2102 3102 myste—

505 3123 594 3177 ria
643 3121 940 3176 rimantur?
970 3120 1208 3190 Agamus
1232 3135 1362 3190 ergo
1389 3122 1594 3192 gratias
1635 3123 1729 3177 uni
1766 3123 1858 3192 qui
1909 3132 2100 3178 cuneta

2209 1936 2529 1996 prtesentetn
2554 1922 3020 1981 conversationem
3054 1927 3120 1981 ad
3143 1927 3377 1981 futuram
3410 1927 3791 1982 beatitudinem

2210 2030 2555 2087 provocaret,
2587 2017 2680 2073 sed
2709 2027 2918 2072 tantum
2961 2033 3058 2074 sex
3087 2020 3290 2073 cubita.
3329 2018 3482 2073 Unde
3510 2019 3754 2086 sequitur
3780 2038 3789 2066 -.

2286 2133 2304 2164 ι
2345 2113 2410 2166 Ει
2440 2127 2660 2167 mensus
2687 2120 2766 2166 est
2801 2119 3013 2181 portam
3040 2127 3069 2167 a
3104 2121 3247 2167 tecto
3285 2111 3504 2166 thalami
3537 2125 3709 2180 usque
3731 2113 3792 2161 ad

2215 2224 2232 2257 ι
2271 2213 2469 2259 tectum
2504 2205 2619 2260 sive
2646 2205 2914 2274 parietem
2941 2205 3079 2275 ejus.
3116 2224 3135 2258 ι
3172 2203 3238 2258 Et
3267 2205 3474 2259 invenit
3502 2199 3794 2256 latitudinis

2209 2296 2401 2366 viginti
2431 2303 2487 2350 et
2515 2295 2755 2365 quinque
2797 2295 2978 2350 cubita
3005 2295 3096 2365 qui
3123 2304 3175 2349 et
3205 2295 3320 2365 ipse
3358 2307 3640 2357 numerus,
3671 2291 3792 2346 licet

2208 2386 2447 2457 quadrus
2479 2385 2565 2448 sit,
2603 2393 2784 2440 tamen
2816 2384 3052 2439 refertur
3082 2385 3149 2439 ad
3177 2401 3389 2441 sensus.
3431 2383 3490 2439 Si
3513 2382 3656 2437 enim
3678 2382 3798 2450 qui-

2208 2491 2307 2531 nos
2333 2475 2544 2530 cubitos
2578 2483 2767 2529 contra
2798 2489 2857 2530 se
2884 2473 3171 2543 quinquies
3211 2473 3578 2536 ordinaveris,
3612 2472 3802 2526 vicesi-

2208 2584 2356 2623 mum
2385 2569 2632 2638 quintum
2690 2579 2976 2622 numerum
3012 2564 3231 2634 ellicies,
3263 2567 3357 2637 qui
3401 2574 3490 2620 est
3538 2564 3682 2620 inter
3724 2575 3797 2618 te.

2207 2671 2355 2714 ctum
2386 2658 2833 2714 thalamorum-et
2863 2666 3068 2713 tectum
3093 2671 3109 2710 :
3134 2665 3192 2712 et
3236 2664 3415 2710 tamen
3442 2665 3739 2724 utrumque
3767 2670 3797 2709 e

2210 2754 2431 2824 regione
2456 2752 2540 2806 sui
2571 2751 2806 2822 positum
2831 2766 2860 2805 a
2887 2749 3115 2806 summis
3136 2749 3382 2818 partibus
3412 2747 3575 2801 habet
3596 2747 3795 2802 ostium

2209 2855 2401 2900 contra
2429 2845 2650 2899 ostium.
2696 2843 2822 2898 llatc
2868 2858 2975 2899 non
3023 2842 3212 2898 frivola
3244 2842 3679 2897 videanturesse
3721 2840 3794 2892 lc-

2207 2936 2370 3001 etori,
2415 2935 2542 2991 licet
2569 2943 2626 2989 et
2661 2935 2791 2989 mihi
2838 2935 2940 3004 ipsi
2984 2934 3129 2990 dicta
3163 2926 3518 3004 displiceant,
3555 2932 3797 2987 sentiens

2209 3039 2295 3079 me
2325 3025 2570 3079 clausam
2597 3024 2814 3095 pulsare
2845 3023 3070 3092 januam
3095 3042 3108 3077 :
3135 3024 3230 3078 sed
3263 3023 3488 3094 legenda
3542 3037 3664 3078 cunt
3704 3037 3794 3078 vc-

2208 3117 2297 3170 nia
2345 3123 2506 3178 Sunt;
2567 3115 2805 3191 alioquin
2859 3115 3008 3186 potui
3059 3113 3378 3184 simpliciter
3428 3115 3793 3184 ignorantiam

512 3227 633 3281 quze
661 3211 728 3267 de
751 3211 899 3266 eoin
931 3223 1089 3266 sacro
1131 3211 1346 3281 eloquio
1387 3190 1587 3282 scripta
1621 3190 1958 3285 suun—Opere
1995 3217 2097 3269 im-
2129 3225 2172 3286 ρ
2207 3204 2487 3270 conﬁteri,
2534 3190 2593 3260 et
2637 3190 2801 3260 omne
2848 3202 3215 3260 studiosorum
3261 3214 3545 3273 amputare
3586 3203 3796 3258 deside-

513 3302 701 3373 plcvit,
739 3311 802 3357 ut
839 3318 959 3372 qua:
990 3301 1211 3373 intelligi
1259 3303 1442 3358 audita
1484 3318 1589 3359 non
1618 3314 1928 3375 potuerunt,
1981 3307 2096 3362 visa

510 3393 900 3464 panderentttr.
930 3392 1002 3447 lbi
1031 3393 1228 3463 quippe
1283 3393 1609 3460 incarnatio,
1663 3396 1736 3450 ibi
1780 3397 1983 3466 passio,
2026 3399 2099 3453 ibi

514 3499 680 3549 mors,
714 3484 786 3538 ibi
815 3484 1164 3548 resurrectio,
1207 3484 1277 3538 ibi
1316 3489 1564 3543 ascensio
1593 3489 1736 3545 illius
1768 3493 2096 3547 continetur.

515 3571 626 3628 Sed
652 3573 773 3642 quis
799 3582 1040 3628 nostrum
1073 3574 1188 3629 haec
1214 3575 1393 3632 audita
1419 3578 1683 3645 crederet,
1716 3580 1818 3636 nisi
1847 3580 1986 3638 facta
2009 3577 2101 3638 'co-

513 3665 807 3737 gnovissct.
863 3665 1145 3735 Sigttatum
1191 3680 1320 3736 ergo
1367 3667 1564 3724 librum
1607 3669 1746 3726 sicut
1775 3671 1830 3726 in
1879 3670 2101 3728 Joannis

519 3756 833 3826 Apocalypsi
864 3757 1062 3827 legitur
1084 3757 1268 3828 (Apoc.
1300 3757 1376 3830 ν),
1408 3774 1568 3829 quem
1595 3761 1808 3831 aperire
1838 3771 1894 3817 et
1921 3763 2101 3834 legere

516 3845 693 3902 nullus
722 3855 960 3915 poterat,
1004 3846 1088 3900 leo
1111 3847 1176 3901 de
1209 3848 1348 3902 tribu
1370 3847 1507 3904 Jttda
1537 3851 1768 3921 aperuit,
1797 3853 1888 3921 qui
1918 3855 2100 3907 omnia

514 3937 633 4006 ejus
656 3939 810 3992 nobis
843 3939 1098 4008 mysteria
1125 3939 1176 3992 in
1204 3954 1298 3994 sua
1337 3943 1736 3998 resurrectione
1762 3958 1826 3998 ac
1851 3943 2102 4014 passimte

517 4029 766 4102 patefecit
795 4049 805 4083 :
832 4040 887 4084 et
916 4046 1011 4099 per
1049 4030 1150 4084 hoc
1184 4031 1327 4100 quod
1372 4032 1702 4087 inﬁrmitatis
1730 4043 1930 4089 nostrae
1962 4035 2100 4088 tnala

515 4121 756 4192 pertulit,
789 4136 900 4176 sua:
925 4122 1079 4176 nobis
1104 4107 1358 4190 potentiae
1386 4137 1449 4176 ac
1481 4121 1742 4177 claritatis
1777 4125 1916 4177 bona
1952 4140 2103 4178 mon-

518 4213 732 4269 stravit.
764 4213 902 4267 Caro
944 4213 1090 4267 enim
1138 4212 1313 4267 factus
1356 4222 1416 4266 ιιι
1445 4230 1543 4269 nos
1588 4215 1860 4284 spiritales
1899 4216 2104 4270 faceret

516 4306 748 4376 benigne
785 4305 1076 4359 inclinatus
1120 4312 1204 4359 est
1234 4312 1294 4358 ttt
1329 4305 1555 4369 levaret,
1596 4307 1728 4360 exiit
1762 4314 1822 4361 ttt
1855 4307 2100 4363 introdu-

519 4409 689 4456 ceret.
724 4399 963 4455 Visibilis
1007 4399 1283 4470 apparuit,
1316 4407 1374 4453 ut
1416 4399 1708 4453 invisibilia
1749 4411 2098 4455 monstraret.

518 4491 751 4562 Flagella
776 4490 1017 4560 pertulit,
1043 4500 1104 4544 ut
1148 4498 1386 4546 sanaret.
1414 4491 1711 4561 Opprobria
1739 4499 1791 4546 et
1824 4491 2104 4548 irrisioncs

2204 3297 2366 3350 rium.
2395 3293 2550 3350 Sicttt
2585 3296 2731 3350 enim
2758 3311 2786 3348 a
2819 3294 3059 3365 perfecta
3094 3295 3320 3365 scientia
3357 3295 3546 3366 procul
3582 3310 3790 3358 sumus,

2202 3386 2428 3442 lenioris
2456 3385 2628 3456 culpae
2659 3384 2992 3440 arbitramur
3031 3385 3222 3440 saltem
3259 3400 3452 3456 parum
3481 3399 3644 3455 quam
3681 3400 3796 3439 om-

2204 3477 2332 3530 nino
2361 3475 2496 3530 nihil
2527 3476 2725 3530 dieere.
2759 3473 2962 3547 (Greg.)
3004 3475 3314 3530 Memoratis
3340 3475 3593 3544 superius
3632 3473 3794 3530 thala-

2203 3570 2308 3625 mis
2353 3569 2615 3640 propheta
2660 3569 3022 3640 subjungitzt
3056 3567 3301 3624 Thalami
3348 3583 3441 3623 sex
3485 3568 3791 3622 cubitorum

2203 3671 2363 3720 erant
2385 3664 2512 3719 hinc
2540 3671 2595 3717 et
2625 3663 2769 3718 inde.
2805 3682 2823 3715 ι
2855 3662 2972 3730 Qua
2997 3662 3050 3716 in
3077 3677 3136 3716 re
3159 3676 3348 3732 magna
3379 3660 3538 3716 nobis
3562 3662 3792 3731 qtuestio

2204 3766 2512 3828 generatur,
2542 3771 2641 3810 cur
2671 3754 2920 3823 superius
2950 3753 3252 3816 thalamum
3275 3767 3384 3806 uno
3409 3751 3620 3808 calamo
3649 3767 3790 3805 uten-

2205 3858 2448 3903 suratum
2481 3848 2620 3902 dixit
2654 3866 2665 3899 :
2694 3862 2855 3916 quem
2891 3846 3142 3901 videlicet
3186 3845 3456 3901 calamum
3507 3861 3597 3899 sex
3639 3845 3785 3898 cubi-

2207 3950 2311 4005 tos,
2362 3952 2416 3994 et
2458 3940 2697 4011 palmum
2736 3938 2955 3994 habere
2999 3939 3292 4008 perhibuit,
3345 3947 3509 4007 atque
3562 3937 3788 3991 inferius

2208 4031 2477 4086 thalamus
2529 4030 3016 4085 sex‘solummodo
3059 4029 3414 4084 dicit'cubitis
3464 4030 3782 4084 tnensnrari.

2207 4122 2263 4177 Si
2295 4121 2438 4176 enim
2485 4137 2593 4175 non
2640 4119 2869 4184 calamo,
2909 4119 3003 4174 sed
3052 4135 3143 4175 sex
3199 4120 3399 4176 cubitis
3444 4128 3788 4174 tnettsuratttr

2204 4212 2436 4282 palmus,
2469 4212 2621 4267 deest
2645 4213 2736 4282 qui
2765 4212 3013 4282 superius
3052 4214 3105 4266 in
3137 4227 3389 4267 mensura
3421 4213 3620 4268 calami
3656 4210 3787 4268 dice-

2206 4306 2368 4358 batur
2396 4304 2604 4359 adesse.
2644 4303 2752 4358 Sed
2795 4304 2841 4358 si
2872 4303 3092 4358 thalami
3123 4309 3249 4356 sunt
3282 4317 3478 4378 sensus
3513 4312 3680 4374 atque
3703 4319 3784 4359 co-

2206 4394 2500 4465 gitationes
2534 4395 2771 4449 ﬁdeliunt
2807 4395 2857 4448 in
2887 4395 3083 4464 quibus
3099 4401 3269 4448 casta:
3295 4394 3494 4450 anima:
3522 4396 3784 4449 conditori

2209 4502 2307 4541 suo
2339 4487 2393 4540 in
2425 4501 2610 4541 amore
2629 4487 2948 4557 junguntur,
2979 4493 3033 4541 et
3064 4501 3160 4554 per
3188 4501 3280 4540 sex
3304 4486 3522 4542 cubitos
3550 4487 3783 4557 perfecta

519 4581 793 4643 sustinuit,
823 4591 884 4634 ut
909 4580 976 4633 ab
1007 4579 1297 4651 opprobrio
1325 4589 1530 4636 aeterno
1561 4575 1831 4648 liberaret,
1860 4592 2103 4638 mortuus
2134 4573 2181 4630 Ι)
2207 4579 2469 4648 operatio,
2492 4594 2588 4648 per
2607 4579 2843 4649 palmum
2865 4594 2995 4634 vero
3019 4578 3290 4634 inchoatio
3317 4571 3785 4649 contemplationis

519 4681 623 4734 cst,
656 4680 715 4725 ttt
738 4670 1055 4725 viviﬁcaret.
1089 4671 1326 4741 Agamus
1349 4686 1478 4744 ergo
1508 4674 1710 4743 gratias
1733 4673 2024 4728 viviﬁcanti
2050 4683 2103 4729 ct

522 4768 753 4823 mortuo,
804 4769 859 4814 et
907 4759 1028 4815 ideo
1075 4760 1305 4830 amplius
1343 4761 1634 4816 viviﬁcanti
1682 4764 1808 4832 quia
1869 4774 2098 4819 mortuo.

524 4847 677 4904 Unde
709 4855 764 4902 et
803 4847 942 4904 bene
988 4847 1220 4903 salutem
1247 4857 1489 4905 nostram
1532 4860 1586 4906 et
1623 4853 1928 4922 passionem
1961 4855 2102 4910 illius

519 4937 688 4992 Isaias
717 4936 1110 5008 contemplatus
1138 4938 1246 4992 ait:
1277 4957 1294 4988 ι
1325 4938 1395 4994 Ut
1425 4937 1585 4994 faciat
1605 4956 1739 5010 opus
1768 4956 1944 5007 suum,
1980 4944 2104 4997 alic-

521 5043 653 5083 ttutn
674 5042 809 5098 opus
839 5027 955 5096 ejus
986 5047 998 5082 :
1025 5039 1083 5083 ut
1111 5038 1363 5099 operetur
1382 5045 1516 5100 opus
1544 5047 1720 5097 suum,
1754 5034 2101 5102 peregrinum

517 5119 606 5174 est
633 5132 769 5188 opus
796 5116 911 5186 ejus
936 5119 1003 5174 ab
1032 5134 1096 5174 eo
1126 5118 1260 5190 (Isa.
1303 5120 1514 5189 xxvtn).
1547 5141 1566 5173 ι
1599 5121 1743 5192 Opus
1765 5123 1964 5177 etenim
2007 5123 2102 5178 Dei

523 5216 626 5271 est,
658 5208 864 5262 animas
888 5224 1024 5278 quas
1060 5209 1264 5262 creavit
1288 5209 1564 5282 colligere,
1614 5213 1682 5266 ad
1726 5221 1942 5268 aeternae
1970 5213 2104 5269 lucis

523 5299 717 5370 gaudia
747 5314 1021 5356 revocare.
1072 5300 1352 5371 Flagelluri
1379 5312 1559 5358 autem
1589 5313 1751 5374 atque
1791 5307 1962 5374 sputis
1999 5307 2103 5360 illi-

527 5387 655 5453 nlri,
683 5387 946 5459 crucillgi,
981 5389 1115 5444 mori
1146 5405 1207 5444 ac
1233 5392 1468 5462 sepeliri,
1496 5407 1602 5446 non
1633 5393 1735 5448 hoc
1767 5395 1819 5448 in
1852 5410 1946 5447 sua
1973 5395 2101 5449 sub-

527 5477 725 5534 stantia
750 5493 886 5548 opus
929 5478 1021 5532 Dei
1069 5476 1298 5551 est‘,‘,sed
1337 5497 1471 5550 opus
1517 5482 1752 5538 hominis
1780 5481 2100 5554 peceatoris,

527 5569 619 5640 qui
649 5570 761 5624 haec
785 5570 966 5624 omnia
1017 5572 1212 5625 meruit
1243 5587 1338 5641 per
1376 5583 1678 5641 peccatum,
1715 5593 1731 5626 ‹
1763 5577 1855 5630 sed
1883 5587 2102 5645 peccata

528 5668 712 5716 nostra
744 5659 856 5730 ipse
883 5661 1102 5730 pertulit
1148 5661 1200 5715 itt
1236 5677 1462 5731 corpore
1491 5679 1587 5719 suo
1615 5680 1774 5734 super
1811 5665 2010 5736 lignum
2040 5685 2052 5720 :
2081 5687 2097 5718 t

529 5759 583 5803 ct
609 5751 697 5805 nui
729 5753 782 5807 in
814 5762 1006 5808 natura
1039 5768 1135 5808 sua
1171 5762 1348 5808 manet
1385 5768 1601 5825 semper
1645 5757 2102 5825 incomprehensi-

2205 4668 2555 4739 exprimitur,
2603 4678 2803 4724 sancte
2858 4667 3180 4723 universalis
3230 4662 3490 4724 Ecclesia:
3533 4669 3788 4725 debemus

2207 4762 2446 4815 membra
2479 4760 2825 4829 conspicere;
2867 4767 2922 4815 et
2962 4759 3121 4815 citius
3162 4760 3468 4815 invenimus
3491 4761 3620 4831 quia
3649 4760 3787 4815 'sunt

2208 4850 2260 4902 itt
2292 4865 2354 4904 ea
2389 4849 2608 4904 thalami
2647 4865 2752 4904 uno
2781 4850 2992 4905 calamo
3019 4869 3030 4904 :
3058 4860 3112 4906 et
3142 4859 3268 4906 sunt
3298 4851 3391 4905 alii
3438 4866 3531 4907 sex
3557 4861 3787 4907 tantum-

2207 4939 2364 4995 modo
2390 4941 2589 4995 cubitis
2633 4942 2948 4996 mensurati.
2981 4941 3115 4996 Nam
3148 4942 3330 4998 fideles
3357 4943 3577 5013 quidam
3611 4945 3781 5000 omni-

2204 5039 2480 5101 potentem
2530 5033 2697 5087 Deum
2731 5034 2804 5087 ita
2840 5042 3046 5101 amant,
3090 5039 3149 5089 ttt
3193 5045 3247 5090 et
3278 5036 3330 5090 itt
3361 5051 3527 5106 opere
3564 5037 3782 5107 perfecti

2207 5124 2334 5189 sint,
2367 5132 2422 5178 et
2461 5125 2908 5195 centemplatione
2948 5129 3216 5196 suspensi.
3259 5127 3328 5183 Ili
3355 5127 3599 5198 profecto
3642 5127 3784 5182 cala-

2209 5233 2354 5272 mum
2400 5217 2450 5271 in
2517 5231 2768 5272 mensura
2823 5219 3024 5273 habent
3073 5237 3085 5272 ε
3140 5219 3265 5290 quia
3319 5229 3375 5276 et
3440 5235 3536 5275 sex
3577 5218 3782 5276 cubitos

2208 5310 2536 5380 operationis
2571 5351 2585 5375 ,
2641 5320 2695 5363 et
2765 5310 3000 5379 palmum
3077 5309 3550 5381 contemplationis
3616 5308 3784 5381 prtSsi-

2207 5400 2354 5454 dent.
2419 5399 2648 5466 Quidam
2697 5415 2825 5454 vero
2875 5400 3298 5470 omnipotentem
3351 5402 3567 5472 quidem
3621 5401 3782 5454 Deum

2208 5486 2473 5561 diligunt,
2543 5497 2596 5544 et
2652 5487 2873 5559 perfecti
2955 5489 3006 5543 itt
3085 5490 3242 5546 bonis
3306 5489 3559 5560 operibus
3629 5503 3784 5544 exer-

2207 5593 2438 5646 centur,
2497 5582 2591 5636 sed
2652 5591 2828 5636 tamen
2885 5581 3235 5649 contemplari
3296 5582 3412 5652 ejus
3467 5577 3784 5652 magnitudi-

2210 5686 2331 5724 nem
2381 5671 2644 5724 subtiliori
2694 5670 2963 5725 intellectu
3009 5671 3277 5724 nesciunt.
3332 5670 3532 5724 Amant
3574 5676 3782 5731 autem,

2209 5759 2301 5812 sed
2341 5759 2652 5829 investigari
2695 5762 2883 5832 gaudia
2929 5758 3045 5828 ejus
3089 5760 3350 5814 claritatis
3407 5761 3664 5832 ignorant.
3719 5755 3781 5812 lii
