3950 6346
207 385 315 440 909

1131 386 1485 442 COMMENT.
1532 386 1595 439 ΙΝ
1638 383 2090 439 EZEClllELEM.
2133 414 2195 421 —
2239 383 2366 436 LIB.
2412 381 2526 436 ΧΥ.

3370 385 3474 441 9R3

207 503 390 572 itaque
420 519 513 556 sex
557 503 768 557 eubitos
804 503 1040 567 habent,
1065 511 1120 556 et
1154 502 1390 571 palmum
1441 515 1544 555 non
1575 500 1794 562 habent,
1829 503 1870 558 Α
1901 495 2157 550 Judaieus
2184 495 2672 565 populus,serutus
2699 504 2782 551 est
2805 494 3117 566 grtitilis.Et
3140 495 3262 564 quia
3292 512 3484 550 omnes

206 595 339 663 quia
367 593 414 648 ei
441 592 554 662 jam
584 599 678 662 per
701 592 1130 662 ainuremjimcti
1160 600 1305 652 sunt,
1331 591 1424 644 sed
1452 607 1516 644 ex
1546 581 1793 643 contem-

207 673 447 755 platione
474 681 745 749 disjuncti.
773 682 874 748 Qui
907 691 1084 736 tamen
1128 681 1372 743 thalami,
1415 688 1533 748 post
1564 695 1798 733 comme-

207 765 572 831 morationein
609 773 776 827 cubili
806 773 963 826 unius
995 772 1120 825 hinc
1149 782 1201 824 et
1234 771 1356 825 inde
1405 787 1526 823 esse
1557 769 1797 822 referun-

209 877 321 930 tur,
347 865 470 935 quia
508 863 755 917 videlicet
777 865 828 916 iu
853 878 1036 916 amore
1065 859 1312 914 Auctoris
1343 876 1403 914 ac
1427 858 1798 926 Redemptoris

206 956 381 1012 nostri
416 955 602 1010 fideles
643 954 836 1008 animi:
865 969 926 1007 ex
959 953 1180 1008 Jurlaico
1229 952 1421 1021 populi)
1460 959 1510 1004 et
1558 967 1622 1003 ex
1673 968 1798 1021 gen—

209 1048 405 1102 tilitate
427 1054 810 1101 convenerunt.
840 1045 988 1100 Unde
1015 1044 1223 1098 etidcm
1257 1043 1796 1112 Redeinpturuoster,

205 1153 332 1193 cum
363 1133 526 1191 asello
567 1137 780 1198 sedens,
815 1133 1114 1189 Jerusalem
1147 1135 1408 1198 tenderet,
1457 1133 1595 1188 sicut
1624 1133 1798 1186 Evan-

205 1229 398 1300 gelista
431 1236 699 1281 testatur:
739 1245 756 1275 i
795 1225 941 1279 Multi
989 1225 1308 1279 vestimenta
1353 1239 1449 1278 sua
1491 1231 1798 1278 straverunt

205 1318 262 1373 in
291 1319 398 1382 via,
427 1318 514 1372 alii
545 1326 725 1372 autem
775 1317 989 1370 frondes
1015 1317 1295 1371 cedebant
1327 1315 1391 1370 de
1424 1314 1709 1368 arboribus
1744 1322 1798 1366 ct

204 1409 524 1463 sternebant
551 1408 602 1461 in
635 1409 717 1461 via
761 1425 774 1460 :
809 1417 860 1461 et
889 1407 978 1483 qui
1005 1407 1267 1474 pra-ibant
1296 1405 1469 1483 et_q'.ti
1498 1404 1797 1474 sequeban-

203 1485 693 1564 tur,'clamabant,
732 1477 1012 1552 dicentes:
1041 1497 1307 1557 llosanna,
1347 1476 1659 1550 benedictus
1705 1495 1794 1563 qui

204 1589 362 1643 venit
409 1589 462 1641 in
505 1588 726 1642 nomine
773 1587 979 1640 Domini
1037 1585 1252 1655 (.ll'rittli.
1302 1584 1449 1654 xvi).
1490 1603 1508 1635 ι
1545 1582 1796 1638 Salvator

203 1679 410 1735 etenim
461 1685 647 1732 noster
702 1677 866 1733 asello
923 1676 1151 1740 sedens,
1223 1673 1522 1729 Jorusalem
1582 1675 1791 1736 tendit,

204 1770 429 1840 quando
461 1767 879 1847 uniuscujusque
908 1767 1079 1822 fidelis
1102 1767 1336 1820 animam
1365 1781 1577 1836 regens,
1607 1766 1794 1820 videli-

1897 588 2076 650 Νηρεί,
2094 588 2306 655 sit-equi
2328 589 2384 640 in
2410 587 2589 640 Jlitltcll
2613 603 2730 641 esse
2754 597 3058 655 potuerunt,
3079 589 3192 640 sive
3218 587 3305 655 qui
3337 604 3483 640 tltltti‘.

1899 681 1949 731 in
1973 679 2059 730 lict
2081 679 2204 731 lesii
2225 679 2485 740 existunt,
2507 679 2856 732 mediatorem
2873 677 2965 731 Dei
2986 686 3038 731 ct
3067 679 3340 732 hominum
3357 695 3478 734 ere--

1897 771 2170 832 didcruiit,
2202 779 2255 821 et
2283 771 2510 823 crrdiiut
2541 771 2630 837 qui
2669 778 2928 838 prmctiut,
2965 777 3019 822 et
3041 769 3129 838 qui
3158 779 3480 838 sequuntur.

1900 860 2146 914 llasauna
2175 861 2479 914 (laniabant
2514 879 2522 911 :
2559 861 2807 914 llosanna
2858 868 3036 913 autem
3074 860 3231 914 latina
3279 861 3478 930 lingua,

1898 953 2178 1005 Salva'nos
2209 953 2422 1005 diritur.
2459 953 2537 1004 Ah
2584 952 2699 1020 ipso
2741 951 2882 1004 enim
2929 951 3154 1004 salutent
3189 960 3241 1004 et
3275 952 3481 1019 priores

1896 1046 2244 1113 quaxsierunt,
2264 1054 2315 1098 et
2343 1054 2636 1114 prirsentcs
2656 1052 2924 1112 qumrunt,
2951 1052 3002 1097 et
3027 1042 3363 1097 benedictum
3386 1044 3476 1113 qui

1899 1136 2041 1188 venit
2083 1136 2131 1188 iu
2166 1135 2381 1188 nomine
2418 1135 2626 1200 Dozaini
2658 1135 3003 1190 confitentur.
3055 1134 3298 1188 Thalami
3351 1149 3483 1203 ergo

1896 1225 2015 1293 ejus
2060 1225 2182 1278 hinc
2212 1233 2266 1276 et
2294 1224 2415 1277 inde
2447 1232 2569 1276 stitit
2599 1242 2610 1275 :
2647 1222 2769 1290 quia
2799 1224 2960 1276 corda
2994 1223 3288 1275 amantium
3323 1223 3479 1276 fidem

1897 1332 2014 1385 qua:
2039 1317 2089 1369 in
2121 1315 2210 1368 illo
2240 1322 2340 1376 est,
2375 1324 2428 1368 et
2456 1331 2482 1366 a
2511 1315 2868 1383 prioreparte
2892 1314 3097 1376 sa-euli,
3123 1323 3174 1367 et
3207 1314 3273 1366 ab
3298 1313 3483 1366 ultima

1897 1412 2330 1482 eoiiq‘tlrctiintur
2363 1429 2372 1461 :
2409 1430 2426 1459 ι
2479 1411 2540 1463 Et
2575 1424 2792 1463 turns-is
2822 1417 2926 1470 est,
2973 1407 3163 1476 inquit,
3211 1416 3415 1476 partem
3453 1423 3482 1458 a

1900 1510 2040 1554 tecto
2079 1501 2297 1554 thalami
2330 1516 2498 1569 usque
2522 1500 2587 1553 ail
2616 1508 2813 1553 lectum
2845 1497 2960 1566 ejus
2990 1497 3268 1550 latitudine
3297 1495 3484 1564 \iginti

1897 1599 1950 1642 et
1979 1591 2218 1660 quinque
2246 1590 2571 1644 cubitorum.
2617 1607 2634 1640 ι
2673 1586 2830 1657 δίκερε
2852 1587 2964 1655 jam
3005 1587 3236 1640 diximus
3269 1596 3482 1655 portam

1899 1681 2076 1745 fidem,
2109 1691 2163 1735 et
2209 1697 2314 1749 per
2339 1680 2582 1732 eamdem
2611 1678 2794 1740 iidem
2847 1679 3018 1747 ipsum
3048 1676 3344 1730 creatorem
3389 1691 3483 1729 no-

1896 1780 2069 1823 strum
2101 1771 2451 1823 mediatorem
2485 1769 2576 1822 Dei
2617 1780 2671 1822 et
2699 1768 2973 1821 hominum
2995 1765 3177 1821 Jesum
3207 1765 3482 1820 Christum

202 1871 298 1915 cet
321 1860 622 1930 jumentum
651 1875 827 1920 suum,
860 1858 925 1911 ad
950 1857 1096 1927 pacis
1131 1857 1333 1910 intimae
1356 1856 1615 1910 visionem
1646 1856 1790 1908 diuit
1823 1863 1864 1921 lt
1895 1877 2051 1930 posse
2078 1861 2299 1930 signari,
2319 1861 2442 1928 quia
2483 1875 2578 1928 per
2604 1858 2760 1912 fidem
2784 1874 2902 1928 qum
2927 1859 2976 1910 in
3002 1872 3074 1924 ,eo
3104 1864 3208 1919 est,
3235 1855 3485 1909 introitus.

199 1950 536 2020 iumentum;
563 1947 711 2003 sedet
731 1948 915 2012 etiam,
951 1965 1071 2001 cum
1095 1955 1296 2001 sancta:
1317 1946 1565 2000 ECCIEM‘!
1588 1946 1775 2000 univer

204 2040 399 2096 saliter
427 2038 942 2110 praesidet,camquc
961 2039 1013 2091 in
1029 2052 1280 2106 superna:
1303 2036 1450 2106 pacis
1474 2035 1797 2091 desiderium

205 2133 479 2188 accendit.
498 2131 644 2186 illiilli
671 2142 848 2185 autem
863 2129 1185 2184 vestimenta
1210 2112 1305 2182 sua
1341 2127 1396 2180 in
1418 2126 1502 2180 via
1529 2135 1792 2186 sternunt,

207 2225 343 2297 quia
386 2237 611 2290 corpora
651 2236 745 2274 sua
791 2233 885 2289 per
919 2220 1299 2274 abstinentiam
1343 2218 1616 2281 edomant,
1661 2222 1721 2270 ut
1743 2213 1796 2270 ei

211 2317 324 2371 iter
348 2315 414 2368 ad
451 2322 682 2367 mentem
711 2319 924 2380 parent,
962 2310 1045 2364 vel
1077 2308 1321 2378 exempla
1352 2310 1490 2363 bona
1522 2307 1792 2376 sequenti-

209 2407 321 2463 bus
347 2405 638 2474 praabeant.
675 2401 780 2456 Alii
820 2409 1001 2453 autem
1029 2397 1247 2453 frondes
1280 2398 1361 2452 vel
1409 2412 1588 2451 ramos
1614 2397 1678 2450 de
1703 2412 1794 2450 ar-

209 2497 438 2553 boribus
465 2493 676 2550 caedunt
701 2499 756 2546 et
793 2499 1044 2546 sternunt
1074 2489 1129 2542 in
1155 2489 1275 2543 via:
1319 2487 1444 2556 quia
1478 2488 1530 2540 in
1556 2487 1799 2542 doctrina

209 2586 464 2644 veritatis
488 2585 654 2639 verba
699 2592 861 2651 atque
912 2580 1210 2636 sententias
1249 2579 1468 2638 Patrum
1508 2593 1574 2632 ex
1613 2591 1800 2633 eorum

207 2675 433 2745 eloquio
460 2681 778 2743 excerpunt,
803 2674 985 2726 ethice
1003 2671 1055 2724 in
1083 2671 1168 2723 via
1193 2669 1285 2724 Dei
1318 2669 1383 2723 ad
1403 2669 1663 2723 auditoris
1685 2667 1802 2720 ani-

212 2781 366 2822 mum
382 2763 647 2819 venientis
669 2760 855 2816 humili
872 2759 1253 2830 prazdicatione
1274 2759 1627 2814 submittunt:
1656 2758 1796 2826 quod

211 2858 425 2928 indigni
453 2871 666 2926 quoque
703 2864 758 2909 et
785 2869 884 2908 nos
915 2853 1073 2908 modo
1105 2852 1347 2906 facimus.
1379 2850 1514 2904 Nam
1545 2867 1666 2906 cum
1693 2851 1795 2904 Pa-

208 2956 362 3002 trum
375 2946 668 3002 sententias
688 2945 742 2999 in
764 2959 1014 2999 sermone
1037 2940 1431 2998 exhortationis
1446 2942 1791 3004 assumimus,

209 3036 438 3094 frondes
465 3037 531 3091 de
564 3037 848 3091 arboribus
882 3034 1158 3098 caadimus,
1188 3042 1247 3088 ut
1277 3034 1378 3088 has
1423 3033 1476 3086 in
1511 3031 1592 3085 via
1620 3031 1794 3085 omni-

208 3132 452 3204 potentis
479 3129 692 3184 Domini
713 3139 1038 3183 steriiamus.
1073 3124 1182 3180 Sed
1212 3125 1302 3194 qui
1332 3124 1599 3194 praeibam
1626 3129 1681 3176 et
1701 3121 1793 3191 qui

1901 1956 1966 2008 ad
1991 1954 2152 2006 vitam
2186 1961 2348 2020 patet.
2396 1953 2501 2006 Sed
2538 1953 2700 2006 etiam
2752 1950 3086 2018 Scripturaui
3117 1937 3328 2001 sacram
3366 1962 3483 2014 qiue

1901 2045 2054 2097 nobis
2092 2043 2338 2097 eamdem
2391 2043 2562 2110 ipsam
2623 2042 2781 2095 fidem
2815 2040 2866 2092 in
2900 2035 3281 2107 Redemptoris
3315 2035 3484 2088 nostri

1900 2134 2225 2188 intellectum
2257 2133 2448 2201 aperit,
2484 2147 2588 2186 non
2614 2129 2886 2184 immerito
2915 2135 3124 2198 portam
3158 2124 3481 2193 accepimus.

1899 2226 2032 2293 Quia
2078 2240 2141 2280 ea
2171 2209 2465 2293 utbpnrtct
2494 2223 2732 2294 cognita,
2767 2222 2833 2274 ad
2863 2219 3205 2289 intelligenda
3253 2215 3484 2271 visibilia

1899 2317 2162 2370 intramus
2201 2334 2213 2369 :
2256 2314 2419 2370 Porta
2453 2325 2688 2384 quoque,
2733 2314 2919 2377 idest,
2967 2327 3180 2368 sacrum
3213 2309 3483 2379 eloquium

1899 2407 2061 2461 habet
2092 2416 2313 2472 tectum,
2346 2406 2472 2475 quia
2519 2405 2748 2460 necdum
2793 2403 2973 2458 omnia
3003 2410 3290 2472 penetrare
3332 2400 3484 2454 intel-

1898 2494 2037 2549 lectu
2065 2510 2355 2564 possumus
2378 2497 2443 2549 de
2473 2495 2785 2549 ca‘lestibus
2807 2493 3076 2547 audimus.
3127 2490 3313 2544 Restat
3335 2504 3483 2560 ergo,

1898 2588 2034 2641 utin
2062 2588 2146 2642 his
2172 2604 2290 2658 qua:
2328 2587 2697 2658 intelligimus,
2738 2586 2789 2638 in
2817 2585 3061 2654 profectu
3092 2583 3331 2652 quotidie
3355 2582 3485 2636 cha-

1899 2680 2074 2735 ritatis
2105 2680 2462 2734 ambulemus.
2499 2678 2563 2732 Et
2583 2678 2831 2748 quamvis
2862 2677 2914 2730 in
2953 2675 3105 2730 nobis
3125 2667 3358 2744 proximi
3389 2688 3487 2726 no-

1897 2772 1998 2826 stri
2043 2787 2147 2826 non
2197 2771 2412 2824 videant
2438 2778 2696 2839 quantum
2727 2768 3016 2838 diligantur
3042 2782 3072 2820 a
3106 2766 3288 2831 nobis,
3324 2773 3486 2835 atque

1897 2862 1949 2916 in
1979 2875 2135 2916 sacro
2161 2861 2402 2930 eloquio,
2448 2877 2510 2915 ea
2539 2875 2660 2930 qua:
2695 2860 2926 2914 necdum
2953 2857 3333 2927 intelligimus,
3383 2857 3482 2910 hu-

1892 2953 2098 3008 militer
2137 2967 2478 3014 veneramur,
2509 2952 2561 3005 in
2589 2951 2677 3005 his
2703 2958 2881 3004 tamen
2910 2949 2972 3002 ad
2997 2965 3116 3018 qua:
3144 2947 3488 3016 intelligendo

1894 3041 2279 3112 pervenimus,
2312 3041 2540 3098 dilatare
2588 3056 2686 3111 per
2725 3040 2921 3094 bonam
2977 3038 3343 3108 operationem
3397 3035 3488 3090 de-

1898 3132 2088 3187 bemus
2124 3149 2136 3185 :
2171 3131 2246 3186 De
2288 3145 2395 3201 quo
2434 3131 2489 3185 in
2527 3128 2773 3199 sequenti
2815 3129 2955 3182 libro
2995 3128 3205 3198 plenius
3249 3126 3482 3180 dissere-

209 3223 603 3293 sequebantur,
627 3220 938 3276 clamabant
969 3217 1250 3272 Hosanna.
1286 3212 1568 3268 Pnecessit
1597 3211 1794 3281 quippe
1822 3211 1870 3273 C
1905 3237 2044 3278 mus,

223 3388 2268 3416 P—W

1142 3536 1450 3619 LIBER
1523 3539 1976 3632 DECIMUS
2050 3480 2542 3632 QUINTUS.

610 3761 961 3831 SEQUITUR
1007 3759 1235 3816 CAPUT
1288 3758 1400 3812 XL.

289 3877 315 3910 ι
347 3855 416 3913 Ει
443 3871 659 3911 mensus
687 3865 768 3910 est
795 3863 1007 3925 portam
1047 3868 1077 3906 a
1109 3860 1254 3906 tecto
1279 3850 1500 3904 thalami
1532 3863 1702 3918 usque
1728 3848 1795 3901 ad

217 3969 241 4003 ς
276 3959 474 4004 tectum
503 3946 617 4013 ejus
644 3946 980 4000 latitudinem
1018 3941 1204 4012 viginti
1235 3949 1286 3994 et
1311 3940 1548 4009 quinque
1589 3939 1799 3992 cubito-

217 4059 241 4093 ι
277 4054 418 4094 rum.
444 4059 462 4090 ι
489 4035 690 4108 (Greg.)
706 4035 952 4106 Quinque
971 4035 1115 4090 enim
1130 4034 1309 4102 carnis
1323 4033 1568 4088 sensibus
1587 4031 1796 4100 praaditi

213 4143 428 4192 sumus,
451 4127 717 4190 videlicet,
740 4127 876 4186 visu,
916 4134 1096 4196 gustu,
1132 4122 1354 4187 olfactu,
1392 4123 1602 4186 auditu,
1638 4129 1798 4189 atque

215 4226 389 4272 tactu.
437 4217 581 4272 Idem
611 4231 740 4270 vero
780 4216 1060 4285 quinarius
1101 4229 1200 4283 per
1234 4214 1582 4283 semetipsum
1616 4211 1796 4266 multi-

211 4308 472 4379 plicatus,
504 4309 570 4362 ad
595 4307 905 4362 vicesimum
934 4315 989 4360 et
1015 4305 1260 4376 quintum
1289 4321 1572 4361 numerum
1601 4306 1792 4377 surgit.

212 4396 443 4466 Operari
481 4406 656 4452 autent
693 4396 945 4466 quiddam
986 4396 1230 4450 exterius
1272 4395 1339 4450 de
1370 4397 1637 4452 mandatis
1678 4411 1793 4452 cor.-

1897 3775 2041 3830 enim
2067 3776 2185 3831 ideo
2207 3775 2463 3846 indigenti
2493 3774 2622 3829 dare
2647 3789 2840 3844 panem
2873 3775 3084 3839 metuit,
3110 3792 3174 3829 ne
3196 3776 3297 3832 sibi
3321 3777 3479 3844 desit,

1900 3863 2076 3918 adhuc
2102 3864 2158 3917 in
2188 3865 2437 3932 angustia
2470 3864 2679 3918 timoris
2713 3874 2815 3920 est.
2862 3865 3118 3934 Quisquis
3166 3868 3285 3922 ideo
3313 3870 3477 3924 vesti-

1899 3961 2136 4028 mentum
2166 3953 2364 4021 algenti
2392 3971 2497 4009 non
2528 3955 2778 4025 porrigit,
2813 3956 2934 4023 quia
2972 3957 3071 4010 hoc
3111 3956 3255 4011 solus
3282 3958 3481 4013 habere

1895 4045 2246 4115 concupiscit,
2279 4046 2456 4099 adhuc
2487 4047 2708 4100 tenacia:
2740 4061 2850 4099 sua:
2872 4047 3126 4116 angustia
3153 4056 3477 4104 coarctatur.

1896 4138 2151 4208 Quisquis
2189 4137 2314 4192 ideo
2351 4138 2551 4192 bonum
2582 4155 2688 4194 non
2735 4141 2876 4210 agit;
2926 4141 3054 4209 quia
3084 4149 3267 4211 tepore
3315 4144 3477 4198 animi

1898 4229 2173 4299 pigrescit,
2211 4229 2322 4296 ipse
2350 4229 2400 4282 ei
2428 4244 2557 4283 suus
2600 4238 2755 4300 tepor
2777 4232 3028 4302 angustia
3055 4242 3156 4287 est.
3188 4232 3479 4303 Respicerc

1899 4328 2078 4372 autem
2127 4318 2363 4388 inepem,
2422 4319 2681 4375 exaudire
2735 4336 2971 4390 precem,
3025 4323 3210 4394 largiri
3259 4324 3475 4394 stipem,

1904 4411 2144 4479 prarbere
2171 4409 2563 4476 defensionem,
2589 4422 2750 4482 atque
2771 4428 2870 4482 pro
2899 4414 3139 4483 ejusdem
3169 4394 3480 4471 defensione

213 4488 446 4545 lestibus
467 4489 581 4544 sive
602 4489 720 4544 istis
745 4489 1021 4560 corporeis
1037 4487 1276 4558 quinque
1301 4490 1548 4544 sensibus
1575 4504 1685 4544 non
1704 4505 1793 4543 va-

1897 4503 2164 4574 pauperis,
2204 4504 2543 4559 adversantis
2599 4503 2884 4573 cuiuslibet
2934 4505 3246 4561 inimicitias
3273 4521 3380 4561 non
3413 4508 3478 4561 ti-

216 4572 410 4626 lemus.
439 4571 533 4626 llis
557 4573 752 4641 quippe
778 4572 972 4631 officiis
1001 4577 1114 4631 suis
1135 4577 1298 4647 judex
1330 4581 1540 4635 animus
1568 4581 1794 4637 interius

211 4662 490 4735 praesidet,
518 4672 573 4717 et
600 4665 726 4733 quid
753 4666 994 4722 exterius
1024 4683 1187 4737 agere
1209 4667 1354 4737 justo
1380 4669 1459 4724 ve!
1489 4672 1794 4728 misericor-

211 4757 360 4812 diter
380 4755 585 4826 possit,
619 4756 770 4825 quasi
806 4757 1009 4814 eisdem
1048 4759 1240 4816 ciliciis
1266 4765 1701 4820 renimtiantibus
1730 4782 1793 4820 ac

213 4844 642 4900 deservientibus
670 4848 932 4914 agnoscit.
982 4847 1114 4902 Cum
1146 4864 1274 4920 ergo
1319 4853 1510 4906 timore
1550 4855 1790 4924 omnipo—

213 4934 382 4987 tentis
412 4933 621 4986 Domini
645 4934 857 4988 animus
889 4936 1160 5005 impletur,
1198 4954 1416 5012 necesse
1447 4951 1529 4995 est
1558 4949 1613 4994 ut
1638 4944 1793 5011 quiu-

208 5038 322 5093 que
379 5025 546 5077 nostri
596 5040 786 5078 sensus
838 5028 992 5081 nobis
1040 5029 1179 5082 velut
1233 5032 1474 5099 subjecta
1521 5033 1694 5088 allicia
1738 5036 1789 5089 in

209 5114 414 5169 bonam
452 5115 819 5182 operationem
862 5116 1187 5182 deserviant,
1241 5136 1335 5189 per
1363 5138 1498 5191 quos
1544 5141 1662 5178 cum
1700 5127 1790 5178 ali-

209 5202 344 5272 quid
371 5217 530 5272 agere
559 5205 982 5259 misericorditer
1006 5209 1349 5276 CGBliCl'ill’lIIS,
1382 5211 1500 5280 plus
1530 5229 1586 5267 se
1615 5216 1785 5282 quoti-

210 5295 302 5351 die
331 5295 444 5364 ipsa
472 5295 838 5351 misericordia
866 5301 1056 5368 aperit,
1080 5310 1133 5354 et
1158 5305 1309 5369 quasi
1339 5305 1489 5358 sinus
1515 5304 1638 5358 boni
1660 5322 1787 5374 ope-

209 5387 292 5441 ris
319 5387 593 5457 expandit.
627 5386 872 5458 Quinque
926 5391 1087 5460 igitur
1129 5407 1320 5448 scnsus
1368 5395 1791 5462 multiplicantur

213 5479 270 5533 in
309 5494 388 5544 se,
414 5480 537 5533 dum
571 5480 669 5535 hoc
700 5484 839 5550 quod
864 5498 960 5552 per
995 5483 1135 5550 ipsos
1162 5486 1360 5552 agitur,
1395 5487 1444 5538 in
1477 5487 1618 5540 bono
1659 5503 1789 5555 quo-

211 5570 345 5623 tidie
379 5577 542 5639 opere
573 5585 668 5640 per
693 5571 991 5638 profectum
1017 5573 1416 5642 multiplicatur.
1456 5576 1604 5630 [Inde
1634 5593 1687 5630 ei.
1715 5578 1788 5629 h-

213 5661 387 5742 tituilo
421 5677 542 5716 esse
589 5662 774 5731 viginti
818 5671 868 5716 et
919 5665 1154 5733 quinque
1195 5667 1495 5720 cubitorum
1552 5668 1784 5720 dicitur:

217 5753 341 5820 quia
376 5752 536 5805 timor
566 5754 787 5806 tenacire
809 5763 859 5806 et
895 5755 1102 5821 pigrido
1130 5767 1352 5824 angusta
1399 5768 1499 5811 est.
1535 5757 1789 5827 Quisquis

1895 4609 2072 4658 mere,
2125 4608 2316 4664 magna
2352 4595 2548 4650 mentis
2579 4594 2805 4650 latitudo
2843 4605 2944 4651 est.
2981 4596 3319 4650 Mensuretur
3346 4611 3475 4667 ergo

1894 4681 2034 4736 inter
2060 4682 2356 4736 thalamum
2385 4691 2440 4738 et
2466 4691 2679 4753 portam
2700 4699 2763 4738 ea
2804 4700 2923 4754 quae
2950 4682 3229 4752 interiacet
3250 4685 3474 4741 latitudo

1893 4771 2090 4826 eiibitis
2141 4772 2330 4843 viginti
2374 4781 2429 4826 et
2470 4773 2737 4842 quinque;
2777 4775 2902 4842 quia
2948 4774 3001 4827 in
3041 4774 3312 4830 exteriore
3346 4789 3473 4830 seu-

1891 4877 2044 4915 suum
2071 4862 2387 4931 Operatione
2412 4865 2673 4932 probatur
2715 4872 2767 4918 et
2811 4865 3155 4933 cognosc-itur
3185 4880 3303 4935 qua:
3337 4865 3475 4920 invi-

1891 4953 2066 5008 sibilia
2091 4953 2439 5008 iustrnamus.
2471 4952 2527 5008 Si
2559 4953 2720 5025 igitur
2745 4954 2846 5010 hoc
2877 4956 2928 5010 in
2971 4955 3108 5021 loco,
3135 4965 3194 5010 ut.
3222 4957 3476 5026 prmdixi-

1890 5058 2029 5106 mus,
2086 5050 2238 5111 porta
2285 5042 2564 5113 Scriptura
2599 5059 2754 5099 sacra
2803 5045 3082 5114 accipitur,
3122 5047 3468 5115 quaerendum

1891 5141 1973 5184 est
2001 5131 2129 5200 quid
2153 5123 2248 5200 per
2291 5141 2492 5187 tectum
2527 5135 2768 5197 thalami,
2797 5135 2922 5204 quid
2951 5151 3046 5205 per
3074 5143 3272 5190 tectum
3302 5146 3470 5205 porta:

1890 5222 2153 5291 signetur.
2187 5220 2291 5276 Sed
2323 5223 2484 5277 habet
2525 5224 2792 5279 thalamus
2840 5235 3040 5280 tectum
3068 5240 3082 5278 :
3125 5226 3250 5294 quia
3284 5235 3471 5296 operta

1889 5320 1970 5363 est
1995 5326 2142 5363 mens
2178 5312 2496 5376 amantium,
2525 5323 2579 5366 et
2609 5315 2674 5366 ad
2707 5315 2808 5367 hoc
2841 5314 3018 5368 fervor
3049 5315 3250 5369 amoris
3277 5315 3332 5370 in
3379 5331 3471 5370 oc-

1890 5403 2033 5457 culto
2063 5415 2164 5457 est.
2200 5399 2376 5459 liabet
2402 5422 2616 5475 quoque
2645 5416 2696 5462 et
2728 5418 2883 5476 porta
2922 5416 3141 5473 tectum,
3172 5409 3296 5478 quia
3327 5408 3471 5462 Scri-

1893 5504 2010 5546 tura
2047 5509 2198 5547 sacra
2234 5504 2341 5551 tota
2381 5497 2596 5565 quidem
2629 5507 2846 5565 propter
2884 5514 2982 5551 nos
3009 5500 3209 5566 scripta
3237 5507 3337 5558 est,
3367 5499 3466 5553 sed

1889 5597 1995 5634 non
2031 5591 2136 5636 tota
2169 5584 2483 5654 intelligitur
2519 5603 2549 5638 a
2590 5586 2765 5640 nobis.
2791 5585 2952 5638 Multa
2986 5587 3177 5656 quippe
3200 5587 3251 5640 iu
3284 5586 3370 5639 illa
3396 5586 3469 5638 ita

1891 5683 2075 5742 api-ria
2109 5683 2267 5738 sunt,
2319 5682 2374 5727 ut
2427 5684 2652 5744 pascant
2703 5675 2976 5744 parvulos.
3034 5675 3286 5742 Qiueilam
3339 5690 3465 5728 vero

1891 5763 2293 5818 obscurioribus
2318 5767 2621 5831 sententiis,
2657 5775 2713 5819 ut
2740 5779 3031 5822 exerceant
3056 5766 3243 5832 fortes,
3279 5777 3463 5837 quate-
