3950 6324
475 414 573 467 9η

1117 406 1174 459 l2.
1218 404 1467 459 li.\l‘;.\1\'l
1514 402 1725 456 ΜΗἯί
1770 398 2061 453 AllClillCi‘

2178 396 2410 453 :ltiilN'l'
2476 397 2758 452 Oi‘i'IillTCtl
2802 397 2977 450 PARS
3018 396 3079 450 ll.

3659 396 3780 451 912

480 537 582 577 nus
610 535 734 577 cunt
765 521 943 571 labore
975 516 1242 570 intellecta
1290 516 1407 586 plus
1434 525 1585 585 grata
1633 514 1761 566 sint.
1795 511 2056 565 Nonnulla
2090 515 2130 569 Λ
2166 511 2266 561 mel
2293 511 2344 563 in
2380 512 2485 563 Deo
2512 519 2558 563 et
2591 510 2833 580 proviuto
2862 512 3230 579 ctmcupinms,
3258 527 3431 581 usque
3452 512 3521 567 ad
3546 514 3783 581 nigros-

480 624 658 665 autem
694 612 763 665 ita
810 629 859 663 ιιι
908 624 970 662 ea
1019 608 1196 660 clausa
1234 615 1398 671 sunt,
1456 614 1513 659 nt
1561 605 1688 658 dum
1739 618 1800 656 ea
1838 618 1943 655 non
1978 602 2055 654 itt-

479 702 770 769 telliginius
819 708 1173 770 agnoscentes
1232 696 1440 750 infirma
1500 703 1697 749 nostrae
1756 692 2054 755 eiecitatis,

478 795 544 844 ad
616 788 969 843 humilitatem
1030 789 1201 855 magis
1278 801 1441 856 quam
1517 785 1583 837 ad
1650 782 2057 851 intelligentiam

475 869 837 955 proticiamus.
888 877 1026 932 Sunt
1074 879 1217 931 enim
1280 877 1523 947 qtuedatn
1564 890 1685 944 qua:
1722 875 1793 927 ita
1832 873 1897 926 de
1947 886 2057 927 cm-

478 972 1033 1039 lestibusloquuntm‘,
1076 977 1137 1021 nt
1166 968 1294 1021 solis
1333 968 1435 1021 illis
1476 966 1721 1034 superuis
1763 963 1971 1018 civibus
2005 963 2056 1015 in

476 1064 648 1135 patria
692 1077 785 1116 sua
816 1059 1225 1129 persistentibus
1245 1064 1504 1126 pateant:
1542 1055 1877 1122 necdnmqne
1905 1052 2058 1105 nobis

476 1149 944 1223 peregrinantibus
997 1154 1322 1201 reserentur.
1375 1144 1506 1199 Nam
1533 1145 1577 1198 si
1616 1144 1739 1214 quis
1765 1144 1831 1197 ad
1871 1143 2057 1195 urbem

479 1242 806 1311 incognitam
840 1253 1066 1310 porgens
1089 1238 1256 1291 multa
1284 1238 1348 1290 dc
1376 1236 1463 1291 illa
1488 1236 1538 1289 in
1573 1236 1656 1289 via
1685 1235 1888 1298 audiat,
1913 1248 2060 1303 quae-

479 1333 601 1385 dam
642 1330 855 1399 quidem
883 1342 949 1381 ex
980 1328 1187 1381 ratione
1217 1326 1439 1398 colligit,
1477 1325 1720 1394 quaedam
1760 1339 1890 1377 vero
1932 1324 2057 1378 unia

479 1420 702 1476 necdum
728 1418 893 1483 videt,
921 1417 1067 1471 nullo
1091 1418 1249 1471 modo
1278 1416 1558 1486 cognoscit
1583 1433 1595 1468 :
1619 1414 1718 1483 ipsi
1741 1429 1887 1475 vero,
1913 1414 2060 1467 cives

478 1512 571 1579 qui
601 1511 652 1563 in
682 1524 744 1563 ea
794 1515 941 1572 sunt,
973 1515 1028 1562 et
1059 1522 1180 1575 quin
1228 1507 1295 1561 de
1327 1506 1413 1560 illa
1460 1514 1724 1568 tacentur,
1751 1504 1956 1566 vident,
2005 1510 2059 1555 et

479 1616 600 1669 quze
622 1600 688 1653 de
716 1598 800 1651 illa
828 1598 1079 1652 dicuntur
1109 1596 1431 1666 intelligunt.
1466 1595 1576 1650 Nos
1614 1596 1777 1665 igitur
1801 1595 1975 1649 adhuc
2002 1596 2054 1649 in

479 1690 567 1742 via
596 1702 805 1751 smnus,
841 1686 1007 1741 multa
1067 1686 1136 1740 de
1182 1685 1267 1739 illa
1317 1685 1521 1741 cmlcsti
1563 1686 1737 1755 patria
1788 1685 2054 1744 audimus,

479 1785 579 1839 alia
601 1785 712 1854 jam
737 1797 833 1853 per
868 1781 1115 1852 spiritum
1144 1788 1200 1835 et
1227 1779 1493 1833 rationem
1521 1777 1889 1846 intelligimus,
1913 1791 2061 1844 qnze-

2161 616 2279 652 sum
2332 601 2480 669 regni
2509 602 2766 653 debemus
2812 617 2971 654 omne
2999 602 3140 669 quol
3173 618 3457 670 possumus
3492 606 3783 673 multipli-

2161 692 2299 743 cizer
2328 701 2487 758 atque
2528 691 2861 744 incessanter
2887 693 3123 759 operari.
3153 692 3189 744 Λ
3234 702 3375 747 tecto
3410 694 3596 764 itaque
3633 698 3781 751 tha-

2160 780 2309 843 Ιςςιιιί,
2345 796 2514 849 usque
2546 780 2612 832 ad
2662 788 2730 833 tet
2750 789 2860 832 tum
2893 790 3080 848 perun,
3124 796 3317 850 magna
3361 783 3592 838 latitudo
3631 795 3726 839 est
3758 806 3777 841 :

2159 870 2285 937 quia
2326 886 2387 922 ex
2422 869 2593 937 gratia
2620 885 2724 937 qna
2756 869 3071 923 inchoamus
3113 872 3277 925 Deum
3307 874 3550 944 diligere.
3577 892 3782 943 usque

2160 960 2225 1012 ad
2253 961 2425 1028 ipsam
2453 960 2814 1024 dilectionem,
2841 976 2962 1029 qua:
2987 963 3139 1015 nobis
3171 964 3372 1017 aditum
3397 965 3651 1019 etelestis
3680 984 3777 1018 re-

2159 1050 2247 1117 gni
2275 1049 2467 1118 aperit,
2494 1050 2751 1103 debemus
2778 1050 3135 1121 nosmetipsos
3167 1053 3216 1105 in
3253 1069 3446 1121 magna
3474 1057 3776 1109 bonorum

2159 1155 2379 1209 operum
2416 1140 2627 1195 actione
2649 1140 2901 1205 dilatare,
2951 1143 3176 1196 adversa
3217 1146 3483 1212 patienter
3511 1148 3777 1216 perpeti.

2160 1232 2390 1300 benigne
2435 1230 2663 1285 libenter
2695 1232 3033 1301 impendere,
3086 1232 3230 1304 ipsos
3274 1235 3438 1289 etiam
3479 1252 3625 1305 quos
3670 1254 3775 1307 pa—

2162 1321 2325 1374 timur
2352 1335 2555 1384 amare,
2588 1322 2767 1375 habita
2800 1322 3058 1389 tribuere,
3107 1339 3212 1378 non
3261 1325 3445 1380 habita
3493 1344 3603 1382 non
3645 1344 3779 1381 am-

2161 1411 2276 1465 bire
2309 1430 2320 1463 :
2358 1412 2637 1482 proximos
2668 1414 2810 1467 sicut
2862 1424 3220 1485 nosmetipsos
3249 1416 3471 1487 diligere
3509 1438 3521 1472 :
3556 1435 3776 1473 eorum

2163 1503 2325 1568 bona,
2373 1514 2559 1557 nostra
2612 1503 2868 1567 credere;
2908 1519 3097 1558 eorum
3148 1506 3288 1559 mala
3338 1510 3493 1577 quasi
3523 1513 3771 1579 propria

2160 1593 2376 1648 deﬂere.
2418 1595 2472 1648 In
2520 1595 2613 1647 tali
2647 1610 2776 1665 ergo
2821 1603 3000 1650 mente
3048 1612 3241 1668 magna
3272 1597 3503 1654 latitudo
3539 1610 3655 1663 est,
3713 1601 3773 1653 in

2161 1700 2266 1754 qua
2297 1683 2541 1755 angustia
2567 1686 2811 1739 odiormn
2841 1702 2946 1739 non
2987 1695 3070 1740 est
3099 1703 3113 1739 :
3146 1702 3305 1755 quam
3337 1689 3583 1756 profecto
3627 1688 3773 1742 lati-

2164 1774 2400 1828 tudinem
2430 1790 2493 1829 ex
2534 1774 2629 1829 Dei
2661 1783 2715 1829 et
2752 1776 2983 1844 proximi
3014 1791 3199 1832 amore
3246 1779 3617 1847 concepimus,
3663 1794 3777 1847 per

479 1877 602 1930 dant
626 1891 753 1930 vero
784 1888 887 1928 non
929 1870 1196 1927 intellecta
1225 1884 1567 1925 veneramur.
1599 1868 1751 1923 Unde
1775 1876 1830 1920 et
1867 1867 1931 1921 de
1959 1880 2054 1917 co-
2090 1870 2129 1927 Β
2159 1880 2313 1918 sacra
2347 1864 2599 1917 mandata
2627 1865 2998 1935 cognovimus.
3034 1864 3168 1919 Nam
3198 1876 3253 1919 et
3285 1867 3429 1935 ipsos
3460 1867 3775 1922 latitudine

476 1966 598 2019 dem
628 1978 784 2018 sacro
808 1960 1022 2030 eloquio
1047 1960 1307 2029 scriptum
1330 1966 1447 2011 est:
1480 1974 1498 2006 ι
1532 1956 1837 2009 Extendens
1860 1953 2054 2008 cmlmn

479 2053 618 2106 sicut
646 2051 862 2120 pellem,
890 2049 981 2117 qui
1019 2047 1153 2117 tegis
1182 2047 1234 2099 in
1265 2045 1418 2114 aquis
1444 2045 1722 2113 superiora
1744 2041 1859 2110 ejus
1883 2041 2053 2113 (PsuI.

477 2143 615 2212 tan).
649 2162 667 2194 ι
694 2140 901 2197 Caelum
950 2138 1148 2207 quippe
1189 2136 1332 2191 sicut
1366 2134 1521 2206 pellis
1548 2132 1855 2189 extenditur
1890 2150 1901 2185 :
1933 2131 2057 2200 quia

478 2252 575 2306 per
604 2248 697 2289 ora
729 2229 1035 2286 mortalium
1069 2227 1349 2297 Scriptura
1377 2241 1533 2281 sacra
1578 2224 1731 2279 nobis
1755 2222 2055 2294 expositio-

480 2327 638 2381 nibus
667 2322 985 2393 explicatur.
1011 2320 1114 2374 Sed
1146 2329 1271 2373 sunt
1292 2333 1444 2387 aqua:
1467 2318 1521 2371 in
1561 2316 1721 2379 cmlo,
1750 2315 2059 2385 superiores

478 2416 729 2470 videlicet
764 2411 1165 2473 multitudines,
1220 2410 1272 2463 id
1313 2416 1417 2471 est,
1463 2407 1775 2477 angelorum
1819 2405 2057 2475 agmina,

483 2509 535 2561 in
568 2507 761 2575 quibus
788 2502 1024 2572 ejusdem
1048 2501 1169 2556 (ιωιί
1197 2506 1449 2570 teguntur
1481 2485 1780 2567 superiora.
1810 2498 1942 2562 Quia
1970 2511 2055 2557 ea,

479 2614 597 2667 qua:
620 2599 672 2652 in
704 2611 861 2651 sacro
886 2593 1098 2662 eloquio
1125 2592 1315 2645 altiora
1346 2600 1401 2645 et
1424 2589 1741 2644 obscuriora
1787 2596 1933 2651 sunt,
1965 2602 2057 2638 an-

479 2688 664 2759 gelicis
685 2685 1020 2740 solummodo
1056 2681 1335 2751 spiritibus
1364 2686 1579 2747 patent,
1616 2686 1673 2733 et
1700 2678 1853 2732 nobis
1884 2676 2059 2729 adlmc

482 2779 751 2851 incognita
788 2777 1103 2848 perdurant.
1137 2774 1307 2827 liabet
1335 2788 1463 2843 ergo
1514 2771 1784 2827 thalamus
1836 2781 2055 2832 tectum,

481 2874 606 2942 quia
653 2872 826 2927 nescit
878 2870 1053 2923 adhuc
1102 2868 1379 2938 proximus
1446 2874 1705 2936 quantmn
1764 2877 1978 2920 amatur
2028 2881 2056 2918 a

478 2966 745 3034 proxitno.
788 2962 949 3017 Porta
1005 2976 1216 3030 quoque
1238 3000 1252 3026 ,
1284 2959 1335 3012 id
1392 2968 1506 3022 est,
1541 2973 1755 3013 sacrum
1786 2957 2057 3025 eloquium

482 3056 644 3109 habet
682 3058 903 3117 tectum,
934 3051 1059 3121 quia
1094 3050 1317 3104 necdum
1350 3048 1529 3102 omnia
1580 3056 1866 3117 penetrare
1904 3046 2059 3100 intel-

483 3145 623 3198 lectu
645 3156 928 3213 possumus
943 3156 1062 3210 qua:
1085 3139 1414 3193 intrinsecus
1440 3139 1663 3208 largitas
1685 3138 1942 3193 bonitatis
1968 3137 2061 3192 ha-

483 3238 689 3289 beatur.
718 3233 847 3286 Nam
880 3230 1134 3301 quidquid
1157 3228 1267 3297 jam
1289 3230 1354 3283 de
1381 3228 1661 3299 Scriptura
1688 3244 1843 3284 sacra
1865 3229 2065 3283 didice-
2092 3222 2135 3283 C

483 3326 645 3387 ris,et
663 3338 823 3392 quam
844 3322 1146 3391 proximum
1168 3320 1361 3374 tacitus
1379 3334 1547 3383 ames,
1562 3321 1615 3373 in
1642 3319 1919 3373 latitudine
1936 3318 2060 3371 boni

482 3417 663 3487 operis
709 3414 969 3468 ostendis.
1022 3403 1211 3467 l‘atcat
1252 3413 1438 3482 itaque
1481 3412 1671 3483 viginti
1718 3420 1773 3466 et
1826 3412 2064 3481 quinque

483 3508 682 3563 cubitis
704 3505 926 3560 latitudo
951 3504 1091 3557 inter
1115 3503 1407 3557 thalamum
1433 3511 1486 3557 et
1514 3512 1727 3572 portam
1773 3520 1787 3556 :
1829 3504 1953 3571 quia
1987 3503 2066 3555 iu-

488 3614 569 3659 ter
588 3602 907 3657 cbaritatem
930 3608 983 3654 et
1022 3600 1322 3661 scientiam,
1353 3600 1505 3652 testis
1528 3606 1613 3651 est
1637 3598 1775 3650 bona
1800 3596 2062 3664 operatio.

486 3697 616 3762 Qua:
647 3694 691 3747 si
721 3692 951 3746 fortasse
975 3690 1228 3752 defuerit,
1274 3686 1514 3757 profectu
1560 3695 1767 3742 certum
1805 3692 1920 3747 est,
1968 3699 2068 3737 nec

487 3784 807 3855 cognovisse
830 3790 881 3835 te
914 3782 1097 3841 Deum.
1130 3796 1229 3835 nec
1259 3779 1483 3849 diligere
1525 3776 1851 3847 proximum.
1882 3774 1933 3828 id
1963 3784 2065 3835 est,

488 3892 585 3929 nec
610 3882 817 3944 portam
850 3872 989 3926 sacri
1021 3870 1242 3940 eloquii,
1275 3884 1375 3923 nec
1423 3867 1624 3921 amoris
1651 3866 1945 3919 thalamum
1972 3866 2068 3919 ha-

491 3970 635 4019 bere.
669 3965 735 4019 Et
767 3963 1058 4018 notandum
1100 3962 1239 4031 quod
1270 3977 1297 4013 a
1337 3968 1479 4014 tceto
1511 3959 1752 4023 thalami,
1800 3973 1969 4027 usque
2003 3958 2066 4008 ad

487 4066 687 4109 tectum
713 4066 880 4125 porta:
904 4055 1102 4108 dicitur
1125 4062 1487 4107 meusaratum
1516 4068 1529 4103 :
1562 4066 1657 4121 per
1690 4065 1753 4104 ea
1775 4050 1918 4103 enim
1951 4064 2070 4119 qua:

492 4147 644 4200 nobis
672 4148 722 4200 in
746 4160 900 4201 sacra
924 4145 1205 4213 Scriptura
1234 4150 1484 4210 cooperta
1515 4150 1659 4204 sunt,
1682 4148 1865 4194 nostra
1889 4140 2069 4194 humi-

492 4239 614 4292 lttas
635 4238 985 4308 approbatur.
1024 4236 1157 4302 Quia
1190 4234 1447 4303 quidquid
1475 4232 1527 4287 in
1562 4232 1650 4286 illa
1678 4246 1785 4285 non
1815 4230 2069 4297 intelligi-

492 4345 630 4395 mus,
656 4344 761 4382 noa
787 4325 1016 4397 superbe
1038 4324 1456 4395 reprehendere,
1489 4322 1583 4377 sed
1612 4320 1862 4376 venerari
1890 4320 2069 4373 lunni-

490 4419 616 4473 liter
641 4419 917 4472 debemus.
941 4415 985 4469 Α
1008 4422 1151 4469 tecto
1178 4429 1306 4483 ergo
1332 4411 1552 4467 thalami
1581 4426 1751 4480 usque
1782 4411 1848 4465 ad
1873 4418 2069 4464 tectum

492 4517 659 4579 porta:
685 4508 754 4561 sit
778 4520 969 4575 magna
996 4502 1254 4567 latitudo;
1290 4511 1344 4557 et
1369 4502 1435 4554 ab
1458 4500 1684 4556 occultis
1716 4508 1911 4554 nostra
1936 4499 2069 4552 cha-

495 4601 674 4656 ritatis
740 4606 962 4669 propter
1017 4597 1323 4667 proximum
1375 4607 1547 4664 usque
1598 4594 1663 4647 ad
1717 4593 2070 4647 humilitatem

496 4692 735 4747 scicntia:
777 4699 995 4759 propter
1037 4690 1226 4753 Deum,
1257 4688 1310 4742 in
1341 4696 1602 4756 quantum
1648 4684 1993 4755 intelligimus
2024 4690 2077 4735 et

496 4781 737 4835 valemus
767 4779 905 4832 bona
933 4792 1147 4846 semper
1176 4790 1483 4845 operemur.
1524 4774 1708 4829 Potest
1735 4776 1897 4828 etiam
1921 4781 2074 4842 porta

488 4874 612 4943 ipsa
639 4872 749 4943 jam
803 4870 978 4924 aditus
1019 4869 1167 4940 regni
1207 4869 1444 4923 cmlestis
1492 4867 1713 4936 intelligi
1749 4883 1761 4919 :
1811 4876 1863 4921 et
1911 4864 2077 4918 habet

499 4979 643 5019 nunc
672 4960 939 5016 thalamus
971 4969 1189 5023 tectum,
1230 4960 1391 5014 habet
1418 4969 1571 5028 porta
1602 4967 1822 5013 tectum.
1862 4955 1996 5022 Quia
2023 4965 2077 5008 et

498 5062 700 5125 quanta
733 5053 803 5107 sit
829 5062 1011 5105 nostra
1034 5052 1272 5105 Charitas
1304 5052 1355 5104 in
1382 5050 1491 5105 Deo
1512 5060 1567 5105 ct
1587 5051 1833 5119 proximo
1857 5065 1964 5102 non
1988 5066 2078 5102 co—

500 5143 779 5216 gnoscitur
813 5160 825 5194 :
858 5150 912 5195 et
932 5142 1150 5209 quando
1186 5142 1250 5196 de
1281 5142 1382 5196 boc
1412 5142 1606 5197 sreculo
1636 5145 1937 5196 adtetcrna:
1957 5141 2077 5195 vita:

500 5232 743 5301 requiem
766 5219 1170 5287 introducetntir
1197 5232 1492 5302 ignoratur.
1511 5232 1733 5301 Semper
1759 5232 1900 5285 enim
1928 5232 2079 5286 nobis

496 5324 761 5381 Conditor
789 5332 970 5378 noster
997 5324 1137 5377 diem
1181 5325 1370 5377 mortis
1400 5331 1596 5377 nostra:
1626 5323 1953 5392 incognitmn
1986 5338 2076 5374 vo-

500 5416 641 5470 luit:
675 5424 731 5470 ttt
759 5415 885 5470 dum
930 5430 1142 5484 semper
1173 5416 1466 5485 ignoratur,
1492 5430 1703 5485 semper
1742 5432 1859 5469 esse
1893 5416 2078 5484 proxi-

508 5521 629 5559 mus
667 5505 961 5559 credatur:
1005 5513 1061 5558 et
1111 5512 1259 5558 tanto
1306 5505 1535 5574 quisque
1588 5504 1879 5559 ferventior
1921 5505 1989 5557 sit
2028 5504 2077 5556 iu

506 5593 819 5661 operatione
845 5634 858 5656 ,
910 5603 1111 5662 quanto
1154 5602 1207 5647 et
1261 5593 1499 5648 incertus
1548 5602 1630 5647 est
1670 5594 1734 5647 dc
1776 5592 2078 5645 vocatione.

508 5683 667 5737 [inde
696 5693 750 5738 et
771 5684 996 5738 latitudo
1023 5684 1213 5754 viginti
1245 5692 1298 5738 ct
1323 5685 1556 5753 quinque
1578 5686 1880 5738 cubitorum
1910 5701 1939 5735 ιι
1968 5683 2083 5734 tha-

506 5770 652 5826 lamo
676 5776 740 5828 ad
764 5784 970 5845 portam
1002 5776 1236 5831 tenditur
1262 5793 1272 5828 :
1300 5775 1421 5844 quia
1454 5776 1772 5827 rizaritatem
1797 5790 1955 5842 quam
1995 5788 2079 5825 se-

2103 4565 2151 4623 D

2161 1954 2349 2025 viginti
2390 1965 2441 2008 e'.
2468 1956 2707 2024 quinque
2732 1956 2945 2010 eubitos
2988 1970 3093 2009 non
3126 1957 3565 2011 inconvenienter
3591 1958 3775 2010 iutci-

2159 2046 2393 2117 ligimns,
2424 2049 2471 2105 si,
2497 2064 2589 2100 eos
2609 2047 2761 2115 juxta
2791 2064 3006 2104 sacrum
3035 2049 3306 2119 eloquium
3346 2050 3621 2103 discutere
3660 2066 3767 2104 vc—

2157 2139 2337 2194 limus.
2371 2138 2475 2193 Scx
2500 2140 2644 2193 enim
2680 2140 2882 2194 cubitis
2933 2148 3273 2194 tnensuratos
3307 2138 3573 2193 thalamos
3601 2140 3771 2193 dixe,-

2158 2239 2274 2294 rat;
2305 2238 2359 2283 et
2384 2238 2537 2285 sexto
2584 2230 2671 2284 dic
2706 2230 2868 2284 bomo
2912 2239 2997 2285 est
3026 2230 3294 2294 conditus,
3325 2244 3497 2301 coque
3527 2232 3614 2284 die
3652 2230 3771 2283 Do-

2157 2326 2337 2379 minus
2368 2323 2655 2393 perfecisse
2676 2337 2837 2391 opera
2884 2338 2979 2377 sua
3012 2324 3354 2377 describitur.
3384 2321 3543 2377 Unde
3573 2325 3764 2377 etiam

2159 2430 2258 2484 pro
2286 2412 2617 2484 perfectione
2656 2414 2779 2483 poni
2833 2413 3079 2468 senarius
3110 2413 3266 2479 solet,
3305 2422 3360 2467 ct
3380 2413 3503 2483 quia
3530 2428 3769 2467 omnem

2158 2504 2525 2574 operationem
2556 2504 2752 2558 bonam
2783 2517 2880 2572 per
2905 2512 3139 2573 quatuor
3166 2503 3341 2558 sancti
3370 2503 3653 2573 Evangelii
3688 2504 3767 2557 li-

2160 2596 2286 2650 bros
2335 2596 2688 2665 agnovimus:
2722 2595 2765 2648 si
2799 2610 2891 2649 sex
2923 2605 3115 2663 quater
3157 2594 3425 2657 ducimus,
3454 2593 3523 2647 ad
3558 2594 3765 2663 viginti

2158 2697 2213 2741 ct
2262 2698 2496 2756 quatuor
2541 2687 2906 2755 pervenimus.
2952 2685 3050 2740 Cui
3098 2700 3289 2739 monas
3339 2684 3577 2749 additur,
3619 2684 3763 2754 quia

2162 2794 2302 2833 unus
2352 2786 2436 2833 est
2490 2794 2585 2847 per
2634 2787 2794 2846 quem
2848 2792 3037 2830 omnes
3091 2776 3230 2830 bene
3282 2784 3597 2846 opctantur.
3663 2776 3761 2829 Vi-

2160 2869 2292 2939 ginti
2321 2885 2450 2937 ergo
2499 2876 2553 2921 et
2608 2868 2845 2938 quiuqttt‘.
2892 2868 3089 2922 cubitis
3142 2868 3369 2922 latitudo
3417 2868 3533 2921 luce
3578 2866 3765 2936 expli—

2158 2959 2271 3013 cari
2299 2959 2485 3014 dcbmt
2520 2977 2530 3012 :
2576 2960 2699 3028 quia
2728 2960 2905 3013 omnis
2939 2960 3074 3013 bona
3118 2959 3360 3029 operatio
3386 2975 3483 3028 per
3516 2968 3762 3026 quatuor

2161 3052 2333 3106 santh
2358 3050 2656 3121 Evangelii,
2684 3061 2744 3105 ut
2765 3051 3018 3113 diximus,
3046 3050 3209 3105 libros
3236 3051 3567 3121 agnoscitur,
3608 3060 3668 3104 et
3702 3051 3759 3104 in

2162 3143 2320 3197 unius
2346 3141 2438 3197 Dei
2470 3141 2777 3212 cognitione
2816 3150 2870 3196 et
2899 3140 3241 3197 confessione
3289 3140 3607 3211 completur.
3645 3141 3756 3197 Se—

2167 3238 2355 3307 quitur
2385 3256 2398 3289 :

2240 3367 2259 3398 ι
2298 3349 2362 3402 Ει
2404 3349 2602 3403 ostium
2651 3356 2838 3402 contra
2890 3347 3109 3401 ostium.
3146 3366 3164 3398 ι
3200 3347 3312 3401 lloc
3351 3346 3491 3410 loco,
3532 3354 3754 3411 contra,

2168 3456 2272 3493 non
2315 3439 2383 3492 ad
2416 3437 2798 3493 adversitatcm
2825 3437 3063 3508 ponitur,
3111 3438 3204 3491 sed
3243 3438 3310 3492 ad
3348 3437 3751 3490 rectitudinem.

2167 3532 2374 3589 Ostium
2421 3532 2563 3585 enim
2604 3540 2793 3584 contra
2828 3529 3024 3582 ostium
3056 3537 3139 3583 est
3168 3546 3180 3581 :
3218 3544 3341 3582 eum
3370 3538 3519 3583 recto
3554 3528 3754 3581 itinere

2167 3622 2234 3674 ab
2258 3621 2527 3674 exteriore
2551 3619 2617 3671 ad
2642 3618 2952 3671 interiorem
2982 3618 3185 3671 aditum
3208 3617 3539 3686 pervenitur.
3566 3614 3621 3668 In
3653 3631 3751 3669 eo-

2168 3711 2405 3781 guitione
2428 3725 2554 3763 vero
2588 3708 2972 3777 omnipotentis
3015 3708 3107 3763 Dei
3146 3708 3379 3779 primum
3418 3706 3617 3761 ostium
3650 3722 3751 3760 no-

2169 3813 2359 3866 strum,
2393 3800 2526 3855 fides
2571 3810 2672 3853 est.
2720 3798 3027 3853 Secundum
3070 3814 3220 3864 vero,
3256 3800 3464 3869 species
3508 3798 3653 3851 illius
3685 3799 3753 3851 ad

2168 3906 2331 3959 quam
2387 3904 2483 3959 per
2537 3889 2694 3943 fidem
2746 3888 3070 3943 ambulando
3130 3888 3492 3957 pervenimus.
3544 3886 3602 3939 lu
3647 3887 3753 3941 hac

2169 3982 2366 4037 ctenim
2395 3982 2505 4034 vita
2551 3982 2688 4036 hanc
2728 3980 3076 4050 ingredimur,
3127 3988 3187 4031 ιιι
3214 3979 3281 4031 ad
3310 3978 3456 4031 illam
3506 3986 3751 4045 postmo-

2171 4073 2294 4125 dum
2328 4072 2705 4142 perducantur.
2738 4070 2947 4125 Ostiutn
2994 4083 3124 4138 ergo
3168 4075 3355 4121 eontra
3404 4066 3600 4120 ostium
3647 4079 3751 4123 ess,

2172 4162 2292 4229 quia
2325 4177 2419 4229 per
2443 4160 2646 4213 aditum
2679 4158 2799 4213 fidei
2833 4157 3075 4227 aperitur
3100 4155 3277 4209 aditus
3299 4156 3519 4208 visionis
3551 4155 3665 4209 Dei.
3694 4154 3753 4208 Si

2172 4252 2292 4319 quis
2321 4267 2450 4303 vero
2488 4260 2714 4318 utraque
2755 4250 2870 4303 inec
2902 4249 3039 4302 ostia
3070 4248 3121 4301 in
3171 4248 3273 4300 hac
3302 4247 3411 4301 vita
3438 4246 3565 4300 velit
3608 4246 3753 4299 accic

2171 4357 2319 4410 perc,
2342 4357 2514 4410 neque
2536 4342 2639 4395 hoc
2666 4356 2693 4393 a
2718 4338 2916 4393 salubri
2940 4338 3287 4408 intelligentia
3316 4338 3590 4392 abhorret.
3619 4335 3751 4389 Nata

2173 4450 2311 4502 sepe
2342 4433 2590 4484 volumus
2610 4430 2996 4498 omnipotentis
3014 4428 3116 4503 Dei
3143 4436 3388 4481 naturam
3429 4426 3753 4480 invisibilcm

2177 4524 2543 4586 considerare,
2589 4521 2682 4575 sed
2715 4534 3056 4588 nequaquam
3104 4506 3345 4572 valemus
3373 4535 3388 4570 :
3418 4525 3580 4586 atque
3624 4517 3753 4584 ipsis

2182 4611 2581 4666 ditiicultatibns
2610 4610 2831 4679 fatigata
2870 4608 3045 4662 anima
3068 4608 3134 4661 ad
3164 4607 3505 4675 semetipsam
3531 4605 3754 4665 recedit,

2182 4704 2389 4769 sibique
2416 4702 2481 4754 de
2504 4716 2559 4753 se
2599 4700 2710 4768 ipsa
2751 4698 2949 4767 gradus
2973 4696 3344 4751 ascensionem
3386 4693 3535 4756 facit,
3562 4702 3620 4745 ιιι
3646 4693 3756 4760 pri-

2184 4807 2330 4845 mum
2367 4791 2712 4857 semetipsum
2744 4788 2786 4839 si
2818 4786 2957 4839 valet
2999 4785 3321 4847 consideret,
3360 4792 3413 4837 et
3444 4792 3570 4836 tunc
3614 4782 3754 4834 illam

2182 4888 2430 4934 naturam
2452 4893 2571 4947 quze
2596 4892 2755 4944 super
2795 4876 2963 4943 ipsam
2992 4883 3094 4936 est,
3119 4874 3170 4926 in
3198 4886 3459 4942 quantum
3500 4871 3753 4940 potuetit,

2182 4969 2487 5037 investiget.
2519 4966 2625 5020 Sed
2655 4981 2805 5019 mens
2841 4974 3043 5028 nostra,
3071 4965 3116 5018 si
3151 4965 3202 5017 in
3230 4963 3534 5017 carnalibus
3572 4962 3757 5031 imagio

2184 5062 2340 5115 nibus
2368 5057 2527 5112 fuerit
2553 5072 2758 5125 sparsa,
2785 5070 3118 5123 nequaquam
3147 5055 3229 5108 vel
3261 5069 3320 5108 se
3344 5053 3424 5107 vel
3449 5054 3641 5106 animae
3660 5068 3756 5106 na-

2185 5160 2358 5204 turam
2383 5149 2726 5201 considerare
2753 5145 2947 5200 sumcit
2985 5147 3149 5214 :quia
3188 5160 3285 5213 per
3305 5153 3437 5213 quot.
3472 5146 3751 5215 cogitatio-

2186 5256 2281 5294 nes
2312 5237 2545 5298 ducitur,
2577 5237 2727 5305 quasi
2761 5252 2855 5304 per
2901 5244 2981 5289 tot
3022 5234 3299 5290 obstacula
3340 5242 3592 5288 ca'catur.
3638 5234 3750 5287 ιιι-ι-

2187 5347 2304 5385 mus
2326 5344 2453 5397 ergo
2482 5328 2676 5397 gradus
2717 5337 2818 5389 est,
2848 5336 2907 5380 ut
2935 5342 2992 5380 se
3020 5326 3085 5378 ad
3110 5340 3168 5379 se
3197 5324 3428 5393 colligat.
3459 5322 3750 5390 Secundus,

2185 5425 2242 5466 ut
2273 5413 2449 5465 videat
2474 5410 2652 5478 qualis
2680 5417 2764 5463 est
2788 5410 2929 5477 quod
2974 5408 3207 5477 colligat.
3234 5407 3467 5470 Tertius,
3494 5416 3554 5459 ut
3600 5422 3760 5477 super

2186 5501 2526 5567 semetipsam
2577 5506 2789 5566 surgat,
2822 5512 2887 5551 ac
2934 5511 2993 5549 se
3046 5495 3485 5564 contemplationi
3526 5497 3760 5549 ancteris

2190 5588 2469 5642 invisibilis
2515 5586 2838 5639 intendendo
2885 5584 3153 5652 subjiciat,
3194 5584 3288 5638 sed
3329 5598 3387 5637 se
3414 5583 3479 5637 ad
3510 5598 3569 5636 se
3618 5583 3762 5637 nullo

2191 5679 2345 5730 modo
2382 5676 2602 5744 colligit.
2638 5676 2737 5727 nisi
2789 5674 3037 5729 didicerit
3086 5684 3423 5726 terrenarum
3458 5679 3622 5739 atque
3651 5692 3760 5725 eti--

2192 5769 2398 5819 :estiutu
2433 5766 2719 5831 imaginum
2743 5768 3113 5834 phantasmata
3139 5764 3206 5817 ab
3226 5763 3381 5817 oculo
3403 5764 3601 5821 utentis
3624 5779 3765 5817 cotu-
