3950 6320
198 389 305 445 9ιῦ

197 518 325 571 pcsc
331 522 359 556 t'
368 518 421 554 re

198 592 457 660 quidquid
493 591 561 646 de
606 592 855 653 odoratu,
901 589 1158 658 quidquid
1206 589 1273 643 de
1320 597 1467 643 tactu
1521 597 1575 642 et
1612 598 1771 658 gustu

194 697 462 751 corporeo
495 681 806 752 cogitationi
847 679 960 749 ejus
983 681 1299 743 occrrrrerit,
1330 694 1582 749 respuere
1614 690 1774 747 atquc

198 774 439 840 calcare,
473 781 738 842 qrratenus
768 772 922 826 talem
948 788 1004 826 se
1034 780 1240 842 qutcrat
1270 773 1432 837 intus,
1463 772 1638 841 qualis
1658 772 1774 827 sine

199 864 319 919 istis
338 874 440 918 est.
481 864 612 918 Nam
649 864 763 919 hmc
790 864 1005 933 quando
1052 864 1286 935 cegitat,
1328 864 1481 933 quasi
1513 864 1771 933 quasdaru

170 954 421 1028 .urnbras
452 968 740 1023 corporum
779 953 1043 1007 introrsus
1094 961 1299 1007 versat.
1338 951 1613 1021 Abigcnda
1646 968 1773 1021 ergo

197 1054 325 1098 sunt
354 1045 534 1098 omnia
561 1060 721 1100 manu
752 1043 1090 1099 discretionis
1117 1045 1182 1098 ab
1210 1043 1382 1097 oculis
1404 1043 1617 1107 mentis,
1644 1057 1773 1112 qua-

198 1146 355 1188 tcrms
390 1134 546 1189 talerrr
570 1149 629 1188 se
650 1133 826 1188 anima
848 1133 1173 1197 consideret,
1197 1133 1372 1203 qualis
1395 1133 1495 1187 sub
1526 1133 1657 1198 Deo,
1681 1150 1770 1186 su-

194 1241 295 1295 per
315 1241 508 1295 corpus
532 1234 713 1281 creata
752 1233 867 1289 est;
897 1234 956 1278 ut
982 1240 1009 1277 ει
1036 1225 1314 1293 superiore
1337 1223 1624 1287 viviticata,
1648 1224 1777 1278 vivi-

197 1317 322 1370 licet
355 1316 581 1370 inferius
621 1315 762 1383 qrrod
810 1315 1190 1369 administrat:
1221 1331 1342 1385 quae
1387 1324 1441 1367 et
1469 1314 1549 1368 sic
1598 1313 1772 1369 infusa

193 1418 301 1471 cst,
334 1417 393 1461 ut
435 1423 537 1460 non
569 1422 666 1476 per
696 1406 1060 1459 membrorum
1105 1414 1290 1474 partes
1331 1404 1571 1474 partibus
1600 1405 1670 1458 sit
1696 1405 1775 1459 di-

195 1500 343 1565 \isa;
377 1514 498 1552 nam
528 1498 581 1551 in
622 1497 859 1566 quolibet
885 1497 1002 1552 loco
1030 1513 1153 1567 pars
1178 1498 1421 1566 corporis
1452 1498 1497 1551 si
1543 1498 1775 1566 percuti—

194 1598 307 1652 tur,
338 1598 445 1641 tota
484 1587 646 1642 dolet.
677 1586 812 1640 Miro
845 1595 1025 1640 autem
1056 1588 1213 1641 rnudo
1241 1601 1344 1640 una
1379 1587 1673 1657 eademque
1700 1587 1775 1640 vi-

192 1677 503 1730 \iiicatione
535 1675 792 1729 ruerrrbris
824 1674 1140 1746 praesidens,
1181 1692 1302 1730 cum
1336 1677 1448 1745 ipsa
1486 1693 1582 1746 per
1626 1685 1775 1730 natu-

192 1783 312 1820 ram
342 1783 444 1820 non
471 1767 682 1821 diversa
726 1766 815 1831 sit,
840 1782 935 1836 per
962 1782 1158 1836 corpus
1184 1774 1361 1820 tanren
1401 1768 1512 1838 agit
1539 1768 1770 1822 diversa.

1121 386 1467 442 currrrrgs'r.
1510 388 1574 442 rx
1614 370 2059 442 ezrarznreerrr.
2102 417 2164 424 .-
2208 386 2332 439 Lm.
2379 385 2488 438 xv.

479 520 488 553 :
530 500 783 570 quidquid
835 500 897 554 dc
954 500 1089 564 visu,
1149 499 1409 569 quidquid
1449 500 1513 555 de
1566 499 1769 561 auditu,
1805 504 1846 558 Α
1877 494 2055 549 calore
2086 494 2254 547 tutum
2278 494 2432 547 durat
2460 501 2511 547 ct
2540 507 2717 545 ceram
2742 492 2927 561 liquat.
2957 490 3062 546 Sed
3093 490 3318 546 fortasse
3344 493 3443 547 hoc

3340 386 3442 439 ειιι

1875 586 1925 638 ιιι
1978 594 2163 638 natura
2207 585 2301 639 luti
2329 584 2413 638 vct
2457 600 2595 638 certe
2624 591 2728 648 est,
2767 600 2870 637 non
2918 585 2970 637 in
3013 585 3125 654 ipsa
3163 583 3293 639 solis
3324 584 3443 638 sub-

1874 676 2090 739 stantia,
2121 690 2239 742 qrra:
2261 674 2313 729 in
2345 673 2552 728 naturis
2571 658 2819 737 diversis,
2848 674 3057 727 diversa
3082 674 3292 728 videtur
3316 688 3444 743 ope-

1875 766 2001 818 rari.
2061 766 2409 835 Omnipotens
2442 774 2620 818 autem
2665 764 2805 819 Deus
2850 764 2904 817 iu
2949 764 3235 836 semetipso
3283 764 3443 821 habet

1874 858 1989 911 sine
2020 852 2389 911 immutatione
2430 856 2706 910 mutabilia
2749 856 3049 925 disponere,
3078 857 3191 912 sive
3221 857 3439 912 diversi-

1878 957 1985 1001 tate
2004 948 2085 1002 sui
2116 948 2325 1002 diversa
2371 962 2551 1017 agerc,
2585 948 2698 1001 sive
2744 947 3127 1017 cogitationum
3174 948 3446 1003 vicissitu-

1873 1042 1996 1094 dine
2024 1041 2301 1094 dissimilia
2351 1043 2585 1095 formare
2615 1040 2769 1109 longe
2795 1038 3142 1104 dissimiliter,
3188 1034 3445 1109 Operatirr

1874 1130 2153 1184 dissimilia
2199 1145 2470 1199 nunquam
2497 1129 2599 1183 sibi
2642 1129 2917 1184 dissimilis
2946 1128 3086 1183 Deus
3122 1128 3211 1198 qui
3243 1136 3301 1181 et
3327 1127 3443 1183 trhi-

1875 1236 1977 1288 que
2006 1228 2105 1281 est,
2125 1228 2178 1272 ct
2196 1219 2392 1288 ubique
2418 1226 2561 1274 totus
2592 1227 2693 1274 est.
2725 1220 2815 1273 Ait
2839 1219 2983 1273 enim
3004 1236 3016 1272 :
3040 1237 3057 1269 ι
3078 1217 3283 1273 Cretum
3313 1217 3445 1271 mihi

1875 1308 2028 1363 sedes
2062 1319 2161 1372 est,
2195 1317 2337 1363 terra
2390 1318 2571 1363 arrterrr
2624 1308 2915 1363 scabctlurn
2954 1309 3144 1377 pedurrr
3202 1321 3445 1361 meorum

1876 1399 2009 1470 (lsa.
2044 1402 2210 1469 ιλιι).
2242 1400 2306 1453 Et
2333 1400 2398 1455 de
2447 1401 2564 1470 ipso
2592 1400 2847 1468 scriptum
2902 1408 2986 1453 est
3039 1398 3162 1466 quia
3195 1418 3212 1447 ι
3251 1396 3443 1451 emtum

1877 1491 2093 1544 metitur
2134 1491 2330 1559 palmo,
2378 1499 2432 1544 et
2487 1499 2688 1545 terram
2739 1489 2938 1559 pugillo
2979 1487 3253 1542 concludit
3294 1486 3441 1556 (18a.

1875 1581 1995 1649 χι).
2034 1603 2051 1633 ι
2091 1582 2161 1634 Es
2191 1596 2293 1636 uua
2342 1598 2400 1636 re
2450 1581 2790 1635 considerare
2842 1594 3060 1633 necesse
3083 1587 3186 1641 est,
3236 1578 3359 1646 quia
3400 1576 3448 1631 is

1876 1670 1965 1738 qui
2002 1686 2068 1723 Cu
2090 1670 2141 1723 to
2168 1670 2312 1723 velut
2346 1671 2457 1723 sedi
2487 1670 2755 1739 praesidet,
2788 1684 2948 1737 super
2969 1677 3022 1722 et
3052 1668 3195 1721 intus
3223 1675 3306 1721 est
3346 1683 3359 1719 :
3392 1673 3450 1721 et

1876 1761 1967 1830 qui
1992 1761 2184 1815 coelum
2208 1762 2406 1830 palmo,
2438 1771 2492 1815 et
2519 1769 2714 1814 terram
2748 1760 2946 1831 pugillo
2974 1759 3264 1823 concludit,
3294 1766 3447 1813 esteo

190 1857 311 1927 Ipsa
339 1857 535 1925 quippe
562 1865 646 1910 est
676 1871 796 1924 qua:
836 1872 931 1926 per
953 1856 1139 1911 oculos
1166 1856 1319 1923 vidit,
1352 1873 1447 1926 per
1473 1872 1634 1911 aures
1677 1874 1771 1910 au-
1800 1848 1845 1904 B
1878 1852 2008 1915 rius,
2037 1852 2286 1920 superius
2309 1859 2363 1906 ct
2398 1845 2619 1906 inferius
2647 1860 2749 1906 est.
2784 1850 2855 1905 Ut
2882 1866 3009 1921 ergo
3039 1850 3300 1905 indicaret
3332 1864 3448 1901 om-

187 1947 294 2009 dit,
327 1960 420 2014 per
452 1962 612 1999 nares
653 1947 930 2011 odoratrrr,
954 1962 1052 2015 per
1079 1963 1141 2001 os
1167 1956 1377 2017 gustat,
1409 1962 1507 2017 per
1536 1950 1775 2002 membra

185 2038 374 2090 munia
401 2037 571 2107 tangit
592 2052 605 2089 :
628 2047 684 2091 et
712 2039 997 2108 tangendo,
1024 2038 1142 2093 terre
1162 2040 1230 2093 ab
1253 2055 1447 2109 aspero
1471 2041 1728 2095 discernit
1757 2059 1769 2094 :

186 2139 243 2181 ct
274 2145 395 2182 cum
430 2137 537 2183 tam
595 2130 806 2183 diversa
846 2139 1103 2200 operatur
1147 2148 1240 2201 per
1268 2148 1479 2197 sensus,
1524 2150 1630 2187 non
1662 2136 1775 2189 luce

186 2219 428 2282 diversa,
452 2218 544 2272 sed
577 2234 681 2272 una
703 2219 789 2273 illa
820 2220 870 2273 in
913 2236 1002 2290 ‘ua
1030 2229 1211 2276 creata
1238 2229 1320 2277 est
1348 2222 1556 2277 ratione
1599 2223 1776 2292 dispo-

188 2314 291 2365 uit.
317 2312 449 2366 Cum
492 2329 621 2382 ergo
643 2313 875 2382 seipsam
921 2313 1034 2369 sive
1064 2315 1386 2385 imaginibus
1414 2316 1659 2385 corporis
1683 2333 1775 2369 co-

185 2402 347 2472 gitar,
366 2403 544 2454 auirna
563 2401 674 2469 jam
698 2403 931 2472 primum
954 2403 1152 2457 ostium
1177 2404 1425 2469 intravit;
1457 2405 1550 2458 sed
1578 2405 1647 2458 ab
1673 2405 1774 2458 hoc

185 2493 335 2545 ostio
368 2492 435 2546 ad
472 2492 619 2547 aliud
674 2493 929 2558 tenditur,
963 2502 1021 2547 ut
1051 2494 1117 2548 de
1167 2504 1359 2548 natura
1388 2494 1773 2563 omnipotentis

188 2581 290 2634 Dei
321 2581 521 2649 aliquid
570 2581 985 2650 contempletrrr.
1016 2582 1210 2636 Anima
1243 2583 1423 2652 itaque
1451 2583 1504 2637 in
1547 2598 1777 2653 corpore

188 2673 305 2727 vita
337 2682 417 2727 cst
454 2674 653 2728 carnis.
690 2674 831 2728 Deus
875 2688 1004 2728 vero
1030 2674 1119 2744 qui
1172 2675 1407 2729 viviticat
1434 2676 1614 2729 omnia
1664 2677 1772 2729 vita

188 2774 282 2818 est
308 2764 629 2817 animarum.
665 2762 722 2818 Si
764 2765 926 2834 igitur
957 2774 1120 2820 tanta:
1157 2774 1240 2820 est
1282 2768 1688 2837 magnitudinis,
1718 2780 1776 2823 ut

185 2853 576 2921 comprehendi
616 2869 718 2906 non
762 2854 930 2923 possit
953 2855 1061 2909 vita
1091 2855 1381 2922 viviticata,
1413 2858 1535 2927 quis
1566 2858 1771 2913 intelle-

189 2954 285 2998 ctu
311 2945 765 3014 comprehendere
792 2946 984 3012 valeat,
1002 2957 1217 3016 quanta:
1246 2947 1544 3016 majestatis
1570 2952 1641 3006 sit
1664 2953 1773 3005 vita

185 3034 492 3088 vivificaris.
533 3034 637 3088 Sed
665 3036 766 3090 hoc
809 3036 979 3105 ipsum
1010 3039 1353 3094 considerare
1382 3048 1544 3111 atque
1574 3043 1773 3098 discer-

190 3138 325 3176 nere
344 3120 456 3189 jam
484 3133 565 3179 est
599 3124 934 3195 atiquaterurs
977 3128 1199 3181 intrare.
1225 3129 1361 3196 Quia
1383 3146 1449 3186 ex
1487 3147 1583 3186 sua
1628 3132 1775 3187 msti-

187 3214 430 3267 rnatione
456 3214 635 3267 anima
685 3215 887 3284 colligit
915 3217 1041 3285 quid
1076 3206 1144 3272 de
1170 3219 1638 3291 incircumscripto
1667 3222 1773 3290 spi-

191 3305 302 3358 .ittr
355 3304 581 3367 sentiat,
627 3320 747 3373 qua:
791 3305 1404 3376 incornpretrensibiliter
1451 3311 1607 3381 regit,
1655 3326 1774 3379 qua)

188 3394 808 3463 incomprehensibilitcr
828 3396 1050 3450 creavit.
1082 3396 1340 3453 Conditor
1360 3400 1559 3453 etenim
1592 3409 1776 3455 noster

187 3482 351 3549 longe
396 3482 886 3551 iumrnparabilitcr
930 3493 1195 3538 creaturae
1238 3501 1350 3541 sua:
1400 3488 1669 3557 praesidet,
1721 3498 1776 3543 et

190 3571 438 3640 quredarn
455 3581 709 3642 operatur
733 3581 791 3625 ut
810 3573 940 3633 sint.
957 3590 1056 3628 nec
1078 3582 1255 3630 tarrren
1281 3577 1483 3630 vivant.
1518 3578 1773 3644 Quantam

191 3679 328 3717 \ero
360 3674 415 3717 ut
437 3664 544 3717 sint
575 3672 629 3717 et
651 3665 861 3729 vivant,
902 3680 998 3718 nec
1030 3674 1206 3720 tarrreu
1238 3667 1543 3723 discernere
1574 3670 1774 3739 aliquid

189 3756 262 3807 de
307 3755 408 3806 vita
439 3754 668 3807 valeant.
695 3753 947 3819 Quantam
970 3765 1149 3809 autern
1182 3765 1239 3810 ut
1266 3758 1375 3811 sint
1403 3758 1584 3812 vivant
1612 3768 1775 3829 atque

190 3847 525 3898 disrcrrraut.
556 3846 620 3897 Et
645 3854 899 3915 operatus
930 3862 1067 3900 unus
1091 3848 1296 3914 omnia,
1328 3849 1421 3903 sed
1452 3850 1504 3903 in
1528 3851 1776 3905 orrrnibrrs

189 3951 301 3990 uorr
335 3936 536 3989 divisus
570 3953 582 3989 :
612 3946 694 3989 cst
739 3938 1053 3993 cnim'vcre
1088 3954 1351 4005 sunrmus,
1400 3950 1455 3995 et
1500 3958 1773 4012 nunquam

190 4031 297 4086 sibi
328 4030 623 4085 dissimilis.
672 4031 863 4085 Anima
892 4033 991 4087 etsi
1035 4049 1132 4103 per
1173 4043 1419 4088 naturam
1460 4035 1773 4106 sibimetipsi

190 4124 405 4176 diversa
438 4138 542 4175 nou
565 4132 665 4185 est,
698 4139 793 4192 per
819 4125 1198 4193 cogitationem
1232 4134 1408 4180 tamen
1431 4127 1643 4180 diversa
1670 4136 1771 4181 est.

190 4214 271 4267 Eo
298 4213 442 4267 enim
486 4214 739 4267 momenti
772 4215 878 4269 ictu
907 4231 1014 4284 quo
1053 4217 1120 4271 de
1167 4217 1283 4272 visu
1315 4218 1535 4288 cogitat,
1572 4219 1637 4274 de
1683 4236 1770 4281 au-

191 4304 309 4357 ditu
339 4302 574 4373 cogitare
596 4303 929 4358 obliviscitur
958 4320 971 4357 :
996 4315 1136 4361 eteo
1158 4308 1412 4362 momenti
1447 4307 1550 4361 ictu
1575 4323 1681 4376 quo
1708 4309 1775 4362 de

192 4392 379 4445 auditu
407 4390 489 4444 vel
517 4402 671 4462 gustu
721 4394 940 4463 cogitat,
972 4394 1037 4448 de
1069 4396 1294 4449 odoratu
1324 4395 1403 4448 vel
1439 4404 1586 4450 tactu
1626 4398 1773 4467 cogi-

1880 1941 2125 2010 uipoterrs
2182 1942 2326 1996 Deus
2377 1942 2685 1997 interiorem
2744 1956 2803 1995 se
2836 1957 2985 2005 esse,
3025 1950 3081 1995 ct
3116 1940 3445 2011 superiorem

1876 2028 2143 2094 orrruibus,
2175 2028 2371 2084 coelum
2401 2030 2501 2103 sibi
2524 2029 2636 2084 sedi
2659 2048 2779 2084 esse
2804 2030 3073 2099 perhibuit
3103 2048 3116 2082 :
3150 2037 3206 2082 ut
3232 2043 3361 2082 vero
3387 2043 3446 2081 se

1876 2120 2184 2174 ostenderet
2209 2121 2387 2173 omnia
2417 2120 2784 2183 circumdare,
2816 2121 3010 2176 cretum
3043 2121 3217 2174 metiri
3248 2120 3444 2189 patrno,

1873 2218 1929 2262 et
1960 2218 2156 2262 terrarrr
2181 2225 2238 2262 se
2263 2210 2456 2264 asserit
2486 2209 2684 2278 pugillo
2712 2210 3050 2264 concludere.
3079 2209 3195 2279 Ipse
3212 2217 3295 2265 est
3319 2225 3448 2279 ergo

1878 2300 2099 2354 interior
2126 2309 2181 2355 et
2216 2302 2473 2364 exterior,
2520 2302 2633 2371 ipse
2683 2300 2905 2355 inferior
2947 2311 3001 2356 et
3045 2302 3333 2371 superior:
3366 2318 3450 2357 re-

1877 2390 2048 2458 gendo
2073 2392 2336 2461 superior,
2360 2393 2623 2460 portando
2647 2392 2898 2457 inferior;
2926 2393 3176 2462 rcplendo
3199 2393 3445 2457 interior,

1876 2478 2260 2533 circurndanrlo
2288 2481 2539 2534 exterior.
2570 2482 2765 2549 Sieqrre
2789 2491 2873 2536 est
2900 2482 3063 2547 intus,
3081 2491 3140 2536 trt
3164 2490 3317 2536 extra
3339 2482 3408 2536 sit
3431 2502 3444 2536 :

1877 2574 1954 2627 sic
1986 2574 2285 2627 circumdat
2333 2584 2391 2628 ut
2420 2583 2679 2645 penetret.
2715 2574 2806 2631 Sic
2852 2576 3101 2645 prmsidet
3141 2584 3199 2630 ut
3234 2584 3444 2645 portet:

1876 2665 1951 2717 sic
1975 2674 2151 2733 portat
2180 2674 2238 2719 ιιι
2280 2666 2583 2734 praesideat.
2628 2664 2759 2719 Cum
2787 2681 2913 2736 ergo
2942 2666 3215 2721 sulrlevata
3251 2668 3318 2721 ad
3360 2682 3449 2722 se-

1875 2754 2045 2823 ipsam
2073 2755 2247 2808 anima
2300 2770 2455 2808 suum
2488 2755 2757 2809 modulum
2790 2764 2842 2810 et
2892 2756 3174 2827 intelligit,
3225 2764 3280 2810 et
3321 2758 3447 2827 quia

1874 2844 2172 2914 corporalia
2206 2846 2387 2898 omnia
2418 2845 2761 2900 transcendat
2795 2846 3056 2917 agnoscit,
3088 2854 3250 2917 atque
3274 2848 3341 2901 ab
3365 2847 3447 2900 in-

1877 2935 2093 2990 tellectrr
2120 2950 2219 2989 suo
2254 2952 2310 2989 sc
2336 2935 2402 2989 ad
2449 2937 2687 2990 auctoris
2712 2935 3054 3017 “intellectum
3094 2936 3279 2999 tendit,
3317 2938 3445 3005 quid

1866 3027 1978 3096 jam
2003 3028 2117 3082 haec
2144 3028 2246 3082 nisi
2273 3029 2495 3096 ostiurrr,
2516 3029 2657 3099 quod
2684 3038 2764 3084 est
2786 3038 2973 3084 contra
2996 3030 3190 3087 ostium
3223 3030 3450 3099 aspicit?

1882 3117 2031 3173 Unde
2061 3127 2116 3173 ct
2138 3119 2345 3173 auctori
2367 3120 2608 3174 omnium
2639 3119 2904 3188 Propheta
2932 3121 3099 3175 dicit:
3137 3140 3155 3171 ι
3194 3120 3453 3176 Mirabilis

1880 3208 2020 3263 facta
2043 3220 2125 3264 est
2156 3210 2377 3263 scicntia
2409 3219 2499 3264 tua
2527 3226 2590 3265 ex
2623 3225 2707 3265 me
2733 3208 2904 3282 (I’sal.
2947 3210 3227 3284 cxxxvnr).
3269 3230 3287 3263 ι
3313 3211 3448 3280 Quia

1879 3298 2270 3366 quantumlibet
2296 3298 2607 3365 intenderit,
2629 3314 2726 3354 nec
2750 3301 3092 3370 semetipsarn
3123 3302 3300 3357 anima
3331 3319 3449 3373 per-

1880 3386 2018 3443 tecte
2047 3387 2239 3443 srrttieit
2271 3398 2552 3458 penetrare
2584 3409 2595 3443 :
2627 3400 2825 3459 qrranto
2855 3392 3022 3461 magis
3065 3391 3208 3446 itlirrs
3238 3395 3449 3462 magni-

1881 3480 2120 3533 tudinem
2150 3481 2240 3550 qui
2288 3482 2459 3551 potuit
2485 3491 2539 3536 et
2581 3482 2812 3537 aninram
2840 3484 3070 3538 condere
3091 3483 3104 3535 !
3125 3484 3366 3554 Cumque
3396 3487 3447 3539 in

1880 3569 2117 3623 scientia:
2150 3570 2239 3625 Dei
2288 3571 2557 3626 intellectu
2590 3572 2858 3627 laboraret
2899 3573 3198 3628 lassescens
3226 3590 3290 3628 ac
3317 3574 3447 3628 deti-

1868 3658 2027 3711 .cieus
2075 3658 2682 3714 subdidit:t‘.onfortata
2727 3670 2809 3715 est
2848 3677 2945 3716 nec
2993 3671 3181 3731 potero
3210 3663 3274 3717 ad
3302 3678 3441 3716 eam.

1880 3748 1988 3803 Sed
2014 3766 2136 3803 cum
2166 3761 2422 3806 conantes
2463 3761 2621 3820 atque
2652 3752 2928 3806 tendentes
2963 3754 3215 3823 quiddam
3237 3753 3351 3825 jam
3382 3755 3448 3809 de

1881 3839 2133 3894 invisibili
2158 3851 2348 3893 natura
2374 3842 2683 3911 conspicere
2710 3841 2991 3907 lassarnur,
3015 3844 3443 3907 r'cvcr‘bcramrrr,

1881 3928 2190 3997 repellimur
2220 3944 2235 3981 ε
2268 3931 2368 3984 etsi
2419 3930 2671 3984 interiora
2702 3940 2985 3999 penetrare
3008 3948 3110 3985 non
3139 3948 3446 4002 possrrmus,

1881 4030 2055 4075 tamen
2072 4020 2184 4089 jam
2201 4022 2269 4076 ab
2289 4024 2543 4077 exteriori
2564 4025 2702 4079 ostio
2726 4025 2954 4079 interius
2973 4026 3166 4080 ostium
3184 4028 3443 4083 videmus.

1879 4112 1992 4182 Ipse
2019 4115 2163 4166 enim
2190 4114 2801 4169 considerationislatior
2825 4116 3018 4170 ostium
3043 4126 3120 4171 est
3155 4119 3245 4188 qui
3270 4106 3449 4173 esten;

1879 4203 1956 4255 dit
1978 4201 2179 4271 aliquid
2205 4217 2271 4256 ex
2299 4218 2365 4257 eo
2391 4204 2532 4272 quod
2561 4205 2705 4257 intus
2730 4212 2833 4267 est,
2859 4204 2959 4258 etsi
2993 4206 3167 4260 adhuc
3207 4207 3345 4275 qrrod
3370 4207 3449 4260 iu-

1878 4290 2151 4360 grcdiendi
2178 4298 2417 4357 potestas
2446 4309 2548 4345 non
2583 4302 2682 4346 est.

1955 4423 1973 4455 ι
2006 4405 2073 4457 Ει
2123 4404 2251 4458 fecit
2306 4404 2511 4460 frontes
2556 4423 2652 4476 per
2675 4409 2950 4478 sexaginta
3003 4413 3245 4475 cubitos,
3300 4412 3448 4464 ctarl

194 4496 312 4537 tare
341 4497 443 4535 non
469 4482 723 4551 praevalet
765 4485 930 4550 :quia
958 4500 1055 4552 per
1081 4486 1430 4540 intentionenr
1454 4494 1510 4540 et
1550 4487 1774 4542 oblivio-
1809 4528 1855 4584 Β
1887 4514 1902 4544 ι
1941 4493 2169 4549 frontem
2217 4494 2413 4548 atrium
2462 4504 2629 4563 porta:
2668 4498 2902 4567 undique
2941 4512 3037 4565 per
3061 4500 3367 4561 circuituru,
3393 4511 3447 4555 et

193 4591 319 4629 nem
366 4575 423 4627 tit
453 4588 665 4643 semper
707 4576 1025 4649 sibimetipsi
1056 4577 1352 4643 dissimilis,
1384 4587 1441 4632 ut
1480 4596 1621 4635 nunc
1650 4582 1772 4645 hoe,

194 4681 338 4719 nunc
359 4665 484 4718 illud
505 4666 831 4736 cogitatione
855 4676 1055 4721 teneat.
1072 4666 1422 4737 Omnipotens
1436 4677 1615 4724 autem
1635 4671 1775 4726 Deus

191 4758 322 4828 quia
352 4756 667 4826 sibimetipsi
698 4758 974 4813 dissimilis
997 4775 1103 4814 non
1145 4768 1244 4823 est,
1292 4776 1356 4814 ea
1386 4762 1585 4817 virtute
1610 4763 1772 4827 videt,

192 4865 301 4919 qua
327 4848 474 4901 audit
499 4848 676 4902 omnia
702 4867 715 4915 ;
745 4864 808 4903 ea
839 4851 1032 4905 virtute
1054 4860 1223 4916 creat,
1259 4867 1362 4921 qua
1396 4854 1598 4907 indicat
1625 4870 1775 4909 crea-

196 4950 374 4992 turam
390 4937 522 5006 ejus.
542 4939 679 5009 Ergo
708 4950 762 4993 et
784 4941 963 4995 videre
983 4941 1140 4995 simul
1171 4944 1775 5007 omnia,admiuistrare

193 5038 279 5081 est
325 5043 340 5080 :
382 5038 435 5083 ct
480 5031 856 5085 administrare
903 5034 1234 5101 conspicere.
1287 5034 1402 5087 Alia
1455 5036 1776 5105 cogitatione

197 5130 367 5186 rustos
412 5120 664 5189 adjuvat,
724 5130 884 5191 atque
938 5123 1040 5176 alia
1088 5124 1313 5193 injustos
1374 5126 1616 5179 danmat.
1671 5126 1775 5181 Sed

196 5226 302 5263 una
332 5209 518 5264 eadem
549 5220 887 5273 sexurratum
924 5212 1210 5280 singularis
1241 5214 1340 5267 sibi
1372 5229 1583 5283 semper
1607 5215 1773 5269 indis-

196 5300 390 5355 sinrilis
418 5299 694 5354 dissimilia
722 5302 976 5372 disponit.
1005 5304 1114 5357 Cur
1149 5314 1329 5360 autem
1353 5308 1454 5359 hoc
1490 5306 1555 5360 de
1590 5319 1774 5376 poten-

197 5392 270 5443 tia
294 5389 556 5444 creatoris
592 5389 938 5456 admiremur,
972 5393 1097 5462 quia
1128 5395 1340 5449 virtutis
1367 5396 1483 5465 ejus
1528 5397 1773 5466 vestigia,

197 5494 251 5537 et
289 5483 341 5535 in
372 5489 616 5536 creatura
660 5484 1039 5553 conspicimus.
1094 5485 1295 5540 Natura
1346 5488 1542 5557 quippe
1579 5488 1673 5541 tuti
1721 5498 1776 5543 et

195 5591 336 5628 θυι-ει)
360 5573 570 5627 diversa
604 5583 685 5628 est
717 5592 729 5625 ι
758 5576 885 5629 solis
906 5590 1035 5630 vero
1058 5577 1239 5631 radius
1270 5594 1374 5633 non
1398 5588 1480 5632 est
1506 5579 1771 5633 diversus.

196 5666 461 5726 littamerr
493 5679 614 5717 cum
638 5665 883 5719 diversus
918 5684 1021 5720 nou
1058 5669 1146 5730 sit,
1183 5668 1393 5723 diversa
1421 5679 1546 5723 sunt
1568 5686 1687 5739 qu.e
1717 5672 1769 5724 iu

191 5765 314 5809 tuto
341 5762 616 5822 operatur,
650 5764 702 5810 ct
754 5772 874 5811 cera
920 5760 1087 5826 :quia
1137 5775 1240 5811 uno
1289 5760 1477 5813 cedem
1521 5761 1600 5813 sui
1635 5761 1772 5829 ignis

1886 4602 1903 4634 ι
1941 4591 2064 4637 ante
2093 4582 2283 4638 faciem
2332 4594 2499 4654 porta:
2528 4602 2647 4655 qua:
2694 4586 3028 4656 pcrtingebat
3074 4604 3241 4658 usque
3271 4590 3335 4643 ad
3369 4592 3448 4644 fa—

1886 4693 1903 4724 c
1940 4674 2077 4728 ciem
2105 4675 2350 4729 vestibuli
2381 4684 2548 4745 porta:
2576 4677 2846 4732 interioris
2873 4679 3258 4748 quinquaginta
3292 4680 3443 4734 cubi—

1887 4782 1903 4811 ι
1942 4772 2044 4827 tos,
2076 4774 2130 4818 et
2151 4765 2414 4819 fenestras
2441 4767 2685 4836 obliqrras
2716 4768 2767 4819 in
2802 4767 3067 4830 thalamis,
3099 4778 3152 4822 et
3176 4770 3227 4822 in
3260 4768 3447 4824 fronti-

1886 4874 1902 4904 ι
1940 4856 2037 4908 trus
2086 4870 2413 4923 corumqua-
2462 4864 2613 4908 erant
2666 4856 2806 4910 intra
2848 4867 3058 4926 portam
3096 4860 3325 4929 undique
3350 4876 3447 4930 per

1884 4965 1903 4996 ι
1940 4946 2245 4998 circuitum.
2305 4944 2563 4999 Similiter
2587 4955 2762 5000 autem
2787 4956 2943 5002 erant
2984 4958 3037 5001 et
3072 4949 3125 5002 iu
3166 4951 3446 5007 vestibulis

1884 5056 1900 5085 ς
1941 5035 2189 5089 fenestra:
2218 5052 2311 5105 per
2340 5051 2528 5107 gyrum
2580 5038 2920 5103 irrtrinsecns,
2972 5049 3027 5093 et
3080 5049 3204 5095 ante
3237 5041 3443 5098 frontes

1883 5147 1899 5175 ι
1940 5126 2145 5194 pictura
2190 5127 2506 5194 palmarum.
2545 5147 2563 5177 ι
2596 5126 2862 5199 (Ηῐετοη.)
2896 5127 3032 5183 Ριιιο
3075 5139 3252 5185 autem
3303 5133 3446 5188 inter

1879 5222 2087 5267 murum
2137 5216 2313 5283 templi
2354 5216 2687 5270 extrinsecus
2733 5232 2827 5285 per
2858 5218 3140 5272 circuitum
3188 5231 3241 5274 et
3271 5223 3445 5292 ipsam

1877 5304 2042 5356 aedem
2071 5304 2122 5356 in
2154 5305 2313 5367 atrio,
2344 5305 2443 5360 hoc
2465 5306 2618 5360 estin
2648 5306 2840 5371 medio,
2866 5308 3106 5375 qutedam
3132 5309 3296 5365 fuisse
3326 5330 3452 5383 pro-

1879 5402 1995 5461 pter
2021 5402 2269 5446 orrraturn
2291 5394 2461 5462 posita
2482 5434 2496 5458 ,
2529 5410 2647 5463 qua:
2678 5394 3031 5465 Symmachus
3062 5401 3453 5468 interpretatur

1876 5484 2315 5547 circumstantias,
2363 5484 2413 5537 id
2443 5494 2543 5549 est,
2585 5488 2777 5539 stantia
2814 5488 3075 5555 qutedanr,
3109 5497 3163 5542 ct
3191 5491 3258 5545 de
3293 5501 3452 5549 terra:

1878 5579 1990 5633 solo
2012 5586 2191 5633 erecta
2224 5580 2277 5632 in
2306 5579 2532 5633 sublime
2558 5620 2571 5643 ,
2621 5588 2675 5633 et
2704 5581 2815 5634 lucc
2844 5584 3114 5652 sexaginta
3140 5586 3451 5643 cubitorum

1878 5670 2117 5723 obtinere
2181 5671 2429 5739 spatium.
2523 5670 2859 5740 Rursumque
2922 5674 3323 5742 egredientibus
3383 5680 3449 5732 de

1877 5767 2028 5826 porta
2061 5760 2298 5813 interiori
2332 5759 2395 5813 ad
2430 5758 2620 5813 faciem
2646 5763 2909 5825 vestibuli,
2943 5762 3084 5830 quod
3120 5766 3448 5833 respiciebat
