3950 6330
464 427 560 504 ξιτεδ

1095 424 1155 478 Β.
1200 422 1453 479 ΒᾹῐὶΛΝὶ
1497 423 1715 478 MAURI
1756 423 2057 480 AliClllEP

2163 426 2436 484 [OCUNT.
2475 426 2762 484 OPERUM
2801 428 2981 484 PARS
3021 429 3082 483 ll.

3648 431 3765 488 9i6

453 548 663 610 portam
696 536 1024 590 exteriorem
1069 533 1456 604 quinquaginta
1489 533 1699 586 cubitus
1741 532 2042 586 obtinuisse
2073 547 2116 600 Α
2147 535 2327 590 decies
2377 536 2538 591 ducta
2593 537 2645 592 in
2701 537 3111 608 sexagenarium
3155 548 3441 595 numerum
3491 552 3763 614 surgunt,

455 631 632 684 locum
682 627 734 681 in
782 624 979 696 quibus
1020 623 1269 678 fenestra:
1315 631 1472 677 erant
1513 621 1762 691 obliqua),
1794 636 1930 690 quas
1957 635 2047 675 se-

456 718 734 792 ptuaginta
783 715 1172 780 absconditas,
1223 711 1582 784 Symmachus
1616 712 1812 782 Iopicos
1867 720 2041 766 vocat.

450 809 520 866 Et
549 809 630 863 ha:
672 807 924 861 fenestrae
963 812 1120 859 erant
1145 803 1200 858 in
1232 803 1504 868 thalamis,
1538 803 1640 856 huc
1666 810 1770 866 est,
1801 804 1854 856 in
1893 803 2043 858 cubi-

453 900 586 957 culis
613 885 838 968 singulis
867 907 920 952 et
970 896 1289 968 porticibus,
1342 912 1464 967 quzc
1502 902 1627 950 ante
1653 895 1901 950 cubicula
1926 904 2045 950 ten-

452 991 748 1056 debantur,
772 989 1076 1045 obtinentes
1099 987 1311 1042 cubitus
1333 984 1745 1056 quinquaginta.
1799 984 1930 1051 Qua:
1963 983 2046 1039 fc—

451 1097 648 1142 nestra:
671 1085 903 1155 obliqua:
917 1082 1030 1138 sive
1047 1082 1223 1152 topice
1235 1079 1440 1136 idcirco
1454 1093 1483 1132 a
1498 1077 1709 1148 sagittis
1728 1076 2047 1132 vocabulum
2067 1120 2072 1126 .

451 1183 844 1248 perceperunt,
895 1173 1038 1244 quod
1087 1172 1256 1227 instar
1303 1170 1625 1241 sagittarum
1669 1174 1956 1237 angustum
1991 1165 2046 1220 in

452 1270 594 1324 {cdes
617 1269 798 1323 lumen
827 1267 1142 1330 immittam,
1170 1271 1224 1319 et
1248 1263 1576 1318 intrinsecus
1598 1259 1915 1324 dilatentur,
1937 1274 2048 1313 om-

454 1363 651 1432 niaque
708 1376 803 1432 per
878 1360 1164 1415 circuitum
1228 1356 1386 1427 plena
1450 1360 1607 1407 erant
1676 1350 2046 1420 hujuscemodi

453 1453 728 1508 fenestris.
788 1451 854 1506 Et
891 1458 1018 1505 ante
1062 1451 1300 1514 frontes,
1353 1435 1558 1515 inquit,
1603 1441 1912 1515 pohicuum
1961 1443 2044 1514 pi-

453 1552 605 1596 rtnra
651 1536 764 1596 sive
792 1541 1046 1596 ca~latura
1093 1539 1392 1609 palmarum
1430 1554 1441 1589 :
1469 1550 1566 1604 per
1593 1549 1714 1604 quae
1742 1531 2048 1587 ostenditur

448 1628 507 1687 in
533 1633 754 1688 introitu
794 1635 1000 1704 portae,
1043 1631 1334 1698 statimque
1366 1625 1792 1696 ingredientibus
1831 1638 2045 1677 murum

455 1715 731 1797 schginta
777 1739 1068 1780 occurrere
1112 1723 1314 1785 cubita,
1365 1736 1488 1776 cum
1521 1719 1684 1775 variis
1711 1717 2073 1775 ornamentis‘

453 1833 574 1887 qua:
601 1818 910 1874 referuntur
942 1815 1009 1870 ad
1036 1813 1399 1869 conditionem
1439 1809 1623 1866 mundi
1659 1827 1672 1863 :
1717 1816 1773 1864 ut
1796 1825 1864 1863 ex
1895 1822 2047 1862 crea-

2157 636 2301 682 recte
2349 643 2446 697 per
2493 628 2774 699 sexaginta
2819 629 3034 687 cubitus
3068 630 3334 686 bonorum
3365 648 3594 702 operum
3626 652 3769 707 per—

2150 716 2315 772 fectio
2355 718 2684 788 designatur.
2744 719 2897 787 Quod
2939 731 3126 792 aperte
3172 723 3336 778 etiam
3379 723 3650 782 Dominus
3703 728 3767 783 in

2150 811 2440 884 Evangelio
2471 813 2748 884 designat;
2780 814 2870 883 qui
2914 830 3035 869 cum
3073 816 3390 885 parabolam
3427 820 3771 876 seminantis

2149 912 2467 973 exponeret,
2498 905 2632 959 dixit
2660 923 2671 958 :
2696 902 2853 958 Aliud
2881 905 3077 960 cecidit
3115 907 3169 960 in
3201 915 3402 962 terram
3438 910 3672 976 bonam,
3707 919 3773 967 et

2150 997 2315 1051 (labat
2339 995 2572 1052 fructum
2607 996 2987 1052 ascendentem
3037 1007 3093 1053 ct
3134 1012 3472 1056 crescentem
3498 1019 3512 1056 :
3536 1014 3590 1058 et
3613 1002 3770 1059 affe-

2153 1089 2306 1142 rrhat
2330 1105 2495 1143 unum
2524 1089 2769 1160 triginta,
2809 1105 2974 1144 unutn
3004 1092 3307 1160 sexaginta,
3338 1101 3393 1148 et
3423 1111 3588 1149 unum
3615 1110 3771 1150 mn-

2151 1188 2284 1236 tum.
2313 1181 2543 1241 Fructus
2570 1182 2769 1237 etenim
2797 1189 2954 1238 teme
2984 1184 3138 1239 bonae
3171 1185 3390 1257 triginta
3413 1186 3591 1253 affert,
3625 1201 3771 1243 cum

2151 1287 2304 1327 tnens
2342 1271 2737 1342 perfectionem
2763 1272 2905 1337 fidei,
2954 1289 3074 1344 quae
3097 1283 3181 1330 est
3213 1275 3264 1329 in
3297 1275 3590 1341 Trinitate,
3618 1292 3772 1333 con-

2149 1381 2194 1420 Ct
2213 1366 2375 1436 perit.
2400 1363 2695 1436 Sexaginta
2711 1364 2888 1432 aﬂert,
2912 1381 3035 1420 cum
3062 1365 3216 1421 bona:
3242 1368 3365 1421 vitae
3381 1382 3545 1437 opera
3571 1370 3770 1438 perfe-

2149 1463 2232 1510 cta
2263 1455 2569 1526 protulerit.
2631 1455 2861 1511 Centum
2900 1472 3029 1512 vero
3069 1454 3249 1522 affert,
3281 1472 3402 1512 cum
3433 1459 3501 1514 ad
3531 1471 3770 1514 aeterna:

2151 1547 2273 1601 vitm
2310 1546 2820 1616 contemplationem
2861 1547 3170 1618 profecerit.
3220 1547 3456 1604 Sinistra
3485 1551 3630 1605 enim
3658 1566 3767 1605 no-

2149 1644 2264 1690 stra
2309 1643 2394 1691 est
2431 1649 2674 1706 praesens
2715 1635 2826 1691 vita
2869 1655 2882 1690 :
2921 1636 3147 1692 dextera
3181 1654 3330 1703 vero,
3357 1639 3466 1692 vita
3499 1649 3764 1694 ventura.

2148 1726 2216 1780 Et
2238 1714 2382 1782 recte
2405 1742 2502 1796 per
2541 1729 2913 1783 centenarium
2937 1743 3218 1785 numerum
3242 1738 3462 1784 :eternaa
3483 1731 3604 1787 vita:
3626 1746 3770 1788 con—

2152 1814 2426 1885 templatio
2451 1815 2766 1887 designatur
2794 1819 2948 1886 :qnia
2970 1833 3092 1873 cum
3107 1827 3228 1888 post
3258 1819 3479 1891 triginta
3508 1836 3571 1875 ac
3593 1836 3764 1877 sexa-

457 1908 594 1964 turis
622 1906 844 1963 Creator
872 1905 1232 1978 intelligatur,
1268 1912 1325 1958 et
1363 1902 1544 1956 omnia
1567 1900 1760 1956 ordine
1785 1907 1841 1955 et
1869 1897 2035 1952 ratio-
2072 1899 2114 1958 B
2142 1905 2287 1975 ginta
2333 1906 2398 1962 ad
2427 1909 2782 1962 centesimum
2833 1923 3117 1964 numerum
3173 1912 3535 1980 computando
3563 1927 3769 1982 ρει-νο.

457 2015 522 2053 ne
551 1997 823 2053 currentia
850 1996 1140 2051 ostendant
1166 1992 1347 2048 mundi
1382 1992 1722 2058 varietatem,
1762 1989 1853 2060 qui
1901 1989 2042 2060 apud

456 2091 674 2145 Gut-cos
701 2089 912 2158 κόσμος.
936 2087 1004 2141 ab
1030 2094 1223 2141 ornatu
1258 2099 1454 2139 nomen
1489 2084 1731 2154 accepit,
1778 2089 1833 2138 et
1867 2082 1920 2136 in
1949 2097 2040 2137 sex

455 2182 644 2237 diebus
675 2180 846 2236 factus
870 2186 955 2233 est
978 2221 992 2244 ,
1046 2187 1104 2232 ut
1151 2193 1247 2247 per
1272 2175 1511 2245 singulos
1537 2175 1655 2230 dies
1680 2173 1894 2229 dccadze
1928 2172 2044 2228 sin-

457 2273 594 2346 gula:
623 2279 1005 2343 supputentur,
1037 2286 1197 2340 quem
1232 2267 1530 2339 perfectum
1561 2282 1844 2322 numerum
1883 2281 2044 2336 supra

457 2369 710 2421 diximus.
746 2365 874 2420 Post
903 2365 1019 2420 lucc
1051 2364 1477 2434 ingredientibus
1505 2363 1659 2417 nobis
1685 2363 1881 2416 atrium
1909 2362 2048 2416 inte-

461 2458 572 2512 rius
598 2465 894 2511 occurrunt
917 2465 1041 2510 ante
1067 2454 1240 2524 ipsmn
1271 2452 1594 2508 vestibulum
1631 2462 1799 2522 portae
1825 2452 2048 2508 interio-

460 2549 535 2603 ris
565 2547 783 2602 thalami
810 2561 932 2601 cum
961 2545 1194 2615 obliquis
1225 2543 1496 2599 fenestris.
1525 2543 1923 2613 Quinquaginta
1951 2558 2048 2596 cu-

459 2639 693 2693 bitorum
750 2645 936 2692 tenent
986 2636 1242 2706 spatium,
1302 2635 1392 2704 qui
1455 2641 1511 2688 et
1558 2633 1674 2704 ipse
1697 2641 1942 2689 sacratus
1968 2640 2052 2688 est

462 2746 737 2787 numerus.
791 2731 858 2786 Et
886 2737 1009 2800 post
1039 2738 1244 2798 srptcm
1274 2726 1643 2782 hebdomadas
1671 2727 1857 2796 plenas
1895 2725 2048 2780 festi-

464 2826 645 2882 vitatis
690 2835 745 2881 ct
783 2823 962 2896 gaudii
991 2864 1006 2888 ,
1056 2822 1313 2879 ocdoadis
1353 2821 1526 2890 prima
1558 2819 1908 2888 incipitdies,
1934 2835 2053 2888 quae

462 2927 544 2974 est
591 2913 1128 2975 resurrectioniszet
1181 2911 1474 2970 introducit
1528 2924 1627 2967 nos
1679 2911 1746 2964 ad
1799 2910 2052 2964 viciniam

466 3010 667 3082 templi.
704 3009 838 3064 Cum
864 3008 1009 3064 enim
1040 3007 1221 3063 omnia
1249 3005 1570 3070 fecerimus,
1614 3013 1834 3075 agentes
1859 3002 2056 3072 prioris

463 3104 669 3158 erroris
711 3099 1093 3172 pmnitentiam
1121 3141 1135 3165 ,
1188 3108 1317 3154 tunc
1358 3096 1520 3152 vicini
1545 3103 1600 3150 et
1636 3093 1868 3165 proximi
1898 3091 2057 3147 cilici-

465 3210 586 3249 mur
630 3195 738 3248 Deo
764 3233 777 3256 ,
828 3199 889 3245 ut
932 3192 982 3246 in
1027 3189 1285 3246 exteriori
1333 3187 1472 3242 atrio
1513 3187 1756 3241 notitiam
1782 3185 2058 3264 Creatoris

466 3290 842 3340 creaturarum
892 3280 1026 3337 ordo
1070 3295 1168 3335 nos
1212 3279 1402 3334 doceat
1434 3287 1597 3346 atque
1631 3276 1952 3338 constantia,
2001 3281 2057 3330 et
2084 3272 2127 3333 C
2160 3275 2337 3330 adhuc
2384 3275 2514 3330 latet
2559 3276 2903 3331 intrinsecus.

469 3375 524 3428 in
552 3372 819 3437 interiori,
835 3369 1280 3432 verusJubilacu‘s,
1299 3369 1350 3421 in
1374 3384 1480 3437 qtto
1507 3360 1863 3421 omnianubis
1876 3366 2054 3419 debita

470 3465 854 3526 dimittuntur,
903 3463 1135 3516 instruat
1187 3462 1484 3533 θεοὶογίαν,
1539 3467 1594 3513 et
1638 3458 1946 3512 intruducat
1990 3456 2056 3510 ad

468 3566 652 3615 sancta
680 3551 1010 3611 sanctorum.
1071 3553 1373 3608 Notandum
1401 3566 1616 3622 quoque
1645 3551 1788 3621 quod
1825 3550 2058 3604 interius

471 3649 670 3703 atrium
721 3647 903 3716 plures
964 3644 1232 3700 fenestras
1286 3644 1513 3708 habeat,
1571 3659 1677 3696 non
1727 3642 1962 3696 directas
2006 3649 2061 3695 et

470 3742 705 3810 aequales
729 3781 743 3806 ,
795 3739 888 3795 sed
934 3739 1184 3807 obliquas
1227 3746 1284 3791 et
1328 3728 1587 3806 angustas
1616 3737 1877 3801 exterius,
1910 3743 1966 3789 et
2003 3751 2061 3789 se

472 3833 802 3887 intrinsecus
848 3829 1169 3893 dilatantes,
1205 3835 1264 3881 ut
1311 3841 1407 3896 per
1451 3842 1617 3897 parva
1646 3826 1891 3896 qumdam
1919 3824 2062 3880 fura—

474 3926 618 3979 mina
651 3922 918 3992 possimus
948 3921 1016 3976 ad
1062 3920 1316 3975 interiora
1346 3928 1660 3989 penetrare,
1692 3926 1748 3972 et
1774 3917 1838 3970 ad
1869 3916 2060 3970 claris-

419 4024 423 4029 ‘
473 4015 596 4069 simi
627 4013 863 4075 luminis,
894 4011 1035 4080 quod
1075 4018 1321 4065 versatur
1348 4009 1401 4062 in
1429 4007 1648 4076 templo,
1674 4005 2061 4076 plenitudinem

475 4104 772 4176 pervenire.
823 4103 1064 4170 Denique
1087 4109 1205 4170 post
1226 4097 1569 4168 septuaginta
1599 4105 1654 4150 et
1677 4095 2061 4166 quinquaginta

476 4197 691 4251 cubitus
734 4203 788 4249 et
819 4193 1104 4257 thalamos,
1157 4199 1211 4244 et
1261 4190 1522 4260 porticus,
1571 4196 1625 4244 ct
1665 4187 1868 4241 frontes
1898 4189 2066 4257 porti-

478 4302 662 4351 cuum,
692 4295 747 4339 ct
781 4284 1045 4338 fenestras
1074 4281 1337 4351 plurimas
1357 4318 1371 4342 ,
1420 4295 1516 4349 per
1549 4277 1832 4334 circuitum
1860 4279 2066 4347 palma—

485 4395 622 4443 rum,
675 4380 828 4433 nobis
877 4378 1133 4432 caelatura
1180 4375 1262 4428 vel
1292 4375 1500 4444 pictura
1529 4381 1881 4436 monstratur,
1915 4379 1972 4425 ut
2002 4371 2067 4424 de

484 4471 682 4523 mundo
723 4470 1004 4523 victoriam
1051 4467 1389 4536 possidentes
1433 4465 1576 4535 digni
1628 4463 1922 4518 ciliciatnur
1958 4463 2068 4531 pztl-

487 4574 602 4613 mas
643 4559 824 4612 videre
859 4557 1139 4610 virtutum.
1166 4554 1463 4624 Sequitur:
1517 4581 1530 4600 ε
1567 4555 1631 4606 Et
1673 4553 1816 4618 fecit,
1873 4552 2063 4622 inquit,

2149 1997 2346 2064 nimus,
2386 1997 2525 2053 idem
2558 2001 2905 2055 centonarius
2933 2001 2988 2054 in
3027 2001 3306 2055 dexteram
3339 2002 3552 2056 transit.
3589 2003 3766 2060 Fides

2149 2097 2312 2158 atque
2337 2090 2582 2159 operatio
2610 2090 2785 2146 adhuc
2811 2092 2866 2146 in
2915 2091 3135 2147 sinistra
3164 2101 3268 2159 est,
3299 2094 3426 2163 quia
3457 2093 3548 2149 hic
3574 2095 3764 2151 adhuc

2149 2180 2329 2252 positi,
2353 2188 2408 2236 et
2428 2181 2701 2238 credimus
2721 2181 2863 2253 quod
2885 2197 2992 2237 non
3016 2183 3282 2250 videmus,
3298 2193 3353 2240 et
3373 2198 3671 2254 operamur
3699 2195 3762 2242 ut

2153 2271 2456 2333 videamus.
2519 2267 2652 2356 Cum
2698 2288 2828 2328 vero
2853 2273 2964 2344 jam
3003 2288 3062 2329 se
3092 2274 3305 2329 animus
3338 2275 3391 2328 in
3414 2275 3760 2346 contempla-

2156 2363 2302 2416 tione
2351 2369 2568 2417 acterna:
2609 2363 3134 2434 vitze'sttspendcrit,
3183 2364 3338 2435 quasi
3366 2365 3433 2418 ad
3466 2365 3755 2420 dexteram

2155 2470 2379 2508 manum
2403 2462 2687 2524 computus
2717 2456 2981 2524 pervenit.
3034 2455 3186 2509 Fecit
3215 2455 3398 2524 itaque
3421 2454 3626 2512 frontes
3652 2471 3757 2527 per

2153 2545 2432 2616 sexaginta
2465 2545 2708 2612 cubitus;
2753 2546 2880 2615 quia
2907 2547 3052 2626 enim
3081 2563 3179 2618 per
3208 2548 3621 2620 sexagenarium
3652 2565 3752 2603 nu‘

2157 2651 2362 2690 merum
2391 2635 2680 2708 perfectio,
2717 2637 2845 2706 quid
2872 2652 2969 2707 per
3002 2637 3210 2694 frontes
3239 2639 3474 2700 azd'rftcii.
3502 2640 3604 2694 nisi
3632 2641 3755 2710 ipsa

2156 2741 2319 2796 opera
2343 2725 2717 2797 designantur,
2742 2743 2862 2797 qua:
2892 2729 3133 2783 exterius
3158 2729 3449 2783 videntur?
3479 2729 3754 2786 Praedica-

2160 2818 2322 2873 tionis
2364 2817 2512 2873 enim
2565 2817 2785 2872 verbum
2818 2819 3081 2888 proximis
3133 2820 3390 2886 tribuere,
3415 2820 3754 2876 etalimenta

2157 2909 2546 2974 esurientibus,
2590 2909 3022 2979 vestimentaque
3061 2911 3366 2981 algentibus
3393 2911 3546 2977 dare,
3569 2922 3623 2968 et
3653 2928 3756 2982 pro

2161 3003 2300 3056 bono
2351 3015 2516 3071 opere
2558 3001 2832 3072 patienter
2871 3001 3097 3055 adversa
3124 3001 3415 3068 sustinere,
3448 3001 3578 3072 quid
3605 3001 3757 3058 aliud

2159 3108 2320 3162 quam
2353 3092 2560 3148 frontes
2584 3102 2711 3147 sunt
2735 3092 2949 3147 ardiiicii
2980 3082 3260 3148 caelestis?
3287 3093 3424 3166 Quia
3450 3094 3759 3165 pulchritu-

2162 3186 2230 3240 do
2258 3198 2484 3255 operum
2515 3177 2848 3240 exteriOrum
2878 3193 3037 3240 ornat
3062 3184 3428 3240 habitaculum
3452 3185 3580 3251 Dei,
3606 3187 3755 3255 quod

2984 3274 3092 3329 Sed
3137 3275 3254 3329 ista:
3297 3274 3505 3330 frontes
3550 3276 3759 3332 habent

2161 3368 2360 3422 atrium
2391 3367 2629 3436 undique
2674 3380 2772 3436 per
2800 3365 3110 3429 circuitum,
3157 3365 3284 3434 quia
3327 3365 3378 3419 in
3424 3365 3524 3420 hoc
3556 3381 3758 3438 magna

2162 3468 2287 3516 sunt
2312 3474 2495 3530 opera,
2535 3459 2580 3513 si
2613 3459 2729 3513 haec
2770 3457 2822 3511 in
2864 3464 3043 3511 mente
3072 3457 3265 3511 dilatat
3294 3455 3593 3526 amplitudo
3620 3459 3760 3513 cha-

2165 3551 2359 3606 ritatis.
2401 3549 2475 3605 De
2513 3549 2777 3605 charitate
2811 3543 3008 3617 quippe
3045 3548 3306 3618 scriptum
3351 3557 3456 3611 est,
3494 3566 3512 3597 ι
3558 3547 3755 3602 Latum

2164 3643 2478 3698 mandatum
2510 3650 2661 3695 tuum
2693 3638 2874 3694 nimis.
2910 3658 2928 3689 ›
2956 3637 3168 3691 Atrium
3207 3650 3334 3707 ergo
3363 3648 3489 3692 ante
3515 3637 3754 3691 frontem

2163 3745 2268 3801 cst,
2307 3735 2357 3788 id
2389 3741 2490 3795 est,
2525 3732 2578 3786 in
2603 3730 2935 3802 perfectione
2965 3729 3145 3798 operis
3173 3727 3752 3807 latitudodilectionis.

2167 3827 2229 3881 lit
2250 3825 2544 3881 notandum
2566 3823 2708 3893 quod
2738 3821 2954 3885 dicitur,
2994 3840 3010 3871 ι
3035 3819 3269 3889 undique
3285 3834 3382 3889 per
3395 3818 3686 3874 circuitum
3708 3839 3756 3885 ι,

2166 3926 2226 3970 ιιι
2256 3916 2506 3970 videlicet
2556 3913 2717 3968 homo
2745 3927 2842 3982 per
2878 3927 3038 3966 omne
3069 3911 3208 3980 quod
3232 3912 3341 3981 agit
3369 3925 3587 3981 semper
3614 3926 3674 3966 se
3702 3911 3757 3966 in

2167 4007 2451 4061 charitatis
2489 4005 2844 4076 amplitudine
2888 4005 3098 4066 dilatet,
3151 4019 3219 4058 ne
3272 4005 3413 4071 hunc
3461 4010 3553 4056 aut
3597 4004 3759 4057 timor

2169 4109 2260 4150 aut
2302 4097 2424 4151 odia
2473 4103 2781 4166 angnstcnt.
2843 4092 2898 4148 Si
2940 4093 3059 4162 quis
3099 4094 3242 4147 enim
3274 4093 3340 4146 de
3362 4093 3529 4147 verbo
3559 4093 3650 4148 Dei
3681 4093 3759 4148 lo-

2169 4190 2376 4258 qnizur,
2409 4193 2463 4240 et
2504 4185 2826 4240 charitatem
2858 4199 3019 4253 quam
3053 4182 3312 4252 prardicat
3355 4183 3406 4236 in
3445 4192 3626 4258 mente
3650 4197 3758 4237 non

2172 4287 2372 4342 servat,
2391 4277 2605 4333 mdiﬁcii
2633 4275 2867 4331 frontem
2903 4275 3084 4338 habet,
3117 4275 3209 4328 sed
3234 4273 3434 4327 atrium
3457 4252 3588 4327 ante
3610 4272 3758 4328 fron-

2174 4379 2279 4423 tem
2325 4384 2430 4423 non
2482 4367 2661 4421 habet.
2721 4365 2778 4419 Si
2810 4365 2932 4434 quis
2955 4363 3351 4433 clcemosynam
3388 4363 3752 4436 indigentibus

2177 4461 2422 4529 largitur,
2485 4465 2540 4510 et
2575 4471 2673 4525 per
2721 4456 2861 4509 hanc
2916 4452 3148 4506 fortasse
3189 4453 3242 4505 in
3266 4452 3430 4507 corde
3457 4451 3754 4517 extollitur,

2177 4568 2274 4606 nec
2321 4566 2388 4604 cx
2426 4549 2690 4603 cbaritatc
2734 4545 2965 4616 proximi
3011 4545 3207 4613 inopia:
3247 4545 3520 4608 subvenit,
3577 4545 3758 4598 sedse

484 4649 690 4704 frontes
723 4663 816 4719 per
837 4646 1115 4716 sexaginta
1142 4644 1352 4699 cubitus
1380 4684 1394 4708 ,
1437 4653 1490 4698 et
1514 4644 1578 4696 ad
1616 4644 1842 4696 frontem
1870 4619 2065 4694 atrium
2101 4619 2146 4676 θ
2177 4659 2268 4711 pt‘l‘
2302 4641 2588 4696 elationem
2635 4640 2851 4693 tacitam
2899 4636 3144 4699 extollit,
3192 4635 3426 4689 frontem
3455 4636 3670 4706 quidem
3701 4637 3755 4689 in

485 4749 655 4808 porta:
687 4738 921 4805 undique
946 4751 1041 4804 per
1067 4735 1373 4789 circuitum.
1405 4753 1423 4785 υ
1462 4732 1724 4805 (σι-σθω.)
1778 4732 1932 4801 Sarpc
1954 4732 2064 4801 jam

487 4829 720 4887 diximus
765 4826 980 4882 senario
1028 4840 1254 4880 numero
1302 4822 1685 4892 perfectionem
1724 4823 1857 4876 -lmni
1888 4823 2069 4891 operis

488 4918 759 4989 designari
797 4937 809 4970 :
847 4932 950 4971 non
997 4915 1124 4969 illud
1175 4921 1487 4985 sequentes,
1532 4914 1674 4982 quod
1714 4915 1891 4968 conati
1943 4922 2069 4967 sunt

491 5012 649 5082 hujus
675 5008 852 5065 smculi
883 5007 1154 5076 sapientes
1181 5015 1455 5070 astruere,
1485 5006 1724 5058 dicentes
1755 5003 1954 5057 idcirco
1979 5019 2065 5058 sc-

492 5102 702 5158 narium
733 5113 1016 5154 numerum
1061 5110 1182 5152 csse
1227 5094 1550 5166 perfectum,
1593 5095 1715 5164 quia
1761 5110 1858 5148 suo
1881 5096 2071 5148 ordine

494 5202 807 5248 numeratus
845 5188 1156 5259 perficitur:
1194 5194 1252 5241 ut
1293 5201 1414 5240 cum
1461 5200 1618 5246 unus,
1671 5184 1796 5248 duo,
1839 5192 1968 5247 trcs,
1995 5185 2074 5237 di-

495 5290 714 5346 cuntur,
733 5278 978 5334 senarius
1003 5291 1259 5330 numerus
1285 5274 1570 5344 impleatur
1596 5291 1606 5325 :
1636 5273 1717 5325 vel
1745 5273 1868 5342 quia
1900 5274 1950 5326 ia
1983 5275 2075 5327 tri-

497 5375 598 5428 bus
625 5373 869 5442 partibus
888 5369 1164 5430 dividitur,
1187 5365 1239 5421 id
1262 5375 1345 5420 est
1364 5371 1538 5426 sexta,
1568 5366 1723 5418 tertia
1746 5373 1800 5418 et
1827 5365 2068 5429 dimidia,

501 5464 743 5519 videlicet
771 5463 825 5515 in
855 5459 980 5520 uno,
1015 5459 1222 5512 duobus
1245 5467 1297 5512 et
1329 5457 1530 5520 tribus;
1559 5457 1650 5509 sed
1681 5455 1882 5508 idcirco
1912 5469 2070 5533 sena-

501 5559 640 5612 rium
688 5567 969 5607 numerum
1007 5550 1234 5626 dicimus
1257 5562 1377 5601 esse
1404 5544 1722 5616 perfectum,
1750 5545 1893 5613 quia,
1939 5545 2079 5598 sicut

504 5648 663 5719 paulo
683 5655 806 5700 ante
829 5643 1031 5698 dictum
1053 5647 1155 5704 est,
1185 5647 1336 5694 sexto
1363 5639 1449 5693 die
1470 5636 1698 5708 perfecit
1729 5636 1868 5690 Dens
1895 5638 2074 5690 omnia

502 5753 663 5808 opera
707 5749 822 5788 sua.
877 5731 1139 5800 Quoniam
1186 5743 1313 5783 vero
1351 5728 1618 5797 peccaturi
1667 5728 1871 5782 homini
1905 5730 2074 5797 legem

505 5829 675 5894 dedit,
701 5840 820 5895 qua:
851 5825 902 5878 in
934 5823 1114 5878 decem
1142 5819 1426 5889 praeceptis
1457 5819 1723 5885 adscripta
1759 5827 1866 5874 est.
1899 5829 1950 5870 ct.
1984 5837 2072 5872 sex

2175 4732 2402 4786 aedilicio
2446 4729 2716 4794 ostendit,
2761 4727 2853 4782 sed
2877 4725 3034 4794 juxta
3066 4725 3295 4780 frontem
3323 4725 3518 4780 atrium
3547 4741 3650 4779 non
3683 4724 3759 4780 fc-

2176 4824 2269 4876 cit.
2298 4805 2358 4876 Si
2402 4821 2523 4891 quis
2549 4820 2725 4875 illatas
2747 4836 2774 4872 a
2800 4821 3047 4890 proximo
3073 4817 3429 4873 contumelias
3461 4816 3675 4881 tolerat,
3706 4826 3761 4873 et

2178 4914 2316 4968 male
2354 4911 2564 4980 objecta
2619 4911 2810 4964 tacitus
2853 4918 3075 4980 portat,
3130 4923 3325 4976 magna
3368 4918 3452 4962 est
3497 4909 3759 4977 patientia

2177 5022 2338 5076 quam
2367 5006 2740 5068 demonstrat;
2775 5004 2870 5058 sed
2911 5003 2955 5056 si
2993 5002 3234 5056 dolorem
3263 5001 3317 5055 in
3347 5001 3508 5055 corde
3533 5015 3639 5054 non
3664 5002 3764 5057 ha-

2178 5099 2340 5159 beat,
2390 5095 2433 5151 si
2480 5093 2677 5148 lucrari
2727 5093 2793 5145 ad
2842 5090 3287 5160 tranquillitatem
3333 5088 3762 5144 mansuetudinis

2176 5188 2338 5240 etiam
2393 5186 2568 5255 ipsum
2597 5183 2686 5251 qui
2732 5181 2870 5235 male
2912 5189 3243 5244 excesserat,
3276 5178 3688 5249 qtt:rrat.‘Nam
3716 5181 3760 5235 si

2177 5276 2489 5346 patientiam
2537 5274 2781 5328 exterius
2803 5271 3088 5337 adhibens,
3116 5273 3262 5324 intus
3311 5270 3550 5326 dolorem
3591 5279 3762 5336 tenet,

2182 5382 2280 5420 nec
2325 5373 2469 5418 amat
2513 5379 2636 5417 eum
2686 5378 2845 5432 quem
2890 5361 3142 5426 sustinet,
3173 5361 3334 5417 habet
3361 5361 3578 5430 quidem
3615 5360 3766 5420 fron-

2184 5466 2289 5512 tem
2321 5459 2372 5510 in
2400 5458 2647 5521 :edit'icio,
2678 5456 2768 5509 sed
2800 5463 2922 5508 ante
2942 5453 3173 5508 frontem
3201 5454 3399 5506 atrium
3426 5469 3529 5506 non
3560 5454 3762 5509 habet:

2183 5548 2306 5616 quia
2355 5549 2398 5600 is
2452 5548 2544 5614 qui
2591 5562 2648 5599 se
2676 5545 2935 5613 angustiae
2962 5542 3207 5597 odiorum
3233 5543 3488 5607 subdidit,
3520 5541 3768 5609 profecto

2187 5640 2467 5692 charitatis
2508 5637 2844 5689 latitudinem
2897 5633 3098 5688 amisit.
3166 5630 3299 5685 Nam
3346 5633 3488 5687 sicut
3524 5633 3578 5685 in
3607 5648 3770 5702 supe-

2187 5728 2326 5781 riore
2355 5737 2506 5796 parte
2543 5725 2655 5793 jam
2683 5724 2936 5788 diximus,
2983 5723 3243 5792 patientia
3277 5737 3402 5776 vera
3431 5733 3530 5786 est,
3561 5738 3688 5791 qua“:
3717 5733 3773 5779 et

2186 5820 2357 5886 ipsum
2391 5825 2528 5870 amat
2561 5831 2716 5884 quem
2763 5823 2969 5884 portat;
3003 5828 3131 5869 nam
3159 5813 3414 5879 tolerare,
3441 5812 3532 5868 secl
3560 5813 3774 5880 odisse,
