3950 6338
186 410 294 465 917

1112 400 1466 458 COMMENT.
1511 400 1587 453 IN
1617 398 2074 456 EZEClllELEM.
2117 434 2187 443 —
2226 404 2353 457 LIB.
2399 403 2515 460 XV.

3357 401 3459 456 illis

187 536 295 572 non
322 526 403 572 est
432 516 603 570 virtus
634 514 1081 578 mansuetudinis,
1114 515 1206 571 sed
1232 514 1593 570 vclamentum
1621 514 1767 567 furo-
1798 510 1850 569 A
1876 514 2152 585 ligentiam
2182 538 2193 571 :
2226 520 2467 574 charitas
2519 519 2572 573 in
2621 519 2778 583 atrio,
2833 520 2958 589 quia
3010 525 3242 571 mentem
3272 514 3463 570 dilatat

190 610 285 662 l‘lS.
328 608 391 663 Et
414 607 706 661 notamhun
747 606 888 675 quod
927 606 1031 661 hoc
1054 606 1227 675 ipsum
1261 606 1458 659 atrium
1488 614 1658 676 porta:
1688 605 1769 659 di-

186 700 353 751 eitur.
398 696 559 750 Porta
608 703 792 751 nostra
838 695 1035 765 quippe
1078 704 1162 749 est
1192 695 1371 748 aditus
1402 694 1468 749 ad
1496 709 1718 763 regnum
1757 710 1770 745 :

189 794 258 849 Et
280 795 450 847 Deum
473 806 537 847 ac
558 790 866 861 proximum
894 803 1101 855 amare,
1124 789 1236 858 jam
1267 790 1331 843 ad
1360 789 1659 857 ingressum
1692 802 1773 841 re-

184 885 279 955 gni
330 892 413 939 est
465 882 705 937 tendere.
762 880 821 933 In
864 888 1124 949 quantum
1160 878 1306 933 enim
1346 878 1576 948 quisque
1606 886 1773 942 amat,

187 978 245 1034 in
303 983 510 1029 tantum
560 972 627 1027 ad
674 972 975 1043 ingressum
1027 970 1370 1040 propinquat.
1428 969 1483 1023 lu
1514 976 1774 1038 quantum

187 1082 324 1121 vero
376 1080 559 1119 amare
614 1062 867 1133 negligit,
917 1061 971 1115 in
1022 1069 1229 1115 tantum
1276 1060 1487 1129 ingredi
1518 1065 1772 1113 recusat:

186 1159 320 1227 quia
349 1170 450 1213 nec
483 1156 662 1211 studet
691 1156 873 1210 videre
902 1154 1043 1223 quod
1086 1154 1306 1224 appetit.
1349 1153 1500 1206 Tune
1527 1166 1656 1221 ergo
1684 1152 1779 1204 ha-

186 1252 386 1306 bemus
414 1249 610 1303 atrium
644 1257 831 1318 porta),
858 1246 1070 1316 quando
1099 1261 1161 1300 ex
1190 1244 1473 1298 latitudine
1498 1243 1780 1299 charitatis

188 1340 261 1393 ad
299 1354 585 1409 supernam
628 1339 796 1392 vitam
824 1378 838 1401 ,
886 1352 1050 1407 quam
1090 1337 1265 1389 adhuc
1290 1336 1601 1405 contingere
1629 1335 1781 1387 mini-

189 1444 284 1482 me
317 1443 620 1498 possumus,
649 1429 760 1497 jam
788 1441 884 1497 per
914 1425 1240 1481 desiderium
1273 1425 1555 1478 intramus.
1594 1423 1781 1493 Itaque

190 1534 324 1574 cum
379 1519 579 1574 bonum
632 1535 766 1589 opus
793 1535 921 1589 erga
956 1519 1260 1587 proximum
1294 1518 1493 1588 agitur,
1525 1524 1698 1571 restat
1724 1504 1782 1569 ut

190 1608 441 1677 ejusdem
481 1608 609 1663 boni
652 1609 831 1678 operis
875 1608 1105 1663 intentio
1158 1608 1531 1671 discernatur,
1583 1608 1627 1662 si
1674 1622 1778 1661 non

190 1700 481 1769 praesentis
531 1700 719 1769 gratiae
768 1700 1178 1753 retributionem
1218 1700 1449 1767 quzerit,
1494 1698 1587 1753 sed
1630 1712 1780 1768 spem

192 1808 351 1846 suam
402 1793 614 1847 animus
658 1794 724 1847 ad
762 1790 999 1845 futuram
1036 1792 1471 1860 promissionem
1498 1790 1689 1854 tendit,
1720 1798 1782 1842 ut

190 1899 263 1936 ex
294 1884 676 1951 temporalibus
703 1891 925 1947 :eterna,
956 1900 1023 1937 ex
1051 1883 1281 1937 terrenis
1312 1882 1552 1937 caelestia
1577 1890 1775 1951 speret.
1808 1855 1857 1915 Β

192 1972 337 2039 Spes
379 1971 522 2025 enim
566 1970 868 2025 cmlestium
898 1978 1133 2025 mentem
1160 1969 1371 2033 solidat,
1406 1985 1474 2025 ne
1504 1970 1779 2025 concutia—

191 2071 288 2113 tur
315 2060 565 2114 ﬂuctibus
602 2060 925 2113 tumnltuum
960 2069 1317 2115 terrenorum.
1374 2061 1450 2115 De
1471 2076 1573 2130 qua
1606 2069 1659 2115 et
1686 2076 1780 2131 per

190 2151 420 2204 Paulum
457 2151 653 2205 dicitur
689 2168 702 2204 :
741 2172 757 2201 ι
788 2153 959 2219 Quam
1010 2151 1149 2207 sicut
1176 2152 1468 2206 anchoram
1523 2154 1781 2207 habemus

188 2242 392 2295 anim-.e
442 2240 735 2306 tutam,fae
805 2242 1016 2295 firmam
1062 2250 1117 2296 et
1147 2243 1483 2309 incedentem
1512 2257 1679 2312 usque
1712 2245 1779 2297 ad

190 2332 456 2386 interiora
484 2332 787 2400 velaminis.
811 2349 829 2383 ι
848 2330 923 2388 De
944 2334 1139 2403 quibus
1168 2334 1514 2389 interioribus
1539 2335 1625 2389 hic
1655 2351 1782 2406 quo-
1812 2401 1819 2407 ι

190 2437 301 2489 que
328 2420 665 2490 subjungitur
690 2439 702 2475 :
731 2442 748 2473 ι
779 2422 844 2476 Et
872 2431 997 2476 ante
1036 2422 1225 2478 faciem
1274 2432 1461 2493 portae,
1507 2439 1627 2493 qua!
1660 2439 1784 2493 pcr-

192 2513 439 2581 tingebat
472 2527 640 2580 usque
682 2512 747 2565 ad
778 2512 968 2569 faciem
1002 2512 1247 2567 vestibuli
1290 2522 1459 2582 portat
1508 2515 1783 2570 interioris

190 2603 589 2672 quinquaginta
626 2603 854 2658 cubitos.
890 2623 906 2655 ι
950 2603 1061 2658 Hoc
1086 2604 1228 2672 quod
1268 2606 1369 2660 hoc
1413 2604 1530 2660 loco
1561 2606 1777 2670 dicitur,

200 2711 219 2743 ι
246 2703 377 2748 ante
402 2695 595 2748 faciem
622 2704 789 2764 porta:
819 2716 836 2747 ›
879 2711 983 2749 non
1008 2697 1265 2760 exterior,
1300 2696 1396 2752 sed
1424 2698 1651 2753 interior
1679 2713 1776 2751 an-

196 2795 250 2837 te
283 2796 492 2853 portam
533 2784 683 2840 locus
728 2786 1073 2852 describitur,
1109 2787 1235 2840 dum
1254 2801 1437 2857 nsque
1477 2789 1545 2843 ad
1585 2787 1777 2844 faciem

194 2873 450 2950 vestibuli
514 2883 683 2943 porta:
744 2875 1017 2930 interioris
1075 2879 1383 2947 pertingere
1441 2879 1774 2948 perhibetur.

197 2962 356 3018 Unde
402 2973 457 3018 et
498 2965 637 3018 idem
694 2966 841 3019 locus
888 2966 1276 3037 quinquaginta
1336 2968 1531 3024 cubitis
1582 2970 1779 3026 dicitur

197 3063 563 3108 mensuratus.
596 3054 699 3109 Per
722 3059 1239 3129 quinquagenarium
1260 3061 1455 3131 quippe
1470 3075 1773 3128 numerum,

197 3146 420 3215 requies
465 3155 665 3201 aeterna
714 3148 979 3218 signatur.
1036 3148 1211 3204 Habet
1252 3151 1397 3205 enim
1438 3150 1776 3221 septenarius

197 3250 463 3290 numerus
506 3236 888 3305 perfectionem
936 3254 1119 3304 suam,
1165 3239 1291 3308 quia
1335 3254 1399 3295 eo
1437 3241 1544 3305 die,
1573 3242 1781 3297 dierum

198 3326 463 3380 numerus
513 3334 597 3381 est
644 3327 963 3397 completus,
1014 3337 1067 3383 et
1116 3343 1214 3398 per
1248 3329 1418 3399 legem
1446 3330 1780 3387 sabbatusin

201 3416 449 3485 requiem
491 3416 651 3471 datus
676 3426 779 3471 est.
823 3417 941 3488 Ipse
965 3426 1145 3472 autem
1178 3419 1519 3487 septenarius
1561 3436 1656 3491 per
1698 3437 1783 3477 se—

201 3507 495 3575 metipsum
542 3507 928 3578 multiplicatus
975 3510 1043 3564 ad
1087 3511 1455 3580 quadraginta
1495 3521 1551 3566 et
1591 3527 1785 3568 novem

200 3596 442 3652 ducitur.
482 3597 581 3653 Cui
610 3600 653 3653 si
682 3615 871 3654 monas
902 3600 1138 3665 additur,
1172 3602 1238 3655 ad
1264 3602 1782 3671 quinquagenarimn

200 3704 491 3743 numerum
527 3690 878 3759 pervenitur:
923 3691 1048 3759 quia
1096 3692 1273 3746 omnis
1301 3702 1485 3747 nostra
1523 3694 1785 3762 perfectio

202 3776 434 3850 inillius
485 3778 645 3831 unius
694 3779 1143 3846 contemplatione
1182 3781 1308 3845 erit,
1352 3781 1403 3835 in
1450 3782 1602 3850 cujus
1630 3786 1783 3840 nobis

199 3849 420 3920 visione
438 3863 552 3933 jam
571 3868 748 3921 minus
778 3868 978 3937 aliquid
1008 3870 1198 3924 salutis
1236 3880 1290 3925 et
1311 3873 1488 3941 gaudii
1522 3888 1626 3927 non
1658 3875 1779 3929 erit.

204 3960 344 4013 llinc
394 3961 560 4015 etiam
608 3959 884 4026 Jubilreus,
927 3962 1103 4027 idest,
1153 3979 1277 4017 ann.
1304 3966 1692 4036 quinquaginta
1730 3969 1783 4023 in

200 4052 449 4119 requiem
502 4051 661 4106 datus
706 4062 808 4117 est,
840 4052 965 4120 quia
1010 4054 1254 4122 quisquis
1309 4056 1377 4109 ad
1399 4057 1783 4126 omnipotentis

201 4142 297 4195 Dei
334 4144 527 4211 gaudia
571 4153 770 4197 mterna
816 4145 1144 4213 pervenerit,
1183 4146 1420 4201 laborem
1442 4158 1499 4201 et
1526 4149 1783 4219 gemitum

200 4246 314 4285 non
369 4232 607 4286 habebit.
667 4232 971 4289 Notandum
1010 4250 1161 4301 vero,
1214 4238 1358 4305 quod
1406 4238 1552 4292 locus
1577 4240 1669 4307 qui
1692 4242 1786 4295 de-

200 4322 467 4377 scribitur
502 4338 597 4391 per
646 4323 1033 4394 quinquaginta
1076 4326 1461 4403 eubitogtcndi
1491 4328 1556 4382 ad
1590 4328 1780 4384 faciem

198 4414 455 4468 vestibuli
517 4425 685 4483 porta:
749 4416 1022 4471 interioris
1070 4420 1375 4489 pertingere
1427 4429 1777 4474 memoratur.

200 4502 320 4556 Non
340 4519 468 4573 ergo
500 4505 597 4559 hoc
630 4506 747 4559 loco
798 4506 1067 4575 Propheta
1114 4507 1224 4577 jam
1254 4510 1425 4577 ipsum
1459 4512 1779 4565 vestibulum

195 4602 375 4659 porta:
419 4594 723 4658 interioris,
780 4597 872 4649 scd
907 4598 1080 4653 locum
1106 4599 1355 4663 interius,
1389 4602 1479 4671 qui
1514 4604 1683 4656 tendit
1713 4603 1777 4657 ad

198 4684 527 4739 vestibulum
583 4692 749 4755 portae
805 4688 1077 4742 interioris
1118 4699 1337 4755 narrat;
1382 4708 1477 4761 per
1508 4708 1664 4760 quem
1697 4693 1778 4745 lo-

196 4790 325 4829 cum
382 4777 587 4845 utique,
622 4778 760 4831 sicut
812 4778 1065 4843 diximus,
1118 4797 1241 4850 spes
1284 4792 1464 4837 nostra
1490 4785 1775 4851 signatur;

196 4884 341 4935 qum,
390 4868 517 4923 dum
573 4880 828 4924 mtemam
874 4873 1115 4940 requiem
1172 4876 1392 4945 qmerit,
1444 4888 1678 4930 mentem
1711 4878 1777 4929 ad

198 4956 521 5011 vestibulum
570 4968 736 5027 porta:
765 4960 1035 5016 interioris
1057 4963 1223 5017 ducit.
1270 4965 1381 5020 Iloc
1405 4967 1577 5036 ipsum
1606 4968 1774 5032 enim,

195 5047 343 5115 quod
382 5049 748 5103 desideramus
777 5052 1036 5116 coelestia,
1066 5055 1209 5123 quod
1248 5057 1313 5108 ad
1341 5058 1603 5125 promissa
1640 5075 1773 5130 gau-

196 5136 283 5187 dia
309 5137 646 5205 snspiramus
671 5181 685 5203 ,
732 5143 871 5209 quod
896 5150 1111 5195 acterna:
1161 5144 1280 5197 vita:
1312 5148 1550 5215 requiem
1581 5150 1776 5217 quaeri-

198 5240 342 5290 mus,
374 5224 484 5294 jam
526 5230 592 5283 ad
628 5231 901 5311 interioris
935 5234 1183 5288 vestibuli
1215 5235 1404 5289 faciem
1444 5240 1774 5309 propinqua—

197 5331 337 5369 mus.
381 5314 638 5387 Signetur
661 5336 789 5392 ergo
834 5339 931 5392 per
980 5332 1186 5393 portam
1242 5327 1393 5391 fides,
1442 5344 1539 5397 per
1576 5333 1772 5387 atrium

194 5407 435 5461 charitas
473 5428 485 5461 :
537 5425 631 5479 per
678 5412 855 5467 locum
894 5429 1021 5469 vero
1048 5416 1139 5485 qui
1183 5416 1248 5470 ad
1303 5417 1491 5472 faciem
1521 5424 1770 5477 vestibuli

194 5507 363 5566 portze
412 5498 689 5555 interioris
736 5505 1096 5575 propinquat,
1157 5507 1414 5577 figuretur
1468 5526 1608 5578 spes,
1657 5514 1773 5568 sine

192 5589 391 5655 quibus
416 5589 588 5646 tribus
614 5593 901 5650 virtutibus
922 5596 1161 5664 quisquis
1185 5597 1288 5665 jan
1330 5599 1404 5651 uti
1443 5601 1649 5655 ratione
1677 5620 1772 5671 po-

195 5687 317 5739 teztt,
346 5678 549 5748 ingredi
593 5683 659 5735 ad
698 5684 918 5739 etnlcste
945 5685 1228 5741 aedificium
1266 5705 1369 5742 non
1402 5698 1598 5757 potest.
1660 5692 1766 5746 lla-

194 5767 387 5820 l-mlttt‘
422 5786 548 5838 ergo
579 5771 707 5825 Iidcs
740 5774 789 5827 in
828 5786 999 5843 porta,
1034 5780 1154 5847 quia
1190 5781 1477 5835 lllllthlllt‘ll
1516 5784 1580 5837 ad
1620 5787 1766 5839 ittlel‘

1877 607 2196 664 inamorem
2236 627 2247 662 :
2287 625 2410 681 spes
2445 610 2497 664 in
2540 609 2657 664 loco
2698 610 3084 680 quinquaginta
3135 606 3464 663 describitur

1875 702 2093 767 cubitis,
2122 702 2247 772 quia
2274 716 2370 773 per
2399 702 2663 757 desideria
2687 713 2847 772 atque
2896 701 3124 771 suspiria
3168 698 3464 754 introducit

1877 793 2121 846 animum
2172 792 2238 847 ad
2291 802 2501 848 secreta
2546 792 2740 863 gaudia
2775 793 3011 861 quietis:
3048 792 3112 847 de
3137 806 3242 861 qua
3282 790 3465 859 quiete

1876 882 1976 937 e:si
1994 882 2168 937 adhuc
2190 882 2326 938 sicut
2347 892 2432 939 est
2455 883 2702 937 veritatis
2724 882 2901 935 lumen
2922 896 3027 935 non
3042 881 3332 943 cernimus,
3353 878 3464 948 jam

1882 982 2063 1029 tamen
2083 988 2179 1043 per
2202 974 2367 1029 rimas
2398 973 2762 1045 intelligentiae
2788 972 2991 1042 aliquid
3018 971 3278 1025 videums.
3306 971 3458 1026 Unde

1878 1072 1935 1118 et
1984 1064 2073 1119 hic
2114 1064 2360 1118 subditur
2394 1083 2404 1117 :
2446 1082 2464 1114 ι
2502 1065 2567 1117 Et
2613 1063 2878 1119 fenestras
2921 1061 3169 1129 obliquas
3214 1062 3264 1115 in
3292 1060 3459 1115 thala-

1882 1154 2007 1210 mis.
2050 1176 2068 1207 ι
2115 1156 2172 1209 In
2201 1153 2455 1210 fenestris
2488 1155 2722 1224 obliquis
2750 1168 2875 1223 pars
2902 1152 3013 1217 illa,
3052 1165 3149 1220 per
3176 1167 3336 1221 quam
3378 1150 3456 1205 lu-

1881 1259 2006 1299 men
2060 1245 2246 1308 intrat,
2298 1249 2525 1316 angusta’
2584 1255 2687 1308 est,
2747 1245 2838 1299 sed
2886 1260 3011 1314 pars
3070 1244 3293 1298 interior
3340 1258 3459 1312 qua:

1884 1334 2063 1389 lumen
2087 1335 2313 1405 suscipit
2359 1335 2462 1389 lata
2485 1378 2499 1401 ,
2554 1335 2678 1405 quia
2714 1336 2919 1390 mentes
2955 1334 3455 1402 contemplantium,

1883 1424 2130 1491 quamvis
2159 1424 2361 1494 aliquid
2393 1426 2625 1479 tenuiter
2658 1425 2722 1479 de
2760 1439 2886 1478 vero
2918 1424 3118 1477 lumine
3152 1424 3381 1487 videant,
3406 1424 3457 1476 in

1884 1520 2186 1589 semetipsis
2252 1529 2431 1575 tamen
2490 1534 2683 1590 magna
2748 1517 3101 1587 amplitudine
3148 1516 3462 1571 dilatantur.

1884 1609 2014 1676 Quae
2038 1608 2287 1665 videlicet
2323 1618 2380 1665 et
2409 1610 2521 1679 ipsa
2552 1614 2671 1679 qua:
2713 1608 3049 1678 conspiciunt
3081 1621 3272 1677 capere
3297 1622 3479 1676 pauca.

1885 1702 1973 1757 vix
2010 1712 2255 1771 possunt.
2297 1702 2560 1769 Exiguum
2592 1701 2746 1755 valde
2779 1710 2879 1763 est,
2904 1701 3045 1769 quod
3070 1700 3135 1753 de
3158 1700 3465 1753 alternitate

1885 1791 2299 1861 contemplantis
2328 1790 2552 1855 vident,
2609 1792 2700 1845 sed
2730 1806 2796 1843 ex
2845 1792 2959 1859 ipso
3003 1790 3199 1858 exiguo
3253 1787 3465 1841 laxatur

1885 1883 2034 1937 sinus
2057 1882 2319 1936 mentium
2344 1882 2395 1935 in
2430 1889 2776 1951 augmentum
2802 1879 3026 1934 fervoris
3049 1888 3102 1933 et
3130 1879 3330 1933 amoris
3364 1896 3376 1930 :
3414 1885 3470 1932 et

1885 1970 2008 2025 inde
2037 1970 2176 2040 apud
2225 1985 2282 2025 se
2331 1969 2521 2039 amplce
2568 1969 2732 2032 fiunt,
2759 1969 2899 2023 unde
2926 1968 2992 2022 ad
3019 1983 3077 2022 se
3110 1967 3353 2021 veritatis
3388 1965 3470 2021 lu-

1886 2075 2008 2114 men
2044 2060 2194 2129 quasi
2222 2075 2319 2129 per
2342 2059 2618 2128 angustias
2655 2059 2963 2112 admittunt.
3000 2058 3128 2123 Qua:
3152 2055 3467 2128 magnitth

1883 2154 2372 2222 contemplationis,
2398 2153 2524 2223 quia
2553 2151 2776 2207 concedi
2804 2152 3017 2207 nonnisi
3042 2151 3349 2204 amantibus
3372 2166 3462 2219 po-

1885 2256 2008 2309 test,
2043 2247 2096 2301 in
2129 2245 2382 2301 thalamis
2419 2246 2649 2313 obliqum
2676 2244 2923 2298 fenestrre
2950 2258 3068 2297 esse
3096 2242 3463 2312 perhibentur,

1884 2337 1964 2392 vel
2004 2338 2055 2390 in
2082 2337 2166 2390 his
2204 2352 2325 2405 qum
2366 2334 2519 2404 juxta
2550 2335 2814 2389 thalamos
2844 2349 2950 2388 non
2970 2332 3082 2402 jam
3113 2334 3467 2388 extrinsecus.

1882 2428 1977 2482 sed
2000 2442 2118 2482 esse
2148 2425 2471 2480 intrinsecus
2490 2426 2755 2480 dicuntur.
2802 2423 2933 2477 Nam
2963 2424 3028 2476 de
3065 2420 3251 2477 iisdem
3285 2422 3465 2477 fenes-

1885 2520 1984 2574 tris
2019 2518 2319 2574 ‘subditur:
2377 2537 2394 2567 ‹
2434 2517 2499 2572 Et
2542 2518 2594 2571 in
2627 2516 2894 2571 frontibus
2926 2530 3112 2569 corum
3152 2531 3271 2583 qua:
3318 2523 3475 2569 erant

1883 2608 2022 2661 intra
2041 2616 2273 2675 portam,
2293 2606 2525 2675 undique
2547 2622 2641 2676 per
2669 2606 2973 2661 circuitum.
3000 2625 3017 2657 ι
3055 2604 3219 2659 Erant
3243 2604 3384 2659 enim
3418 2605 3471 2657 in

1881 2701 2162 2754 thalamis:
2192 2709 2424 2754 erantet
2451 2699 2501 2753 in
2531 2698 2795 2753 frontibus
2816 2713 3021 2761 eorum,
3046 2712 3164 2767 qua:
3188 2697 3325 2751 intra
3351 2713 3472 2766 por-

1883 2798 1991 2843 tam
2032 2788 2265 2857 undique
2295 2804 2390 2858 per
2420 2788 2705 2842 circuitum
2736 2788 2949 2841 fuerant
2974 2794 3279 2843 constructa
3307 2804 3318 2837 :
3344 2788 3472 2855 quia

1880 2880 1969 2948 qui
1987 2894 2080 2934 cor
2097 2880 2238 2933 intus
2253 2880 2433 2941 habet,
2451 2879 2563 2947 ipse
2578 2894 2789 2948 quoque
2806 2879 2985 2933 lumen
3002 2877 3471 2947 contemplationis

1880 2966 2120 3037 suscipit.
2140 2965 2274 3021 Nam
2288 2966 2411 3035 quia
2428 2966 2603 3021 adhuc
2618 2968 2891 3021 exteriora
2910 2965 3317 3021 immoderatius
3332 2968 3471 3037 cogi-

1882 3063 2019 3121 tant,
2036 3071 2153 3126 quae
2170 3056 2277 3110 sint
2292 3056 2358 3111 de
2377 3063 2581 3111 :eterno
2604 3056 2803 3110 lumine
2824 3055 2981 3110 rimae
2999 3056 3469 3125 contemplationis

1885 3145 2151 3213 ignorant.
2178 3144 2359 3215 Neque
2390 3146 2533 3199 cnim
2560 3161 2681 3199 cum
2712 3160 3095 3214 corporearum
3120 3161 3299 3200 rerum
3330 3148 3467 3200 ima-

1883 3236 2097 3305 ginibus
2125 3236 2210 3289 illa
2243 3252 2299 3289 se
2327 3234 2523 3288 infusio
2554 3235 2882 3304 incorporeze
2910 3228 3045 3289 lucis
3074 3236 3303 3305 capitur,
3340 3234 3465 3305 quia

1884 3326 2007 3380 dum
2057 3325 2167 3379 sola
2206 3325 2432 3379 visibilia
2483 3327 2819 3397 cogitantur,
2864 3325 3042 3378 lumen
3082 3326 3351 3379 invisibile
3400 3329 3466 3379 ad

1883 3426 2118 3471 mentem
2144 3424 2251 3471 non
2275 3418 2595 3472 admittitur.
2624 3416 2729 3471 Sed
2752 3416 2997 3485 quisquis
3022 3417 3205 3470 lumini
3229 3425 3468 3471 contem-

1884 3508 2136 3577 plationis
2166 3510 2413 3573 intendit,
2442 3527 2635 3566 curare
2668 3525 2991 3581 magnopere
3022 3510 3202 3574 debet,
3245 3520 3301 3564 ut
3326 3527 3471 3565 men-

1886 3610 1995 3655 tem
2046 3617 2260 3671 semper
2298 3604 2349 3656 in
2398 3604 2699 3658 humilitate
2740 3603 3009 3657 custodiat
3044 3622 3055 3655 :
3097 3619 3371 3671 nunquam
3410 3618 3468 3657 se

1884 3694 1949 3745 de
2002 3694 2171 3762 gratia
2216 3710 2318 3761 qua
2379 3692 2692 3754 Infunilitur,
2745 3692 3000 3755 extollat,
3041 3700 3094 3746 et
3143 3693 3287 3760 ipsas
3343 3710 3462 3761 qua:

1884 3792 2092 3835 mentes
2123 3782 2601 3851 contemplanlium
2631 3783 2870 3852 signant,
2898 3783 3083 3851 quales
3105 3783 3214 3836 sint
3234 3784 3465 3851 obliqua:

1887 3870 2136 3926 fenestne
2169 3874 2490 3927 consideret.
2551 3873 2653 3927 Per
2692 3875 2937 3943 obliquas
2976 3876 3174 3929 etenim
3202 3874 3467 3931 fenestras

1890 3962 2067 4016 lumen
2094 3962 2282 4027 intrat,
2310 3973 2363 4017 et
2389 3962 2473 4016 fur
2497 3978 2599 4018 non
2629 3964 2812 4027 intrat,
2845 3964 2968 4032 quia
2999 3966 3051 4018 hi
3080 3965 3167 4033 qui
3198 3966 3309 4018 veri
3344 3982 3463 4035 spe-

1886 4054 2160 4108 culatores
2188 4061 2309 4106 sunt
2335 4095 2348 4117 ,
2386 4070 2598 4123 semper
2634 4069 2850 4108 sensum
2881 4056 2932 4107 in
2961 4054 3259 4109 lnuuilitate
3289 4057 3465 4125 depri-

1888 4152 2063 4207 munt,
2089 4151 2248 4211 atque
2281 4145 2345 4198 ad
2375 4159 2560 4199 cormn
2593 4153 2800 4199 mentes
2831 4145 3181 4216 intelligentia
3212 4156 3459 4201 content-

1884 4232 2138 4299 plationis
2185 4235 2381 4299 intrat,
2432 4237 2524 4289 sed
2559 4237 2818 4307 jactantfa
2846 4238 3095 4291 elationis
3134 4255 3237 4292 non
3270 4239 3458 4293 intrat.

1888 4320 1949 4373 Iit
1972 4330 2158 4390 patent
2191 4323 2373 4393 itaque
2411 4324 2659 4380 fenestra:
2702 4335 2756 4381 et
2788 4329 3008 4382 munita:
3043 4336 3166 4383 sunt
3199 4348 3209 4381 :
3245 4332 3371 4399 quia
3410 4342 3465 4385 et

1886 4422 2069 4480 aperta
2102 4421 2182 4467 est
2214 4415 2265 4467 in
2310 4416 2579 4469 mentibus
2619 4430 2805 4470 eorum
2858 4417 3051 4487 gratia.
3098 4433 3204 4486 qua
3247 4418 3461 4489 replen-

1890 4512 1995 4567 tur,
2021 4513 2075 4556 ct
2111 4513 2287 4558 tamen
2320 4506 2385 4560 ad
2422 4521 2479 4560 se
2526 4507 2889 4561 adversarium
2922 4509 3124 4577 ingredi
3156 4524 3253 4577 per
3278 4526 3464 4579 supcr-

1888 4592 2028 4644 hiam
2076 4609 2180 4646 non
2230 4594 2569 4662 permittunt.
2639 4595 2938 4650 Notandum
2972 4612 3121 4661 vero,
3148 4599 3289 4666 quod
3320 4600 3459 4653 intra

1885 4694 2097 4752 portam
2150 4686 2384 4754 undique
2437 4702 2534 4754 per
2593 4687 2878 4741 circuitum
2935 4688 3186 4743 fenestra:
3234 4690 3464 4759 obliqua:

1883 4789 2002 4827 esse
2036 4783 2424 4828 memorantur.
2470 4774 2582 4828 Non
2624 4777 2766 4830 enim
2801 4778 3268 4846 contemplationis
3290 4781 3459 4849 gratia

1884 4863 2109 4915 summis
2134 4863 2317 4928 datur,
2349 4872 2403 4916 et
2431 4864 2665 4917 minimis
2689 4881 2792 4917 non
2817 4866 2973 4919 datur
2999 4885 3009 4917 :
3037 4867 3129 4921 sed
3153 4882 3293 4937 smpe
3321 4869 3463 4924 hanc

1882 4952 2110 5015 suumii,
2164 4967 2306 5021 saepe
2357 4953 2597 5018 minimi,
2648 4954 2843 5023 sepius
2893 4957 3117 5021 remoti,
3170 4958 3459 5027 aliquando

1883 5040 2042 5093 etiam
2069 5042 2335 5111 conjugati
2368 5043 2687 5112 percipiunt.
2739 5044 2795 5098 Si
2828 5061 2957 5116 ergo
2986 5046 3188 5102 nullum
3215 5058 3301 5104 est
3333 5052 3459 5105 fide.-

1884 5131 2010 5185 lium
2050 5131 2312 5197 ofﬁcium,
2361 5148 2390 5185 a
2441 5149 2546 5203 quo
2590 5134 2756 5203 possit
2786 5137 2958 5203 gratia
2986 5139 3456 5209 contemplationis

1881 5222 2090 5277 excludi
2120 5264 2133 5285 ,
2184 5225 2427 5292 quisquis
2455 5241 2549 5281 eor
2574 5225 2717 5281 intus
2760 5227 2955 5291 habet,
2990 5229 3242 5285 illustrari
3288 5232 3454 5287 etiam

1884 5314 2079 5368 lumine
2120 5316 2589 5385 contemplationis
2632 5326 2840 5385 potest:
2873 5321 2996 5388 quia
3044 5321 3184 5373 intra
3240 5332 3451 5391 portam

1883 5405 2115 5472 mutique
2144 5419 2239 5473 per
2273 5407 2555 5461 circuitum
2591 5406 2838 5464 fenestra:
2872 5410 3102 5479 obliqua:
3129 5420 3453 5467 constructa:

1879 5507 1999 5550 sunt
2030 5538 2042 5559 ,
2093 5506 2149 5549 ut
2196 5514 2353 5553 nemo
2384 5500 2449 5553 de
2479 5501 2579 5554 hac
2607 5502 2776 5571 gratia
2802 5502 2955 5569 quasi
2984 5503 3048 5557 dc
3078 5503 3453 5574 singularitate

1879 5590 2154 5659 glorietur.
2188 5589 2373 5644 Nullus
2393 5606 2451 5645 se
2476 5592 2671 5645 donum
2703 5592 2814 5646 veri
2847 5592 3066 5661 luminis
3097 5594 3326 5647 aestimet
3362 5596 3452 5649 ha-

1878 5681 2004 5732 bere
2046 5679 2311 5745 privatum
2346 5697 2357 5730 :
2403 5680 2526 5747 quia
2575 5679 2628 5732 in
2679 5694 2744 5733 eo
2779 5679 2919 5749 quod
2948 5694 3006 5734 se
3038 5680 3239 5734 habere
3267 5684 3451 5750 prteci-

1879 5787 2037 5837 puum
2060 5776 2233 5836 putat,
2265 5785 2404 5837 εει-μμ
2428 5770 2560 5823 alter
2586 5778 2666 5823 est
2690 5770 2870 5835 ditior,
2901 5785 3059 5838 quem
3085 5769 3280 5825 habere
3306 5774 3452 5840 apud
