3950 6326
481 365 592 417 9ιεῖ

1092 362 1151 413 lt.
1195 359 1444 414 RABANI
1488 358 1703 412 MMIltl
1743 355 2061 409 AltClllEP.
2102 352 2411 408 MOGUNT.
2453 349 2737 406 OPERUM
2775 350 2954 405 PARS
2989 350 3051 404 ll.

3644 344 3765 400 ξ)Ξο

479 488 544 525 se
576 472 699 524 boui
739 468 939 538 aliquid
986 484 1090 521 non
1121 477 1288 538 putat.
1343 467 1493 522 Unde
1526 469 1614 521 hic
1642 482 1853 535 quoque
1878 464 2053 517 adhuc
2082 467 2129 523 Λ
2158 461 2339 515 facere
2361 500 2375 525 ,
2424 462 2662 531 leprosos
2710 460 2991 524 muudare,
3045 460 3307 514 dmmunia
3339 460 3560 529 ejicere,
3596 466 3769 513 tactu

480 570 601 628 apte
622 558 960 629 sulqungitur
987 576 998 610 ε
1024 578 1040 608 ι
1063 558 1330 612 Similiter
1355 567 1532 611 autem
1563 563 1793 610 erantet
1816 554 1868 606 in
1893 552 2055 605 vesti-

480 651 619 705 halis
653 650 901 705 fenestra:
944 663 1040 718 per
1086 663 1277 718 gyrum
1327 649 1668 701 intrinsecus.
1718 666 1737 696 ι
1763 644 2054 710 Postquam

476 741 614 797 dixit
642 758 660 793 ι
690 740 957 795 fenestras
984 740 1039 793 in
1066 738 1357 804 frontilms,
1388 759 1408 790 ι
1456 736 1699 805 adjungit
1744 752 1761 783 ι
1792 734 2056 787 fenestras

476 833 539 888 io
567 829 848 885 vestibulis
884 845 981 900 per
1006 846 1196 900 gyrum
1229 829 1572 882 intrinsecus.
1604 846 1622 876 ι
1667 824 1804 891 Quia
1836 839 1940 877 non
1970 838 2055 875 so-

475 926 584 976 lum
613 923 720 975 al‘ta
760 928 962 975 sancte
984 918 1241 974 Ecclesiae
1277 918 1536 979 membra,
1564 932 1684 985 qua:
1715 913 2057 984 procmiuent

472 1013 671 1067 habent
702 1008 1170 1078 contemplationis
1198 1007 1447 1077 gratiam,
1487 1004 1580 1059 sed
1605 1004 1926 1073 plerumque
1953 1001 2054 1054 hoc

472 1104 671 1155 «tonum
695 1099 857 1153 etiam
896 1098 983 1152 illa
1028 1098 1269 1151 im-mbra
1303 1096 1627 1166 percipiunt,
1673 1109 1792 1165 quae
1814 1093 1914 1146 etsi
1939 1091 2053 1159 jam

472 1207 568 1260 per
615 1188 944 1245 desiderium
993 1188 1060 1241 ad
1112 1204 1321 1241 summa
1371 1188 1637 1251 emicant,
1670 1197 1848 1239 tmucn
1880 1184 2055 1236 adhuc

468 1297 567 1351 per
593 1280 828 1334 cilicium
857 1280 909 1334 in
949 1280 1059 1332 imo
1078 1278 1282 1347 jaecnt.
1334 1278 1443 1334 Nisi
1477 1280 1625 1332 enim
1646 1287 1700 1332 et
1738 1278 1824 1331 his
1850 1278 1941 1345 qui
1965 1278 2056 1331 dc—

470 1372 639 1444 speeti
665 1371 933 1435 videntur,
969 1372 1313 1441 omnipotens
1342 1371 1479 1424 lleus
1508 1368 1688 1424 lumen
1722 1367 2056 1437 contempla-

470 1466 633 1519 tionis
655 1462 981 1541 infuuderet,
1007 1462 1255 1517 feucstrm
1278 1463 1329 1516 ia
1352 1462 1633 1517 vestibulis
1666 1479 1771 1515 non
1801 1462 2049 1515 fuissent.
2070 1495 2086 1507 .

472 1558 723 1612 Videmus
752 1557 930 1625 itaque
961 1556 1096 1609 alios
1126 1556 1179 1608 in
1211 1556 1435 1609 summis
1477 1552 1611 1608 locis
1637 1562 1839 1607 sancta:
1871 1552 2053 1607 Eccle-

466 1651 562 1704 sia:
612 1649 936 1702 constitutos
978 1648 1085 1699 alta
1125 1646 1190 1699 de
1231 1645 1540 1699 cudcstihus
1572 1644 1745 1714 loqui;
1779 1644 1915 1697 miro
1940 1654 2053 1698 stu—

466 1740 557 1793 dio
597 1740 651 1792 in
696 1746 956 1807 quantum
1012 1737 1274 1790 illustrata
1327 1752 1477 1789 mens
1532 1732 1758 1796 sullicit,
1810 1750 2053 1805 superna:

2155 555 2504 623 aegritudines
2528 568 2814 622 corporum
2841 553 3045 623 fugare,
3074 553 3372 623 prophetia'
3392 551 3581 621 spiritu
3606 561 3768 605 ven—

2158 658 2277 699 tura
2306 647 2615 716 prauliccrc.
2667 647 2870 700 Cuncta
2921 646 3102 715 itaque
3147 646 3264 699 lucc
3292 642 3522 697 necdum
3548 638 3765 709 palma

2155 744 2303 799 sunt,
2332 735 2426 790 sed
2457 736 2632 789 adhuc
2681 736 2890 805 pictura
2929 735 3252 804 palmarum.
3312 731 3445 786 Nam
3486 732 3603 786 hinc
3644 726 3769 783 ali-

2156 828 2372 895 quando
2409 826 2608 879 dantur
2650 834 2706 879 et
2741 826 3019 895 rcprubis;
3064 826 3206 879 unde
3254 839 3350 894 per
3391 818 3766 891 Evangelium

2158 917 2369 973 Veritas
2393 915 2526 970 dicit
2564 914 2715 985 (Luc.
2746 915 2905 986 xm):
2944 936 2962 966 ι
2991 914 3142 969 Multi
3190 915 3372 969 dicent
3401 912 3528 967 mihi
3564 910 3620 965 in
3656 907 3769 964 illa

2157 1009 2264 1072 die,
2292 1008 2538 1070 Domine,
2572 1007 2796 1061 Domine
2816 1048 2832 1071 ,
2854 1021 3033 1061 nonne
3057 1008 3109 1061 in
3143 1006 3360 1061 nomine
3387 1015 3477 1060 tuo
3504 1002 3769 1074 prophe-

2165 1101 2431 1159 tavimus;
2463 1106 2518 1152 et
2556 1098 2608 1153 in
2635 1098 2850 1152 nomine
2879 1105 2970 1152 tuo
2992 1096 3254 1151 dicmonia
3280 1096 3569 1168 cjecimus;
3598 1101 3666 1151 et
3698 1093 3767 1151 in

2159 1200 2251 1243 tuo
2276 1187 2493 1241 nomine
2538 1187 2769 1242 virtutes
2814 1187 3013 1243 multas
3030 1185 3295 1242 fecimus?
3323 1187 3385 1241 Et
3418 1194 3546 1239 tunc
3565 1181 3765 1240 conli-

2160 1281 2311 1334 tehor
2354 1280 2458 1335 illis
2494 1282 2621 1349 quia
2668 1296 2941 1350 nunquam
2972 1280 3096 1336 novi
3142 1295 3281 1335 vos:
3312 1277 3571 1334 discedite
3596 1291 3630 1330 ε
3665 1290 3769 1331 me

2156 1371 2247 1439 qui
2288 1371 2589 1441 operamini
2648 1371 3008 1441 iniquitatem.
3041 1391 3061 1425 ι
3122 1371 3297 1428 Unum
3354 1385 3483 1425 vero
3528 1369 3765 1438 signum

2156 1461 2434 1515 electionis
2478 1469 2561 1516 est
2611 1461 2857 1517 soliditas
2894 1460 3216 1524 charitatis,
3277 1460 3419 1515 sicut
3478 1458 3769 1526 scriptum

2157 1560 2240 1604 est
2267 1570 2278 1603 :
2318 1571 2335 1600 ‹
2368 1550 2422 1605 In
2451 1550 2554 1605 hoc
2579 1550 2784 1605 scietur
2806 1550 2932 1621 quia
2960 1549 3068 1605 mei
3099 1548 3343 1618 discipuli
3378 1548 3543 1612 estis,
3574 1547 3620 1601 si
3664 1545 3763 1597 di-

2158 1643 2442 1697 lectionem
2469 1641 2767 1697 habueritis
2816 1642 3149 1697 ad'iuvieem
3184 1640 3366 1711 (Joan.
3400 1638 3540 1710 xm).
3565 1659 3583 1690 ι
3619 1635 3771 1693 εἰπε

2158 1742 2339 1787 autem
2389 1731 2645 1787 miracula
2676 1747 2801 1787 cum
2826 1731 2983 1787 electi
3020 1731 3241 1795 faciant,
3281 1730 3439 1803 longe
3467 1726 3771 1784 dissimili-

466 1828 653 1898 patrim
683 1836 891 1881 secreta
928 1826 1134 1880 rimari.
1184 1825 1457 1879 Fenestra:
1494 1833 1620 1879 sunt
1662 1825 1714 1878 in
1752 1825 2039 1878 frontibus.
2079 1818 2117 1874 ll
2150 1831 2233 1878 ter
2260 1839 2287 1875 a
2318 1822 2559 1892 reprobis
2589 1822 2811 1878 faciunt.
2841 1821 2978 1889 Quia
3008 1824 3150 1892 quod
3178 1821 3331 1877 electi
3359 1837 3425 1877 ex
3458 1819 3772 1885 cbaritate,

470 1916 577 1970 Alii
625 1932 753 1971 vero
793 1916 844 1969 in
884 1922 1086 1969 sancta.-
1131 1914 1373 1968 ecclesia:
1412 1915 1533 1967 sinu
1582 1915 1957 1977 continentur,
1997 1923 2052 1967 et

470 2010 711 2078 despecti
747 2007 998 2061 humanis
1037 2005 1208 2059 oculis
1241 2006 1514 2066 videntur,
1562 2005 1654 2057 sed
1692 2004 1831 2074 apud
1880 2019 1938 2058 sc
1964 2021 2050 2058 sa-

466 2100 682 2171 pientia:
713 2097 905 2151 studiis
933 2103 1124 2149 vacant
1164 2114 1174 2147 :
1207 2095 1273 2149 ad
1316 2094 1556 2147 cwlcstia
1589 2095 1843 2147 anhelant
1866 2103 2047 2163 atque,

467 2192 523 2245 in
548 2197 810 2258 quantum
842 2187 1156 2256 praevalent,
1181 2201 1301 2254 qum
1329 2186 1435 2239 siut
1478 2186 1670 2255 gaudia
1700 2194 1900 2238 aeterna
1924 2201 2049 2238 con-

467 2282 729 2336 siderant.
771 2278 1045 2333 Fenestra:
1074 2280 1257 2347 itaque
1278 2278 1509 2347 obliqua:
1536 2287 1661 2332 sunt
1690 2297 1701 2331 :
1728 2280 1821 2331 sed
1870 2280 1923 2332 in
1967 2278 2049 2333 his

2158 1917 2260 1971 hoc
2298 1915 2515 1984 reprobi
2557 1916 2774 1971 student
2815 1930 2975 1988 agere
3017 1931 3116 1986 per
3158 1914 3444 1970 elationem
3472 1930 3486 1965 :
3513 1909 3609 1966 sed
3644 1910 3770 1981 eis-

2155 2012 2276 2063 dem
2307 2008 2494 2064 electis
2522 2016 2577 2064 et
2599 2010 2711 2079 ipsa
2733 2008 2870 2062 mira
2900 2022 3023 2077 qua:
3047 2022 3143 2077 per
3161 2004 3483 2059 charitatcm
3512 2000 3763 2066 faciunt,

2154 2122 2258 2159 non
2283 2104 2396 2172 jam
2444 2104 2635 2175 palmae
2664 2111 2815 2167 sunt,
2856 2102 2949 2157 sed
2980 2102 3159 2154 adhuc
3187 2100 3393 2169 pictum
3419 2095 3769 2167 palmarum,

2160 2195 2285 2263 quia
2315 2192 2384 2247 de
2409 2193 2489 2248 eis
2514 2192 2645 2247 foris
2673 2191 3002 2254 ostenditur,
3035 2188 3221 2258 quales
3245 2186 3383 2256 apud
3412 2183 3773 2253 omnipoten-

2160 2294 2267 2337 tem
2326 2283 2607 2337 Dominum
2648 2283 2792 2335 intus
2837 2280 3159 2334 habeantur.
3212 2276 3287 2329 lbi
3319 2282 3497 2331 autem
3522 2272 3604 2328 eis
3621 2269 3767 2339 pal-

468 2374 548 2429 sol
598 2390 701 2427 non
749 2381 848 2426 est.
901 2372 1044 2424 llenc
1084 2380 1262 2425 autem
1310 2372 1510 2425 dicitur
1542 2388 1633 2440 per
1658 2388 1841 2441 gyrum
1876 2386 1891 2421 :
1924 2374 2048 2439 quia

467 2468 644 2521 omnis
692 2464 967 2535 inquisitio
1018 2472 1350 2518 secretarum
1410 2477 1589 2515 rerum
1640 2477 1826 2532 gyrum
1866 2461 2048 2525 habet,

467 2561 593 2615 dum
622 2560 673 2613 iu
716 2559 1044 2629 cogitatione
1071 2573 1164 2611 sua
1189 2556 1319 2611 dicit
1362 2555 1574 2608 animus
1601 2573 1611 2607 :
1644 2554 1877 2608 Putasne
1908 2554 2008 2608 huc
2029 2560 2050 2606 ’ἰ

468 2659 699 2718 putasne
737 2648 863 2701 illud
914 2649 1032 2699 est?
1076 2647 1240 2712 Quasi
1292 2646 1488 2699 circuit
1537 2654 1591 2697 ut
1637 2645 1877 2697 inveniat
1907 2648 2047 2713 quo!

467 2738 680 2808 qnazrit.
719 2737 815 2789 Cui
848 2752 967 2788 cum
995 2735 1514 2804 initirrumscriptuiu
1552 2735 1730 2786 lumen
1767 2749 2048 2801 erumpere

471 2832 521 2882 in
550 2829 822 2897 agnitione
848 2827 1094 2895 eruperit,
1123 2826 1276 2895 quasi
1327 2840 1422 2894 per
1449 2824 1723 2893 obliquam
1754 2824 2046 2877 fenestram

472 2919 653 2973 radius
680 2916 925 2972 veritatis
955 2916 1117 2969 venit.
1163 2916 1253 2969 Sic
1287 2914 1487 2983 quippe
1526 2914 1576 2966 in
1599 2912 2047 2981 contemplatione

2152 2395 2236 2429 tua
2274 2379 2394 2441 erit,
2432 2377 2520 2430 ubi
2563 2376 2675 2444 jam
2706 2374 2898 2429 mortis
2951 2372 3224 2428 contentio
3277 2386 3383 2423 non
3433 2368 3561 2422 erit.
3608 2365 3770 2421 Nam

2151 2470 2471 2538 praedicator
2533 2466 2782 2537 egregius
2844 2472 2971 2519 tunc
3029 2461 3237 2534 aspexit
3282 2460 3517 2532 palmam
3564 2472 3770 2514 veram

2152 2559 2489 2614 vincentibus
2518 2559 2655 2621 dari,
2686 2572 2810 2611 cum
2838 2554 3291 2610 resurrectionem
3321 2549 3570 2620 praevidit
3596 2563 3772 2617 mor

2153 2662 2364 2703 tuorum
2408 2647 2523 2702 fieri
2562 2648 2701 2701 sicut
2727 2645 2897 2701 dicit:
2933 2643 3198 2715 «Oportet
3222 2641 3369 2696 enim
3397 2638 3769 2708 corruptibile

2152 2746 2254 2797 hoc
2288 2744 2513 2796 induere
2553 2740 3030 2810 incorruptionem,
3064 2746 3118 2793 et
3145 2736 3371 2792 mortale
3398 2737 3500 2790 hoc
3527 2734 3769 2789 induero

2150 2835 2633 2897 imuertalitatem,
2684 2842 2810 2885 tunc
2854 2830 2947 2886 lict
2992 2844 3173 2885 sermo
3212 2828 3303 2897 qui
3346 2825 3581 2895 scriptus
3608 2830 3707 2878 est
3744 2840 3764 2875 :

2150 2928 2414 2995 Absorpta
2465 2933 2550 2980 est
2593 2938 2740 2978 mors
2793 2923 2845 2977 in
2894 2922 3137 2975 victoria.
3183 2917 3284 2974 Ubi
3324 2925 3407 2971 cst
3446 2930 3611 2973 mors.
3672 2914 3768 2967 vi-

471 3018 653 3062 nostra
679 3008 844 3061 multa
868 3005 1284 3075 cogitatiouilms
1308 3004 1691 3059 circumeumlo
1709 3002 2044 3072 perlicimus:

470 3101 607 3154 sicut
632 3096 875 3166 exempla
906 3097 1165 3151 bonorum
1201 3110 1341 3163 smpe
1370 3093 1679 3162 qu:erinuts,
1714 3101 1770 3145 ut
1801 3092 1851 3144 in
1885 3092 2046 3144 morie

2148 3020 2316 3072 ctoria
2343 3020 2472 3073 tua?
2500 3018 2587 3072 ubi
2616 3024 2700 3071 est
2724 3014 2973 3069 stimulas
2996 3013 3157 3066 tuus?
3183 3009 3233 3082 (I
3258 3008 3381 3065 Cor.
3412 3008 3521 3075 xv.)
3549 3027 3567 3061 ι
3599 3005 3769 3063 Tunc

2149 3124 2276 3180 ergo
2321 3109 2427 3163 erit
2465 3106 2697 3177 perfecta
2731 3105 2970 3166 victoria,
3022 3119 3145 3157 cum
3196 3100 3546 3171 tuorsplcne
3592 3098 3767 3153 fuerit

471 3200 570 3244 hus
597 3189 961 3259 proficiamus.
1025 3185 1156 3239 Nam
1192 3203 1313 3240 cum
1353 3183 1464 3253 jam
1506 3187 1705 3254 cogitat
1739 3184 1948 3237 animus
1979 3182 2041 3235 a-l
2073 3176 2115 3233 ll
2150 3176 2419 3270 ηειξοηηε.

473 3280 691 3335 meliora
749 3278 975 3333 transire
1000 3318 1013 3342 ,
1053 3277 1312 3347 quidquid
1360 3276 1549 3329 melius
1591 3275 1656 3327 de
1698 3274 1818 3327 aliis
1860 3273 2046 3326 audire

473 3372 673 3444 possit,
724 3370 959 3440 exquirit
987 3390 997 3423 :
1026 3386 1165 3423 nunc
1218 3368 1394 3436 hujus,
1433 3384 1576 3421 nime
1624 3366 1792 3420 sancti
1826 3364 2047 3418 alterius

476 3466 643 3521 vitam
673 3463 913 3519 ventilat.
977 3462 1127 3517 Unde
1167 3474 1221 3516 ct
1245 3462 1447 3515 electus
1476 3460 1715 3527 quidatn,
1747 3458 1837 3527 qui
1869 3457 1921 3510 in
1949 3470 2047 3510 ex-

474 3569 644 3629 panso
671 3553 791 3609 sinu
824 3560 1025 3607 sancta:
1048 3553 1308 3617 ccclesia-,
1341 3566 1435 3620 per
1464 3550 1769 3603 universum
1791 3546 2049 3602 mundum

479 3628 677 3686 mentis
707 3630 892 3685 oculos
934 3628 1155 3682 miserat
1188 3629 1448 3682 lmuorum
1480 3630 1642 3681 vitam
1688 3629 1755 3682 ad
1797 3629 2057 3686 imitatio-

478 3739 599 3774 nem
635 3722 938 3790 requirens,
971 3719 1182 3773 dicebat
1211 3734 1222 3771 :
1261 3740 1278 3768 ς
1312 3720 1564 3773 Circttibo
1591 3728 1645 3771 et
1678 3721 1965 3776 immolabo
2000 3723 2057 3778 in

477 3816 828 3868 tabernaculo
856 3815 972 3884 ejus
1003 3816 1236 3868 hostiam
1258 3813 1595 3881 juhilationis
1621 3816 1793 3886 (l‘sul.
1834 3817 2003 3889 xxvi).
2034 3835 2053 3868 ι

480 3905 636 3959 lii-ce.
661 3916 717 3955 ut
740 3904 1396 3974 iuunolaretjultilatiouis
1430 3906 1657 3959 hostium
1688 3907 2009 3963 circumibat
2042 3948 2054 3960 .

476 3995 600 4060 quia
650 3994 749 4046 nisi
799 3994 1035 4047 animum
1085 3996 1187 4048 huc
1233 3995 1462 4064 illucque
1496 3997 1562 4048 ad
1600 3996 1860 4051 lmuorum
1894 3997 2055 4069 vitam

477 4085 862 4153 «\quircudam
897 4087 1153 4147 mitteret,
1191 4086 1301 4154 ipse
1339 4102 1505 4154 usque
1528 4086 1949 4153 adjuhilalionis
1972 4104 2053 4141 sa-

477 4174 740 4226 rrilicitun
784 4191 888 4226 non
917 4176 1241 4241 perveniret.
1274 4175 1405 4228 (lum
1434 4192 1558 4227 γυνη
1586 4179 1756 4229 sancti
1787 4178 1888 4230 viri
1916 4180 2055 4230 intra

479 4264 773 4318 Ecclesium
813 4266 879 4317 ad
918 4266 1030 4317 lora
1078 4282 1284 4319 summa
1320 4266 1698 4335 perducuntur,
1731 4284 1918 4322 eorum
1950 4271 2054 4323 vita

477 4355 630 4422 quasi
665 4356 715 4408 in
734 4355 949 4424 speculo
970 4359 1205 4425 ponitur,
1239 4370 1295 4410 ut
1322 4360 1498 4411 rumzti
1530 4360 1741 4413 videant
1777 4359 1911 4414 bona
1938 4377 2057 4430 qua:

479 4448 711 4501 debeant
738 4448 955 4501 imitari.
992 4447 1143 4501 Unde
1173 4459 1225 4499 ct
1258 4450 1433 4502 adhuc
1469 4460 1589 4518 apte
1629 4452 1906 4505 subditur:
1943 4474 1959 4502 ι
1994 4454 2055 4505 I'Lt

478 4545 603 4591 ante
636 4537 1073 4608 fruntcs‘pirtura
1107 4539 1425 4607 palmarum.
1470 4562 1486 4590 ι
1523 4541 1660 4605 Quid
1693 4558 1788 4610 per
1821 4544 2052 4610 palmas,

479 4628 578 4681 nisi
611 4630 828 4697 prumtia
862 4630 1101 4681 victoria:
1127 4630 1517 4699 designantur?
1548 4632 1677 4700 Ipsie
1714 4634 1910 4703 quippe
1941 4636 2056 4687 dari

480 4720 717 4773 \ictoria:
749 4719 940 4773 solent.
971 4719 1118 4774 Unde
1139 4724 1204 4775 de
1229 4724 1311 4775 his
1334 4740 1512 4792 quoqu
1568 4725 1659 4792 qui
1690 4726 1739 4776 in
1764 4727 2059 4780 certamine

479 4810 721 4879 tuartyrii
752 4812 1032 4878 autiqumn
1069 4813 1277 4866 hostem
1317 4814 1573 4877 tictu'ant,
1607 4817 1792 4883 rtjam
1829 4818 2059 4871 victores

480 4902 531 4953 in
565 4900 739 4969 patria
778 4902 1104 4969 gaudebant,
1139 4904 1399 4972 scriptum
1427 4914 1508 4957 est
1535 4924 1544 4955 :
1576 4926 1592 4953 ι
1632 4904 1830 4958 l’alune
1859 4907 1914 4958 in
1948 4923 2061 4959 ma-

480 4992 636 5043 nibus
678 5006 885 5053 eorum,
919 5000 972 5044 et
1001 4991 1309 5047 clamabant
1352 5010 1481 5047 voce
1528 5011 1720 5064 magna
1771 4996 2057 5049 dicentes:

479 5081 634 5135 Salus
660 5082 768 5137 ι)υο
793 5092 995 5141 nostro.
1028 5084 1119 5152 qui
1149 5084 1297 5138 sedet
1327 5102 1489 5154 super
1518 5088 1797 5151 thronum,
1823 5098 1876 5142 ct
1908 5088 2059 5157 Agim

478 5175 663 5243 (λιμοί.
698 5174 814 5246 vlt).
850 5195 865 5224 ι
903 5174 1114 5228 Palmas
1146 5176 1339 5245 quippe
1369 5177 1419 5228 in
1456 5177 1704 5230 manibus
1734 5178 1953 5243 habere,
1980 5190 2059 5230 est.

476 5273 731 5325 \icturias
758 5272 810 5325 in
841 5272 1160 5341 operatione
1201 5273 1437 5325 tenuisse
1475 5313 1485 5324 .
1533 5271 1685 5339 cujus
1729 5272 2062 5342 Opttt‘allonii

476 5360 654 5430 palma
682 5362 751 5413 ihi
782 5361 1064 5418 tribuetur.
1090 5362 1175 5415 ubi
1194 5362 1436 5428 jamsine
1456 5364 1752 5415 certamine
1776 5364 2057 5432 gaudetur.

480 5452 630 5507 Unde
660 5452 747 5505 hic
777 5466 881 5503 non
912 5452 1126 5515 dicitur,
1170 5452 1362 5519 palmae
1398 5461 1525 5506 ante
1552 5452 1777 5517 frontes,
1810 5454 1907 5507 sed
1931 5462 2056 5505 ante

483 5542 690 5597 frontes
717 5544 923 5614 pictura
956 5544 1277 5615 palmarum.
1309 5545 1383 5599 lbi
1413 5546 1556 5599 enim
1588 5547 1812 5601 victoria
1845 5546 2055 5601 videbi—

487 5644 591 5696 tur,
627 5633 714 5686 nl-i
750 5633 862 5701 jam
905 5634 1020 5689 sine
1049 5635 1155 5689 line
1183 5636 1525 5705 gaudebitur.
1576 5636 1710 5691 Nam
1743 5638 2065 5707 plerumque

486 5734 701 5776 unitos
736 5726 873 5780 viros
906 5726 1194 5795 a>pirimus
1226 5727 1359 5782 mira
1400 5742 1579 5798 agere,
1607 5731 1831 5786 virtutes
1866 5728 2065 5784 multas

2085 4509 2137 4566 D

2238 3310 2254 3340 ι
2292 3290 2356 3343 Et
2377 3289 2561 3343 eduxit
2588 3302 2673 3340 me
2709 3287 2776 3340 ad
2803 3285 3003 3339 atrium
3026 3284 3290 3337 exterius.
3329 3282 3396 3336 Et
3434 3296 3563 3337 ecce
3591 3294 3761 3350 gazo-

2161 3400 2177 3429 (
2215 3377 2463 3449 phylaeia
2500 3385 2557 3431 et
2596 3375 2962 3445 pavimentum
2989 3380 3220 3428 stratum
3253 3362 3427 3441 lapide
3464 3371 3518 3424 in
3552 3369 3760 3425 atrium

2160 3490 2175 3519 ι
2213 3486 2308 3539 per
2332 3467 2621 3524 circuitum
2649 3485 2662 3519 :
2692 3464 2912 3536 triginta
2932 3462 3311 3537 gazophylacia
3338 3461 3391 3515 in
3414 3459 3643 3515 circuitu
3665 3472 3761 3527 pa-

2161 3580 2176 3611 ι
2214 3559 2460 3624 vimcuti,
2473 3568 2528 3626 et
2540 3557 2908 3627 pavimentum
2925 3554 2977 3609 in
2994 3553 3170 3609 fronte
3184 3561 3463 3623 portarum
3478 3560 3597 3606 crat
3614 3548 3759 3605 infe-

2160 3674 2175 3703 ι
2216 3652 2346 3706 rius.
2362 3651 2428 3705 Et
2446 3665 2665 3705 mensus
2677 3656 2761 3704 est
2779 3646 3118 3702 latitudinem
3136 3660 3165 3699 a
3181 3644 3317 3698 facie
3340 3650 3511 3713 portae
3532 3638 3759 3696 inferio-

2161 3765 2178 3794 ς
2226 3744 2485 3811 risusque
2497 3740 2564 3795 ad
2576 3738 2809 3794 frontem
2824 3737 2948 3792 atrii
2964 3734 3238 3789 interioris
3252 3734 3615 3794 extrinsecus,
3630 3744 3762 3784 ceu-

2162 3856 2178 3884 σ
2220 3842 2331 3885 tum
2364 3830 2576 3885 culiitus
2608 3829 2675 3882 ad
2698 3828 2963 3882 orientem
2990 3833 3046 3879 et
3071 3824 3137 3878 ad
3167 3822 3497 3891 aquilonem.
3546 3840 3564 3873 ι
3593 3818 3756 3891 (Ilie—

2161 3922 2301 3991 Hm.)
2346 3922 2438 3976 \t'ir
2460 3933 2591 3989 ergo
2621 3918 2709 3971 ille
2742 3917 2833 3986 qui
2868 3913 3103 3969 habebat
3130 3912 3425 3967 funiculum
3457 3919 3757 3965 crementa-

2161 4012 2362 4064 riorum
2393 4011 2445 4063 in
2482 4024 2640 4063 tuaau
2678 4016 2734 4061 et
2763 4004 3027 4060 calamum
3054 4017 3344 4067 mensurae,
3376 4007 3433 4056 et
3470 3999 3647 4056 stabat
3694 4000 3748 4054 in

2162 4109 2335 4170 porta,
2372 4101 2510 4152 inter
2538 4106 2733 4151 cattera
2763 4112 2881 4166 quin
2909 4094 3185 4165 propheta:
3216 4091 3556 4147 monstrabat
3588 4105 3748 4160 aspc-

2161 4191 2267 4243 ctai
2295 4197 2413 4258 post
2448 4188 2644 4241 atrium
2685 4184 2960 4255 sexaginta
2987 4184 3313 4246 cubitorum,
3334 4191 3391 4237 et
3411 4181 3561 4236 aliud
3586 4181 3752 4237 vesti-

2163 4281 2343 4334 ltoltlttl
2390 4289 2557 4350 porta:
2604 4277 2881 4332 interioris
2916 4276 3059 4345 quod
3101 4274 3315 4329 tenebat
3359 4274 3752 4344 quinquaginta

2162 4370 2392 4436 cubitus,
2429 4369 2614 4423 eduxit
2650 4367 2966 4437 prophetam
2996 4366 3063 4419 ad
3093 4365 3291 4419 atrium
3332 4366 3593 4429 exterius,
3637 4367 3755 4421 sive

2165 4470 2221 4514 ut
2246 4462 2297 4514 in
2315 4460 2667 4530 Septuaginta
2691 4457 3020 4521 continetur,
3045 4456 3341 4512 introduxit
3360 4457 3427 4511 ad
3449 4457 3646 4510 atrium
3673 4457 3752 4510 in—

2166 4554 2351 4607 terius.
2378 4551 2630 4620 Satisque
2660 4551 2827 4603 miror
2862 4549 3015 4618 juxta
3057 4548 3290 4602 litteram
3312 4557 3367 4603 et
3394 4547 3752 4618 Septuaginta

2162 4641 2431 4711 quomodo
2475 4648 2595 4709 post
2629 4638 2899 4693 exteriora
2945 4638 3068 4692 atrii
3122 4636 3465 4707 septuaginta
3494 4646 3552 4691 et
3588 4637 3752 4706 quin-

2164 4734 2418 4804 quaginta
2455 4731 2665 4785 cubitos
2702 4730 2960 4793 tenentia,
3002 4730 3228 4782 interius
3249 4729 3321 4783 sit
3351 4728 3572 4793 atrium,
3602 4728 3749 4796 quod

2166 4826 2219 4878 iu
2249 4823 2526 4876 latitmlimz
2579 4829 2793 4874 centum
2840 4819 3143 4873 cubitorum
3196 4819 3449 4872 tcadatur
3506 4817 3746 4886 spatiis:

2168 4914 2267 4967 nisi
2300 4909 2613 4977 forte‘justa
2642 4910 2897 4979 mysticus
2920 4909 3245 4973 intellectus,
3271 4917 3326 4962 et
3360 4907 3633 4978 profectus
3664 4910 3750 4964 in-

2164 5002 2517 5073 gredientium
2563 5015 2683 5069 qua:
2728 5000 2982 5054 interiora
3027 5000 3078 5053 in
3114 5000 3380 5055 doctrinis
3410 5000 3630 5065 fuerint,
3662 5001 3745 5055 la-

2167 5096 2302 5147 tiora
2328 5094 2452 5147 sint.
2482 5091 2817 5146 Introductus
2845 5099 3025 5145 autem
3054 5091 3106 5145 in
3132 5092 3330 5145 atrium
3357 5092 3605 5157 interius,
3628 5093 3748 5147 sive

2165 5184 2253 5236 tlttt
2273 5194 2357 5237 tus
2383 5182 2446 5234 ad
2475 5183 2713 5235 exterius
2734 5182 2952 5245 atrium,
2972 5191 3029 5234 ut
3050 5181 3102 5235 in
3126 5180 3390 5237 llebraico
3411 5184 3750 5249 continetur,

2166 5273 2347 5324 statim
2368 5272 2592 5324 intuitus
2614 5280 2695 5323 est
2720 5270 2931 5340 triginta
2959 5270 3219 5325 thalamos
3235 5271 3315 5325 vel
3339 5273 3745 5343 gazophylacia.

2166 5361 2231 5414 lCt
2272 5370 2326 5414 ut
2351 5360 2710 5431 Symmachus
2733 5359 3115 5429 interpretatus
3140 5369 3225 5414 est
3245 5363 3486 5425 cxcdras,
3509 5379 3631 5431 qua:
3650 5363 3752 5418 ha-

2166 5451 2409 5504 l‘itationi
2443 5449 2748 5503 Levitarum
2789 5459 2947 5518 atque
2986 5451 3327 5505 sacerdotum
3358 5453 3573 5507 fuerant
3610 5468 3753 5524 pra:-

2168 5548 2387 5609 paratae,
2412 5546 2465 5591 et
2501 5537 2865 5607 pavimentum
2899 5538 3033 5591 vivis
3058 5548 3288 5593 stratum
3317 5540 3607 5610 lapidibus,
3633 5544 3752 5598 sire

2169 5628 2575 5683 intercolumnia
2616 5638 2674 5681 ut
2707 5628 3019 5682 ostendatur
3058 5629 3282 5683 interius
3312 5632 3511 5685 atrium
3542 5633 3627 5686 vel
3656 5650 3753 5688 ex-

2169 5718 2332 5772 terius
2364 5717 2561 5772 habere
2600 5725 2723 5771 ante
2770 5717 2910 5772 fores
2958 5717 3199 5772 ordinem
3243 5718 3649 5787 columnarum,
3701 5733 3759 5779 et
