3950 6332
172 368 268 425 9‘2l

1094 366 1447 425 COMMENT.
1486 366 1552 423 1N
1589 366 2045 422 EZECHIELEM.
2084 396 2156 407 —-
2191 365 2319 421 LIB.
2353 364 2451 421 XV

3318 366 3427 421 9:12

173 484 537 553 pavimentum
569 482 624 537 in
660 481 838 540 lronte
879 491 1177 553 portarum,
1206 483 1320 540 sive
1355 478 1595 554 porticus
1618 491 1741 553 post
1769 482 1817 540 Α
1845 478 1985 550 quod
2018 478 2211 533 multas
2240 477 2421 547 fruges
2446 475 2670 541 laceret,
2708 483 2764 530 et
2786 473 2981 531 famem
3001 473 3204 546 judaiei
3233 476 3422 547 populi

174 588 382 645 tergum
411 583 708 643 portarum.
745 572 801 627 lu
829 574 1023 644 quibus
1043 573 1339 645 porticibus
1369 582 1495 644 puto
1536 574 1745 629 colum-

173 681 275 720 nas
304 664 493 719 ordine
537 661 703 718 fuisse
745 663 1031 733 dispositas
1061 680 1081 721 ί
1115 673 1174 719 ut
1200 671 1327 717 ante
1364 662 1745 735 gazOphylacia

177 769 360 817 essent
381 757 644 830 porticus.
671 764 727 811 et
757 756 810 810 in
846 756 1109 812 frontibus
1136 756 1435 825 porticuum
1484 756 1747 811 columnae

176 853 417 925 porticus
437 848 783 905 sustinentes.
812 847 1183 905 Pavimentum
1220 857 1398 904 autem
1426 848 1568 919 quod
1600 856 1743 904 stra-

176 956 291 999 tum
316 950 433 999 erat
453 940 737 1012 lapidibus,
763 950 818 997 et
845 952 969 997 ante
992 942 1227 1012 porticus
1253 940 1377 996 atrii
1406 940 1745 1004 tendebatur,

176 1037 401 1094 inferius
429 1048 547 1096 erat
579 1037 890 1096 ascensione
931 1034 1251 1104 porticuum,
1291 1042 1349 1089 et
1382 1031 1626 1088 eamdem
1653 1030 1747 1085 ba-

173 1129 341 1183 bebat
391 1126 779 1197 longitudinem
833 1140 996 1196 quam
1054 1124 1409 1181 thalamorum
1462 1116 1747 1175 aediﬁcatio

173 1217 503 1292 possidebat.
542 1212 866 1287 Meususque
903 1223 988 1272 est
1025 1216 1166 1270 idem
1197 1213 1279 1267 vir
1308 1212 1360 1265 in
1397 1208 1549 1278 cujus
1584 1220 1748 1260 mauu

175 1324 298 1371 erat
332 1312 602 1369 funiculus
642 1320 698 1367 et
734 1310 971 1367 calamus
1003 1323 1033 1362 a
1078 1304 1212 1361 facie
1257 1310 1425 1374 portae
1455 1295 1747 1360 inferioris,

176 1406 313 1471 sive,
333 1415 393 1458 ut
414 1404 761 1475 Septuaginta
780 1402 984 1467 volunt,
1008 1396 1297 1454 exterioris
1319 1406 1488 1462 usque
1514 1388 1581 1443 ad
1608 1386 1750 1442 fron-
1778 1424 1795 1444 ι

178 1508 292 1554 tem
347 1498 469 1553 atrii
510 1498 596 1553 vel
638 1505 806 1569 porta:
832 1493 1126 1557 interioris,
1171 1500 1386 1546 centum
1431 1483 1640 1540 eubitos
1681 1481 1751 1535 ad

177 1592 465 1658 orientem,
481 1600 536 1647 et
558 1600 619 1646 ut
646 1592 700 1646 in
720 1588 984 1646 Hebraieo
1012 1586 1226 1650 dicitur,
1252 1590 1307 1638 ct
1327 1581 1394 1636 ad
1422 1578 1746 1649 aquilonem.

181 1685 261 1739 Ex
292 1685 487 1755 quibus
502 1682 848 1754 intelligimus
870 1679 1002 1735 illud
1026 1674 1389 1749 evangelicum
1414 1668 1558 1741 quod
1579 1682 1608 1721 a
1633 1663 1751 1721 Sal-

174 1785 368 1832 vatore
392 1782 666 1839 narratur,
694 1771 870 1827 missa:
892 1771 945 1825 in
971 1782 1156 1840 agrum
1186 1760 1443 1820 sementis
1466 1760 1518 1816 in
1552 1764 1750 1812 terram

176 1871 379 1924 bonam
402 1881 521 1936 quze
548 1862 862 1934 multiplicat
886 1858 1066 1929 fruges
1092 1872 1190 1927 pro
1211 1853 1470 1908 varietate
1494 1848 1753 1936 virtutum

177 1960 233 2014 iu
266 1934 633 2018 tricenarium,
677 1962 734 2009 et
766 1953 820 2007 in
860 1946 1269 2020 sexagenarium
1307 1950 1361 1999 et
1385 1934 1754 1998 centenarium

176 2063 487 2114 numerum,
516 2041 1062 2117 bujuslocivaticinio
1087 2034 1408 2094 convenire:
1434 2039 1488 2085 ct
1506 2029 1597 2084 hic
1611 2025 1756 2081 enim

176 2142 492 2213 trigesimus
505 2148 559 2196 et
573 2136 941 2209 sexagesimus
962 2141 1016 2189 et
1037 2127 1362 2189 centesimus
1380 2133 1757 2213 numeruspo-

174 2211 351 2312 nitur,
392 2241 449 2287 ut
476 2232 562 2287 bis
591 2229 746 2302 quasi
775 2226 1030 2300 gradibus
1056 2222 1124 2277 ad
1148 2218 1443 2291 perfectam
1472 2211 1755 2312 scientiam

174 2304 465 2396 pervenire
492 2321 788 2383 valeamus,
821 2318 894 2372 ita
929 2315 1189 2370 duntaxat
1223 2318 1284 2364 ut
1328 2307 1396 2362 ad
1440 2304 1754 2403 interiorem

172 2415 350 2473 adem
399 2410 892 2483 quinquagenarius
933 2420 1031 2461 nos
1064 2401 1321 2475 perducat
1351 2407 1628 2457 numerus,
1663 2401 1756 2462 qut

176 2507 335 2563 ﬁnito
360 2513 565 2575 septem
600 2499 1055 2559 hebdomadarum
1084 2494 1307 2550 sabbato
1330 2491 1384 2545 in
1410 2488 1550 2544 diem
1578 2497 1758 2539 resur-

176 2599 439 2656 rectionis
468 2595 721 2666 erumpit.
750 2588 1143 2661 Gazophylaeia
1190 2594 1369 2641 autem
1399 2578 1761 2653 appellantur,

174 2710 304 2766 quae
328 2693 482 2763 plena
509 2704 628 2750 sunt
659 2680 1030 2760 spiritualibus
1058 2677 1280 2744 divitiis,
1308 2676 1373 2734 de
1399 2672 1593 2746 quibus
1622 2667 1759 2766 scri-

174 2762 334 2858 ptum
361 2793 446 2841 est
473 2804 487 2838 :
519 2801 537 2833 ι
581 2779 899 2850 Redemptio
936 2776 1130 2831 animte
1168 2772 1270 2827 viri
1299 2768 1531 2843 propriae
1560 2762 1760 2821 divitia!

176 2879 367 2951 (Prov.
391 2876 533 2946 xm).
573 2893 592 2926 ι
624 2872 799 2942 Super
814 2869 1010 2941 quibus
1034 2874 1085 2922 et
1106 2863 1305 2919 Paulus
1331 2858 1606 2951 apostolus
1635 2870 1762 2951 con-

174 2945 780 3041 gratulaturdiscipulis
809 2962 941 3026 suis,
972 2959 1113 3029 quod
1135 2956 1277 3039 pleni
1300 2955 1405 3009 sint
1429 2950 1575 3008 omni
1596 2945 1760 3041 verbo

175 3036 232 3115 et
265 3057 411 3113 omni
442 3055 688 3112 scicntia.
711 3052 858 3108 Gaza
882 3060 1061 3106 autem
1088 3036 1269 3118 lingua
1300 3044 1592 3099 Persarum
1614 3036 1759 3105 divi-

176 3150 274 3203 tiae
298 3152 695 3216 nuncupantur.
733 3140 828 3196 Vel
864 3147 1013 3196 certe
1042 3135 1285 3200 thalami,
1328 3132 1419 3204 qui
1457 3131 1646 3225 Graece
1788 3163 1831 3225 Ο

174 3246 376 3295 cuntur
402 3232 727 3311 παστοφορία
762 3230 1056 3288 ostendunt
1084 3226 1265 3299 sponsi
1306 3222 1561 3280 adventui
1599 3219 1756 3276 cubi—

172 3328 299 3385 cuia
343 3334 643 3398 praeparata
684 3338 804 3394 quae
829 3321 978 3377 fuere
1012 3319 1231 3391 triginta
1264 3329 1511 3378 numero,
1544 3318 1601 3367 ut
1632 3323 1757 3380 per-

173 3418 378 3474 fectam
411 3423 622 3471 aetatem
649 3413 1010 3473 habitantium
1041 3409 1494 3465 demonstrarent.
1523 3402 1591 3457 Et
1615 3399 1760 3471 pavi-

174 3516 423 3567 mentum
454 3504 686 3562 stratum
712 3511 831 3560 erat
859 3502 1054 3572 lapide,
1076 3514 1145 3554 ne
1176 3498 1291 3551 luto
1318 3503 1374 3551 et
1401 3502 1546 3549 terra
1569 3500 1623 3546 et
1644 3489 1761 3560 pul-

174 3614 310 3657 vere
350 3607 693 3671 peccatorum
727 3592 1083 3650 habitantium
1115 3588 1482 3660 polluerentur
1507 3580 1758 3671 vestigia,

178 3693 281 3751 sed
311 3668 371 3746 ut
410 3705 573 3761 super
611 3688 760 3742 vivos
798 3685 1108 3740 incederent
1135 3679 1341 3749 lapides
1368 3675 1564 3745 quibus
1592 3668 1761 3726 aediﬁ-

176 3791 338 3838 catur
378 3777 633 3849 templum
674 3774 788 3831 Dei.
843 3773 969 3828 Sive
1003 3765 1413 3826 intercolumnia
1452 3768 1607 3818 erant
1636 3766 1761 3815 ante

178 3876 543 3933 thalamorum
560 3869 725 3935 fores,
751 3884 869 3939 quae
890 3865 1198 3935 impositum
1224 3862 1454 3929 desuper
1474 3852 1761 3911 aedilicium

178 3975 569 4028 sustentarent.
594 3966 716 4021 Ista:
740 3971 867 4018 sunt
888 3961 1150 4019 columnae
1174 3956 1241 4011 de
1268 3953 1465 4023 quibus
1488 3957 1541 4004 et
1563 3944 1763 4001 Paulus

180 4060 461 4135 apostolus
484 4057 671 4114 scribit
696 4053 837 4128 (Gal.
872 4054 931 4125 ιι)
960 4072 973 4107 :
1006 4071 1025 4103 ι
1060 4052 1290 4106 Dextras
1330 4043 1597 4135 dederunt
1630 4036 1760 4092 mihi

179 4132 237 4211 ct
265 4152 550 4215 Barnabas,
578 4147 772 4202 Prtrus
805 4153 860 4199 ct
894 4142 1145 4205 Joannes,
1182 4138 1272 4208 qui
1317 4132 1637 4189 videbantur
1672 4142 1763 4182 co—

180 4244 381 4300 lumna:
427 4255 566 4295 esse.
607 4258 623 4290 ι
664 4237 732 4292 Et
778 4237 831 4290 iu
874 4234 978 4289 alio
1023 4232 1141 4286 loco
1172 4228 1221 4299 (I
1250 4227 1383 4282 Tim.
1417 4223 1544 4296 ut):
1595 4241 1612 4273 ι
1656 4219 1761 4275 Co-

182 4339 369 4392 lumna
411 4340 465 4389 et
514 4330 913 4385 ﬁrmamentum
963 4321 1226 4377 veritatis.
1278 4339 1296 4371 ι
1335 4316 1401 4370 Et
1444 4315 1497 4370 in
1540 4309 1764 4367 Joannis

1847 569 2093 625 audiendi
2117 568 2384 625 sermonis
2405 567 2500 621 Dei
2515 574 2795 622 saturaret
2824 581 2889 622 eo
2907 580 3047 637 pane
3067 567 3158 637 qui
3178 565 3248 622 de
3276 568 3423 624 cmlo

1848 658 2141 715 descendit.
2179 655 2435 730 (Gr-eg.)
2487 656 2778 727 Postquam
2832 656 2898 712 de
2952 656 3424 727 contemplationis

1846 750 2019 818 gratia
2052 748 2297 816 obliquas
2331 746 2596 802 fenestras
2639 745 2917 800 insinuans
2945 745 3207 816 propheta
3248 745 3416 800 multa

1847 838 2059 894 locutus
2079 846 2181 905 est,
2212 837 2465 893 eductum
2488 851 2547 892 se
2576 836 2816 891 exterius
2838 836 2986 903 dicit,
3011 844 3065 892 et
3094 836 3422 907 gazophyla-

1846 930 1929 983 cia
1971 927 2170 982 vidisse
2223 932 2629 982 commemorat.
2685 924 2742 979 lu
2792 914 2987 995 quibus
3023 924 3425 997 gazophylaciis

1846 1018 1975 1089 quid
1997 1017 2141 1071 aliud
2165 1032 2325 1087 quam
2355 1017 2631 1073 doctorum
2672 1015 2896 1071 scicntia
2936 1016 3277 1086 designatur?
3310 1014 3417 1070 Sed

1847 1118 1997 1164 certe
2046 1108 2148 1163 hac
2188 1108 2241 1161 in
2292 1123 2351 1161 re
2384 1108 2552 1176 quaari
2582 1114 2780 1176 potest,
2816 1121 2941 1162 eum
2973 1104 3221 1161 doctores
3250 1104 3423 1161 sancti

1848 1196 2111 1269 spiritalia
2148 1203 2306 1265 atqu-2
2346 1203 2560 1250 terrena
2588 1196 2840 1262 doceant,
2867 1211 2968 1251 cur
3002 1196 3265 1266 propheta
3290 1196 3423 1252 edu-

1848 1298 1991 1345 ctum
2023 1304 2079 1344 sc
2105 1289 2345 1344 exterius
2367 1287 2517 1353 dicit,
2550 1295 2605 1341 et
2633 1287 3011 1360 gazophylacia
3036 1286 3167 1343 foris
3189 1287 3423 1343 vidisse?

1851 1380 1955 1436 Sed
1991 1380 2265 1436 sciendum
2300 1388 2384 1435 est
2423 1379 2550 1449 quia
2579 1378 2681 1433 alia
2729 1386 2814 1436 est
2853 1376 3255 1448 contemplatio,
3306 1391 3426 1446 qua:

1852 1478 2058 1525 tantum
2096 1469 2237 1523 videt
2265 1476 2525 1538 quantum
2568 1468 2749 1523 dicere
2795 1481 2902 1522 non
2944 1465 3085 1520 valet
3119 1482 3134 1518 :
3168 1464 3271 1520 alia
3301 1480 3430 1521 vero

1850 1558 2075 1614 scientia
2120 1566 2283 1626 atlne
2314 1557 2558 1612 doctrina
2596 1572 2718 1628 qua:
2758 1564 2964 1612 tantum
2992 1556 3138 1611 videt
3165 1562 3428 1626 quantum

1849 1646 2152 1717 exprimere
2167 1661 2264 1717 per
2284 1647 2522 1717 linguam
2538 1647 2724 1716 possit.
2742 1646 2799 1701 ln
2815 1646 3217 1716 comparatione
3229 1645 3427 1717 quippe

1851 1735 1993 1791 illius
2016 1736 2236 1791 luminis
2266 1737 2410 1806 quod
2438 1752 2572 1792 voce
2595 1738 2824 1807 exprimi
2846 1753 2950 1793 non
2972 1746 3151 1811 potest
3167 1738 3320 1808 quasi
3350 1746 3433 1791 to-

1786 1818 1826 1876 B
1855 1834 1969 1881 tum
1994 1826 2098 1882 hoc
2123 1826 2255 1882 foris
2282 1835 2366 1883 est
2385 1826 2528 1898 quod
2555 1830 2780 1898 exprimi
2814 1844 2945 1885 voce
2967 1837 3163 1899 potest.
3194 1830 3284 1884 Ait
3324 1830 3430 1885 ita-

1857 1932 1960 1988 que
1992 1935 2006 1971 :
2040 1935 2059 1969 ι
2097 1918 2163 1973 Et
2192 1918 2378 1974 eduxit
2398 1920 2582 1978 mead
2604 1920 2801 1976 atrium
2828 1921 3091 1987 exterius,
3119 1930 3174 1977 et
3194 1936 3324 1977 ecce
3346 1936 3435 1993 ga-

1855 2007 2165 2079 zophylacia
2197 2017 2251 2063 et
2286 2009 2655 2079 pavimentum
2692 2019 2921 2067 stratum
2949 2011 3204 2081 lapidein
3235 2012 3433 2068 atrium

1853 2111 1949 2166 per
1973 2096 2280 2153 circuitum.
2310 2118 2329 2152 ι
2366 2096 2501 2165 Quia
2545 2114 2795 2154 sermone
2820 2099 3010 2156 Graeco
3050 2099 3281 2170 pbylaxe
3317 2114 3408 2156 ser

1854 2200 1982 2240 vare
2008 2184 2227 2252 dicitur,
2254 2194 2309 2242 et
2342 2201 2486 2257 gazae
2520 2186 2700 2258 lingua
2738 2179 2958 2243 Persica
2986 2189 3187 2243 divitia:
3230 2203 3435 2245 vocan-

1858 2284 1963 2343 tur,
2001 2267 2443 2349 gazophylacium
2472 2278 2622 2334 locus
2660 2279 2915 2350 appellari
2938 2280 3073 2335 solet
3099 2295 3205 2350 quo
3236 2282 3434 2336 divitia:

1855 2375 2161 2423 servantur.
2204 2367 2340 2434 Quid
2370 2368 2548 2438 itaque
2573 2385 2671 2439 per
2695 2370 3072 2442 gazophylacia
3098 2371 3436 2443 designatur,

1854 2459 1983 2525 nisi,
2010 2467 2070 2514 ut
2088 2461 2452 2531 prtediximus,
2481 2463 2643 2517 corda
2666 2462 2943 2519 doctorum
2967 2464 3243 2534 sapientia:
3275 2476 3438 2536 atque

1857 2550 2095 2606 scientiae
2135 2551 2337 2607 divitiis
2388 2551 2582 2622 plena?
2628 2552 2762 2621 Quia
2801 2550 2954 2621 juxta
2995 2554 3147 2609 Pauli
3192 2571 3378 2611 vocem
3418 2574 3434 2613 :

1864 2658 1883 2692 ι
1918 2640 2023 2696 Alii
2055 2642 2214 2698 datur
2238 2658 2336 2714 per
2349 2640 2609 2713 Spiritum
2631 2659 2809 2700 sermo
2826 2646 3117 2716 sapientize.
3142 2647 3231 2702 alii
3255 2663 3437 2704 sermo

1857 2732 2099 2788 scientiae
2144 2734 2197 2789 in
2243 2735 2433 2790 eodem
2455 2732 2655 2807 Spiritu
2679 2734 2732 2807 (1
2768 2733 2891 2791 Cor.
2963 2738 3083 2806 xu).
3118 2736 3256 2793 Sunt
3288 2739 3433 2794 enim

1858 2826 2075 2896 quidam
2095 2828 2185 2897 qui
2208 2842 2304 2897 per
2325 2828 2520 2885 donum
2545 2829 2750 2901 gratim,
2772 2839 2827 2886 et
2850 2830 2963 2901 ipsa
2996 2832 3299 2903 intelligunt
3314 2847 3436 2903 qurc

1858 2916 2055 2986 exponi
2082 2931 2113 2970 a
2141 2916 2452 2973 doctoribus
2476 2933 2583 2972 non
2624 2920 2929 2983 audierunt,
2955 2921 3009 2975 hi
3045 2921 3291 2978 videlicet
3324 2938 3441 2979 ser-

1861 3021 2048 3062 mones
2085 3007 2363 3078 sapicntite
2406 3018 2783 3079 perceperunt.
2825 3010 2890 3063 Et
2930 3017 3054 3065 sunt
3090 3012 3312 3081 quidam
3348 3012 3439 3082 qui

1860 3114 1957 3169 per
1998 3099 2319 3168 semetipsos
2364 3099 2659 3171 intelligere
2690 3101 2869 3155 audita
2908 3112 3203 3172 nequeunt,
3250 3104 3343 3159 sed
3373 3119 3436 3158 ea

1863 3206 1983 3263 quae
2009 3191 2062 3246 in
2093 3193 2490 3263 expositoribus
2513 3193 2776 3263 legerunt,
2808 3194 3041 3249 retinent
3073 3203 3234 3265 atque
3266 3196 3439 3250 scien-

1860 3294 1943 3340 ter
1971 3282 2277 3354 proferunt,
2309 3299 2428 3354 quae
2454 3284 2592 3339 lecta
2613 3285 2937 3341 didicerunt.
2973 3283 3121 3342 Unde
3152 3288 3331 3356 itaque
3351 3288 3442 3345 ist'.

1862 3376 1963 3432 nisi
1994 3391 2244 3432 sermone
2283 3376 2520 3431 scientiae
2548 3376 2694 3445 pleni
2721 3378 2880 3432 sunt?
2916 3376 3174 3445 Quamvis
3214 3379 3317 3433 hoc
3355 3380 3437 3433 iu-

1863 3468 2025 3539 telligi
2056 3476 2109 3523 et
2125 3468 2280 3523 aliter
2311 3468 2503 3539 possit,
2526 3468 2652 3538 quia
2676 3470 2937 3540 sapientia
2969 3472 3035 3526 ad
3061 3472 3247 3535 vitam,
3272 3473 3442 3528 scicn-

1864 3559 1936 3615 tia
1959 3573 2086 3613 vcro
2109 3559 2346 3629 pertinet
2374 3559 2441 3615 ad
2466 3559 2788 3614 doctrinam.
2815 3561 2913 3628 Qui
2939 3562 3101 3633 igitur
3128 3564 3265 3618 bene
3305 3564 3440 3617 vivit

1862 3658 1917 3704 et
1935 3653 2229 3719 prudenter
2254 3651 2527 3721 praedicat,
2560 3652 3000 3723 gazophylacium
3030 3654 3287 3724 spiritalis
3311 3654 3441 3709 :edi-
3508 3654 3509 3659 “

1863 3740 1969 3796 ﬁcii
2000 3750 2147 3796 recte
2194 3742 2521 3823 nominatur,
2570 3743 2695 3813 quia
2738 3744 2807 3799 ab
2843 3742 2960 3812 ejus
2986 3731 3079 3799 dre
3112 3744 3313 3799 divitia:
3354 3746 3437 3799 di-

1863 3840 2208 3900 spensantur.
2252 3831 2348 3888 llis
2404 3832 2608 3888 divitiis
2647 3832 2920 3890 abundare
2962 3834 3251 3905 discipulos
3299 3835 3439 3891 idem

1864 3923 2128 3993 magister
2157 3923 2397 3994 gentium
2436 3918 2641 3979 viderat
2684 3940 2807 3979 cum
2856 3924 3070 3980 dicebat
3112 3942 3123 3977 :
3165 3944 3182 3976 ι
3239 3924 3441 3980 Divites

1864 4009 1990 4066 facti
2022 4013 2155 4066 estis
2182 4012 2235 4066 in
2264 4011 2373 4075 illo,
2413 4013 2465 4066 in
2505 4014 2649 4067 omni
2684 4014 2848 4069 verbo
2876 4022 2932 4069 et
2957 4013 3010 4067 in
3042 4013 3187 4068 omni
3216 4014 3440 4069 scicntia

1865 4101 1916 4173 (I
1964 4098 2087 4156 Cor.
2134 4100 2231 4171 1,);
2272 4122 2291 4155 ι
2327 4111 2551 4171 excepto
2589 4112 2767 4158 autem
2808 4116 2873 4157 eo
2905 4104 3047 4172 quod
3080 4103 3147 4158 ad
3181 4112 3439 4159 attentam

1866 4194 2097 4263 patriam
2127 4194 2325 4249 divitiae
2356 4193 2623 4264 spiritales
2659 4194 2880 4250 ducunt.
2904 4194 2998 4249 Est
3030 4194 3108 4249 eis
3150 4210 3179 4249 a
3212 4197 3444 4250 terrenis

1866 4282 2067 4350 divitiis
2091 4299 2279 4351 magna
2312 4282 2567 4338 distantia
2588 4323 2602 4348 ,
2637 4284 2763 4353 quia
2801 4283 3069 4353 spiritales
3098 4284 3295 4340 divitia:
3321 4300 3442 4339 ero—

1866 4384 1999 4448 gatm
2023 4376 2330 4448 proﬁciunt,
2362 4384 2586 4431 terrente
2612 4387 2789 4432 autem
2812 4376 3012 4431 divitiae
3038 4385 3128 4430 aut
3151 4387 3444 4446 erogantur

1291 4498 1327 4560 ε,
1369 4506 1424 4551 ει
1459 4494 1605 4551 foras
1650 4508 1756 4547 non
1787 4502 1836 4560 Β
1865 4478 1921 4524 et
1961 4468 2233 4534 deﬁciunt,
2272 4476 2367 4523 aut
2402 4468 2702 4524 retinentur
2746 4476 2801 4523 et
2829 4468 2987 4523 utiles
3021 4484 3125 4523 non
3162 4477 3305 4523 sunt.
3339 4467 3441 4535 Qui

177 4606 489 4680 egredietur
518 4600 767 4670 amplius.
801 4617 820 4650 ι
849 4596 1218 4651 Pavimentum
1242 4606 1369 4662 ergo
1389 4588 1533 4660 quod
1561 4586 1755 4680 eratin

179 4677 363 4753 fronte
390 4700 686 4765 portarum,
715 4688 782 4744 de
810 4702 918 4759 quo
940 4686 1051 4756 jam
1080 4683 1334 4747 diximus,
1374 4682 1487 4736 sive
1521 4677 1762 4749 porticus

180 4794 307 4857 post
340 4792 546 4854 tergum
568 4787 870 4851 portarum,
901 4790 1019 4844 qua:
1050 4772 1381 4829 habitatores
1401 4769 1760 4824 thalamorum

180 4876 252 4930 ab
299 4870 562 4928 imbribus
615 4865 997 4928 defendebant,
1061 4870 1177 4917 erat
1234 4858 1478 4915 inferius.
1538 4857 1765 4925 Semper

180 4966 332 5023 enim
370 4964 487 5032 qua:
514 4958 769 5015 inferiora
799 4964 942 5019 sunt,
993 4955 1045 5009 in
1088 4952 1366 5007 altioribus
1408 4951 1761 5013 collocantur,

185 5065 246 5111 ut
266 5055 335 5110 ad
359 5051 583 5125 mystica
613 5060 772 5118 atque
793 5053 1002 5102 secreta
1031 5053 1083 5098 ct
1112 5043 1266 5113 plena
1296 5040 1495 5096 divitiis
1543 5039 1761 5108 spirita-

184 5148 332 5202 libus
359 5158 583 5198 ascensu
626 5150 677 5194 et
716 5137 972 5210 gradibus
1001 5134 1279 5205 pervenire
1318 5133 1607 5203 possimus.
1647 5129 1767 5185 Ple—

186 5248 419 5305 rumque
456 5246 712 5287 numerus
741 5236 902 5297 atque
942 5225 1211 5295 perfectus
1238 5225 1289 5277 in
1320 5223 1505 5277 decem
1536 5220 1764 5275 decada-

186 5341 311 5381 rum
364 5334 586 5377 numero
633 5327 735 5382 est,
783 5315 871 5386 qui
908 5325 962 5369 et
1004 5324 1299 5369 sementem
1346 5312 1493 5365 Isaac
1537 5317 1764 5363 centena

187 5417 349 5486 fruge
375 5409 714 5480 multiplicat.
740 5406 845 5461 Sed
866 5404 989 5476 quia
1016 5404 1067 5457 in
1097 5414 1238 5457 terra
1262 5411 1398 5465 erat,
1424 5401 1668 5455 ctadbuc
1690 5398 1770 5452 di-

189 5525 321 5567 cere
353 5513 563 5576 poterat
601 5519 613 5555 :
652 5521 670 5551 ι
707 5500 927 5554 Advena
958 5514 1074 5552 sum
1107 5511 1206 5566 ego
1235 5503 1288 5549 et
1319 5494 1654 5565 peregrinus,
1698 5490 1769 5544 si-

190 5609 285 5655 cut
330 5608 518 5652 omnes
558 5599 740 5662 patres
776 5589 879 5644 mei
909 5586 1060 5657 (Gen.
1107 5588 1296 5657 xxut);
1342 5605 1359 5636 ι
1396 5584 1655 5639 hordcmu
1686 5596 1770 5634 sc-

191 5693 340 5747 visse
386 5694 440 5741 et
486 5682 833 5739 centesimam
882 5680 1088 5751 frugem
1129 5679 1418 5735 messuissc
1470 5683 1766 5731 narratur:

196 5780 429 5836 uectum
451 5772 593 5828 cuitu
618 5786 839 5844 granum
860 5771 1026 5826 tritici
1049 5777 1313 5825 mortuum
1337 5768 1506 5823 fuerat
1528 5767 1578 5819 in
1603 5775 1771 5828 terra,

1862 4577 1993 4632 ergo
2019 4562 2118 4617 has
2148 4561 2199 4614 in
2239 4575 2297 4615 se
2328 4574 2487 4614 veras
2514 4558 2732 4613 divitias
2774 4557 3071 4622 continent,
3103 4568 3252 4613 recte
3280 4573 3444 4629 gazo-

1866 4655 2109 4727 phylaeia
2144 4660 2425 4708 vocantur.
2457 4651 2521 4705 Et
2547 4651 2747 4706 habent
2778 4650 2889 4721 ipsa
2929 4649 3310 4724 gazophylaeia
3349 4669 3445 4723 pa-

1866 4746 2160 4799 vimentum
2184 4760 2281 4815 per
2302 4742 2606 4807 circuitum,
2635 4741 2761 4813 quia
2797 4742 2877 4797 eis
2911 4742 3146 4797 adhmret
3173 4758 3235 4797 ac
3265 4742 3447 4811 subia-

1870 4845 1957 4893 cet
1999 4836 2273 4891 humilitas
2323 4835 2647 4890 auditorum.
2694 4832 2845 4900 Quod
2885 4834 3248 4904 pavimentum
3298 4851 3446 4892 reete

1872 4937 2101 4983 stratum
2128 4926 2301 4996 lapide
2329 4926 2381 4979 in
2410 4925 2609 4979 atrium
2638 4924 2835 4980 dicitur
2854 4964 2869 4989 ,
2897 4924 3021 4992 quia
3064 4923 3116 4977 in
3161 4922 3446 4979 latitudine

1872 5019 2151 5075 charitatis
2167 5017 2398 5073 vicissim
2413 5017 2512 5072 sibi
2533 5015 2736 5086 junctre
2747 5023 2875 5070 sunt
2893 5015 3085 5069 anima:
3107 5014 3309 5079 fideles,
3328 5029 3447 5084 quzr

1872 5117 1924 5165 ct
1953 5108 2157 5179 lapides
2171 5108 2506 5178 appellantur
2518 5122 2616 5178 pro
2632 5106 2941 5161 fortitudine
2967 5105 3109 5169 ﬁdei,
3126 5114 3177 5159 et
3193 5115 3376 5160 stratze
3391 5105 3444 5159 iu

1871 5202 2175 5271 pavimento
2198 5209 2321 5254 sunt
2344 5199 2397 5253 in
2427 5212 2681 5268 compage
2711 5196 3049 5250 humilitatis.
3076 5194 3183 5249 llas
3208 5194 3442 5249 ﬁdelium

1872 5300 2080 5347 mentes
2112 5290 2298 5345 Petrus
2344 5290 2615 5359 apostolus
2658 5287 2822 5344 fortes
2872 5288 2925 5341 in
2962 5287 3062 5341 fide
3091 5296 3446 5357 conspexerat

1874 5397 1995 5436 cum
2024 5380 2271 5435 dicebat:
2303 5398 2320 5429 ι
2359 5379 2423 5433 Et
2459 5394 2554 5436 vos
2601 5386 2852 5446 tanquam
2894 5377 3098 5446 lapides
3126 5378 3232 5432 vivi
3259 5392 3447 5447 super-

1872 5468 2207 5525 mdiﬁeamini
2238 5470 2425 5522 domus
2450 5466 2718 5535 spiritales
2747 5465 2799 5535 (1
2826 5464 2968 5521 Pelr.
2996 5468 3079 5538 ιι).
3111 5466 3183 5521 De
3204 5468 3287 5522 his
3313 5467 3447 5535 lapi-

1874 5563 2027 5617 dibus
2051 5570 2249 5615 sauctze
2271 5559 2521 5618 Ecclesia:
2543 5557 2803 5613 Dominus
2826 5574 2922 5627 per
2941 5558 3125 5613 lsaiam
3157 5558 3285 5612 dicit
3309 5557 3444 5627 (Iaa.

1874 5650 1982 5721 Liv)
2010 5665 2023 5703 :
2053 5650 2251 5704 Ponam
2281 5649 2548 5719 iaspidem
2579 5662 2676 5718 per
2700 5647 3098 5717 propugnacula
3123 5657 3229 5706 tua,
3253 5655 3305 5700 et
3326 5661 3445 5715 por-

1876 5749 1957 5795 tas
1975 5751 2091 5796 tuas
2107 5740 2159 5795 in
2176 5739 2377 5810 lapides
2397 5739 2652 5811 sculptus,
2676 5738 2955 5793 universus
2982 5737 3234 5791 terminos
3250 5745 3368 5792 tuos
3393 5736 3447 5795 in
