3950 6346
485 407 588 461 925
1147 402 1206 457 Β.
1248 401 1502 457 RABANI
1541 400 1760 457 MAURI
1792 398 2112 454 AliClllEP.
2160 398 2466 454 MOGUNT.
2505 400 2790 456 OPEIKUM
2835 401 3013 455 PARS
3050 400 3112 454 ll.
3666 403 3773 457 9:11

487 518 688 586 lapides
709 516 1109 583 desnlerabiles,
1146 532 1336 573 omnes
1383 516 1523 572 filios
1553 525 1673 571 tuos
1698 515 1932 570 doctosa
1960 516 2063 569 Do-
2095 516 2146 574 Λ
2170 526 2268 587 per
2289 513 2595 583 exemplum
2625 528 2782 578 suum
2810 514 2945 570 alios
2970 515 3036 569 ad
3059 515 3416 585 perditionem
3451 516 3660 579 trahat,
3693 515 3781 569 vi-

487 607 652 660 ntino.
678 607 829 674 Quod
853 622 983 676 ergo
1018 606 1186 662 Isaias
1210 607 1496 663 universos
1521 605 1776 662 Ecclesia:
1805 605 2067 660 terminos
2176 603 2406 674 gilanter
2437 619 2495 659 se
2525 614 2581 660 et
2608 605 2800 662 festiue
2833 607 3221 678 circumspicit,
3248 607 3302 661 in
3341 607 3780 678 cogitationibus

488 695 694 765 lapides
721 695 1106 758 desiderabiles
1133 698 1292 763 vidit,
1313 698 1416 754 hoc
1434 697 1685 754 Ezechiel
1705 696 2065 768 pavimentum
2175 696 2446 753 remordet
2475 697 2702 754 adducta
2727 693 3043 754 auditorum
3072 714 3290 754 suorum
3324 701 3392 755 ad
3415 700 3780 766 memoriam,

487 787 662 858 lapide
687 796 916 845 stratum
942 802 1037 858 per
1061 788 1344 846 circuitum
1370 805 1492 846 esse
1516 790 1814 861 perhibuit,
1831 790 1955 859 quia
1982 789 2071 844 ad-
2175 788 2527 859 semetipsum
2555 789 2826 854 ltumiliat,
2853 797 2907 844 et
2937 790 2990 845 in
3027 790 3223 860 quibus
3248 790 3527 860 praevalet,
3559 790 3680 860 agit
3704 804 3783 844 nc

490 878 595 932 ltuc
619 877 686 932 de
723 879 1118 950 gazophylaciis
1155 881 1373 936 subdit:
1411 899 1430 931 ι
1468 881 1708 952 Triginta
1745 874 2071 952 gazophyla-
2173 878 2337 934 elatio
2375 878 2708 949 principetur
2737 879 2791 933 in
2813 889 3016 946 mente,
3044 896 3113 935 ne
3152 881 3461 936 dominetur
3487 881 3541 935 in
3574 896 3779 951 opere.

489 969 571 1024 cia
613 969 664 1024 in
707 970 937 1028 circuitu
972 972 1284 1042 pavimenti.
1326 994 1344 1026 ι
1382 973 1645 1029 Denarius
1675 988 1934 1028 numerus
1971 989 2070 1044 pro
2175 967 2448 1038 Scriptum
2485 969 2683 1049 quippe
2727 977 2811 1026 est
2843 983 2858 1022 :
2893 988 2910 1019 ι
2954 969 3170 1024 Initium
3213 972 3391 1026 omnis
3436 971 3648 1042 peccati
3684 986 3787 1025 su-

483 1059 815 1129 perfectione
846 1076 1060 1132 semper
1083 1064 1366 1135 accipitur,
1408 1066 1536 1135 quia
1561 1064 1622 1119 in
1653 1065 1838 1120 decem
1868 1080 2072 1135 praece-
2173 1059 2359 1128 pcrbia
2394 1057 2564 1128 (Eccl.
2613 1058 2691 1130 ι).
2743 1079 2762 1113 ι
2798 1059 2930 1127 Quis
2968 1075 3099 1132 ergo
3141 1062 3246 1116 erit
3287 1073 3415 1117 ante
3455 1061 3550 1116 Dei
3577 1061 3788 1117 oculos

486 1151 595 1219 ptis
624 1150 757 1222 legis
790 1153 1036 1208 custodia
1076 1155 1400 1210 continetur.
1432 1155 1622 1211 Activa
1645 1157 1844 1224 etenim
1868 1166 1922 1211 et
1945 1173 2073 1212 con-
2174 1146 2382 1203 fructus
2429 1149 2554 1204 boni
2587 1149 2786 1220 operis.
2830 1150 2874 1204 si
2909 1165 2978 1206 ex
3015 1149 3196 1206 radice
3241 1153 3448 1222 patrui!
3481 1151 3790 1207 elationis?

487 1241 796 1311 templativa
825 1243 933 1299 vita
961 1244 1124 1300 simul
1161 1246 1215 1302 in
1245 1245 1487 1318 decalogi
1534 1249 1805 1303 mandatis
1843 1248 2071 1318 conjnn-
2176 1238 2348 1310 Stcpe,
2377 1248 2438 1294 ttt
2465 1241 2778 1311 praedictum
2799 1251 2905 1309 est,
2927 1242 3046 1311 ejus
3070 1245 3283 1299 animus
3303 1253 3540 1300 tentatur
3561 1259 3635 1299 ex
3666 1243 3788 1308 ira,

488 1341 574 1385 cla
610 1341 734 1388 est:
765 1334 892 1402 quia
926 1336 990 1409 in
1030 1348 1095 1388 eo
1127 1344 1183 1391 et
1210 1352 1362 1392 amor
1400 1337 1513 1404 Dei,
1549 1346 1603 1392 et
1641 1352 1796 1392 amor
1837 1339 2070 1408 proximi
2175 1333 2269 1388 sed
2294 1333 2456 1388 citius
2497 1348 2556 1388 se
2591 1334 2658 1389 ad
2680 1349 2738 1418 sc
2756 1335 3239 1405 circumspicientth
3267 1334 3485 1406 colligit,
3519 1343 3576 1390 et
3603 1333 3790 1389 disci-

489 1425 695 1482 servari
711 1423 950 1496 jubetnr.
967 1427 1135 1484 Amor
1150 1429 1348 1498 quippe
1359 1429 1452 1484 Dei
1476 1430 1541 1482 ad
1565 1445 1662 1485 con
1671 1431 1909 1500 templati
1919 1445 2036 1485 vam

2234 1421 2334 1476 ina:
2385 1437 2444 1477 se
2493 1423 2732 1493 pondere
2781 1423 3109 1495 deprimens,
3147 1425 3257 1497 agit
3287 1441 3355 1481 ne
3395 1434 3571 1480 motus
3598 1423 3788 1478 animi

486 1531 641 1570 amor-
669 1531 798 1572 vero
833 1517 1063 1588 proximi
1117 1519 1350 1587 per-tinet
1386 1519 1452 1578 ad
1483 1519 1736 1579 activam,
1770 1518 1876 1573 Sed
1903 1535 2071 1574 unus-
2178 1518 2422 1564 transeat
2454 1511 2507 1564 in
2554 1527 2824 1578 sermone,
2859 1530 2926 1569 ne
2957 1525 3204 1585 erumpat
3231 1516 3285 1569 in
3311 1531 3442 1570 νοω
3468 1535 3480 1569 ε
3514 1513 3693 1584 fitque
3727 1521 3789 1567 ιιι

487 1605 719 1675 quisque
742 1606 955 1669 doctor,
993 1615 1054 1660 ut
1085 1607 1137 1661 in
1171 1607 1400 1662 activam
1430 1608 1596 1661 vitam
1625 1607 1781 1678 plene
1805 1624 1863 1663 se
1889 1609 2075 1664 dilatet
2178 1600 2257 1653 ira
2289 1600 2588 1670 perturbati
2617 1603 2783 1656 animi
2809 1605 2897 1659 ubi
2922 1605 3028 1674 per
3057 1605 3440 1675 negligentiam
3469 1605 3675 1666 oritur,
3708 1601 3790 1656 ibi

487 1702 651 1764 atque
675 1696 729 1748 in
761 1696 1231 1766 contemplativam
1248 1695 1531 1768 vigilanter
1559 1705 1764 1770 surgat,
1796 1697 1846 1752 in
1869 1705 2047 1754 sancta

2235 1690 2550 1761 :rjudicium
2575 1691 2833 1747 sull‘ocata
2859 1695 3120 1749 moriatur
3143 1709 3157 1746 :
3179 1711 3285 1764 qua
3309 1709 3377 1749 ex
3405 1711 3460 1751 re
3487 1694 3700 1766 agitur,
3729 1701 3795 1746 ut

486 1781 768 1838 Trinitatis
809 1782 912 1838 ηδε
941 1784 1100 1839 debet
1131 1799 1253 1841 esse
1295 1782 1585 1858 perfectus.
1621 1786 1771 1842 Unde
1801 1795 1856 1841 ct
1883 1788 2071 1842 eadem
2176 1795 2242 1835 ex
2273 1791 2532 1852 concepta
2565 1784 2721 1855 culpa
2747 1786 2962 1841 animus
2989 1787 3244 1842 virtutem
3271 1789 3480 1857 pariat,
3513 1789 3644 1856 quia
3680 1786 3793 1841 etsi

487 1873 866 1944 gazophylacia
893 1873 1109 1945 triginta
1136 1889 1257 1931 esse
1286 1884 1679 1941 memorantur,
1729 1884 1784 1929 ut
1820 1891 1944 1931 cum
1983 1876 2075 1930 de-
2103 1884 2149 1944 Β
2176 1884 2295 1926 sese
2332 1869 2546 1928 fortiter
2573 1873 2846 1928 custodire
2873 1874 3044 1929 noluit
3069 1891 3138 1931 ne
3166 1876 3233 1932 ad
3258 1885 3463 1930 motum
3500 1885 3793 1946 surgeret,

489 1965 673 2022 narius
717 1975 801 2021 ter
833 1966 1066 2030 ducitur,
1106 1967 1215 2022 vita
1250 1975 1305 2021 et
1333 1967 1512 2038 lingua
1541 1968 1780 2024 doctoris
1816 1968 1869 2022 in
1901 1966 2079 2023 Trini—
2181 1977 2240 2016 se
2267 1972 2447 2017 tamen
2493 1964 2546 2017 in
2591 1966 2956 2021 commotione
2997 1965 3210 2021 fortiter
3255 1967 3404 2022 vicit.
3449 1966 3599 2022 Unde
3638 1968 3793 2020 bene

491 2064 601 2112 tate
630 2054 909 2110 solidetur.
959 2056 1064 2112 Sed
1096 2058 1196 2112 hac
1229 2057 1281 2111 in
1322 2073 1380 2112 re
1412 2057 1540 2112 illud
1568 2059 1722 2112 nobis
1749 2068 1832 2113 est
1854 2059 2078 2130 vigilan-
2179 2070 2276 2122 per
2305 2053 2648 2111 Salomonem
2681 2057 2880 2112 dicitur
2915 2075 2928 2110 :
2977 2077 2996 2110 α
3042 2057 3230 2114 Melior
3268 2067 3354 2114 est
3394 2062 3607 2128 patiens
3662 2058 3794 2112 viro

487 2152 574 2200 ter
606 2146 922 2202 intuendum
947 2148 1089 2218 quod
1117 2149 1555 2218 pmpltcla,‘qum
1585 2151 1969 2222 gazophylacin
1992 2155 2081 2210 de-
2179 2145 2325 2210 forti,
2355 2153 2412 2199 et
2441 2145 2533 2214 qui
2562 2146 2870 2202 dominatur
2911 2150 3094 2204 animo
3129 2164 3229 2204 suo
3273 2159 3650 2219 expugnatore
3699 2164 3795 2201 ur—

489 2235 816 2306 scripsisset,
839 2236 1082 2306 adjunxit
1111 2240 1476 2309 pavimentum
1513 2255 1610 2309 per
1636 2241 1946 2308 circuitum,
1998 2255 2078 2299 at-
2178 2236 2326 2291 bium
2366 2233 2547 2308 (Prov.
2573 2238 2708 2310 xvt).
2747 2258 2763 2290 ι
2795 2240 2862 2294 Et
2890 2241 3256 2310 pavimentum
3302 2241 3354 2295 in
3385 2239 3564 2296 fronte
3590 2250 3794 2310 porta-

491 2339 597 2394 que
620 2324 844 2382 inferius
876 2328 1149 2399 subiungit
1169 2329 1554 2400 gazopltylacia
1580 2327 1892 2389 iu'circuitu
1923 2335 2075 2403 pavi-
2179 2342 2301 2381 rum
2328 2329 2624 2383 secundum
2647 2329 3040 2402 longitudinem
3069 2342 3352 2402 portarum
3375 2336 3492 2386 erat
3520 2331 3789 2386 inferius.

492 2416 660 2470 menti
685 2434 698 2470 :
727 2426 992 2487 quatenus
1012 2420 1396 2490 gazopliylacia
1422 2421 1474 2474 in
1511 2421 1740 2478 circuitu
1760 2424 2076 2493 pavimenti,
2180 2417 2238 2473 Si
2280 2431 2560 2489 portarum
2606 2421 3001 2493 longitudinem
3044 2423 3113 2478 ad
3162 2424 3340 2479 locum
3383 2423 3701 2487 referimus,
3735 2423 3791 2477 in

492 2511 939 2580 etpavimcntum
968 2514 1020 2567 in
1047 2513 1274 2569 circuitu
1304 2515 1810 2586 gazophylaciorum
1844 2533 1966 2573 esse
1999 2520 2051 2574 vi

2233 2523 2286 2562 ιο
2313 2519 2481 2578 μοι-ιω
2509 2520 2666 2566 erant
2689 2521 3034 2579 constructm,
3060 2513 3355 2568 secundum
3382 2512 3792 2584 longitudinem

491 2601 698 2656 deatur.
733 2601 1107 2658 Pavimentum
1129 2604 1327 2676 quippe
1352 2613 1405 2660 et
1431 2605 1815 2678 gazopliylacia
1849 2623 1915 2664 eo
1955 2618 2080 2664 sunt
2179 2611 2457 2674 portarum
2491 2604 2859 2673 pavimentum
2897 2614 3017 2660 erat
3059 2604 3284 2660 inferius
3315 2605 3476 2674 tquia
3507 2611 3790 2673 quantum

490 2693 686 2749 ordine
714 2693 986 2761 distincta,
1016 2704 1074 2750 ut
1100 2705 1156 2751 et
1193 2697 1577 2769 gazophylacia
1614 2699 1755 2754 intra
1801 2700 2080 2770 pavimen-
2182 2701 2368 2748 tenere
2407 2691 2559 2748 locus
2594 2702 2876 2763 portarum
2908 2701 3139 2764 poterat,
3184 2702 3394 2749 tantum
3428 2693 3787 2757 tendebatur,

495 2793 631 2849 tum,
665 2792 717 2838 et.
742 2785 1108 2855 pavimentum
1139 2794 1281 2842 inter
1321 2786 1706 2858 gazophylacia
1747 2786 1910 2844 fuerit
1939 2798 2078 2845 stra-
2180 2788 2230 2836 ct
2263 2781 2630 2850 pavimentum
2675 2780 2817 2868 quod
2862 2789 2980 2835 erat
3021 2779 3265 2836 inferius.
3294 2781 3596 2852 Longitudo
3642 2795 3791 2852 ergo

495 2882 629 2927 tum,
657 2873 771 2929 Non
800 2876 901 2930 hoc
938 2891 1066 2946 ergo
1091 2878 1205 2932 sine
1229 2891 1424 2947 magno
1449 2877 1705 2949 mysterio
1725 2886 1829 2943 est,
1852 2881 1993 2948 quod
2023 2882 2077 2936 in
2178 2870 2471 2940 pavimenti
2497 2887 2540 2930 ,a
2576 2871 2748 2940 portis
2773 2886 2878 2926 non
2930 2879 3048 2925 erat
3092 2869 3389 2933 dissimilis,
3441 2872 3535 2925 80d
3590 2879 3789 2924 tamen

492 2964 1258 3038 circuitugamphylaciorum
1301 2981 1424 3023 esse
1452 2966 1651 3022 dicitur
1687 2969 2075 3036 pavimentum,
2180 2960 2464 3030 aequalitas
2493 2961 2788 3030 paVimenli
2821 2977 2927 3016 non
2970 2969 3090 3016 erat
3127 2977 3251 3017 cum
3287 2962 3478 3032 ρονιῐεο
3513 2961 3658 3027 Οιιίά
3697 2970 3787 3016 οδε

493 3063 551 3110 ct
578 3057 629 3111 in
657 3055 884 3113 circuitu
905 3058 1202 3136 pavimenti
1224 3066 1515 3113 narrantur
1528 3072 1648 3114 esse
1670 3059 2075 3131 gazophylacia.
2179 3066 2309 3122 ergo
2332 3052 2475 3121 quod
2503 3052 2871 3122 pavimentum
2913 3069 3036 3108 cum
3061 3054 3237 3122 portis
3275 3053 3490 3123 longum
3520 3053 3788 3107 similiter

494 3143 666 3200 llabet
699 3145 843 3200 enim
885 3147 1253 3216 pavimentum
1283 3147 1337 3202 in
1379 3146 1607 3202 circuitu
1653 3147 2032 3220 gazophylacia
2061 3167 2073 3202 :
2187 3151 2324 3208 erat,
2349 3143 2443 3197 sed
2465 3143 2672 3213 aequale
2698 3158 2804 3212 non
2827 3151 2963 3208 erat,
2987 3143 3090 3198 nisi
3122 3145 3266 3214 quod
3298 3144 3455 3214 longe
3474 3144 3639 3197 distat
3667 3144 3787 3197 vita

492 3236 619 3305 quia
662 3236 830 3291 vitam
876 3237 1207 3295 audientium
1253 3237 1430 3292 erudit
1469 3238 1728 3309 quotidie,
1758 3245 1814 3295 et
1836 3239 2045 3295 custodi

2227 3233 2492 3304 )pulorum
2519 3248 2548 3288 a
2575 3235 2682 3287 vita
2708 3232 3054 3290 docentium“?
3083 3235 3208 3303 quia
3233 3234 3332 3289 etsi
3368 3235 3435 3288 ad
3466 3247 3626 3305 regna
3665 3250 3787 3289 etn-

493 3324 675 3395 llngua
698 3326 996 3382 doctorum.
1028 3327 1286 3383 Doctores
1313 3328 1458 3383 enim
1486 3328 1611 3385 boni
1640 3329 1693 3384 in
1723 3337 1928 3388 sancta
1951 3345 2068 3386 eru-
2176 3325 2331 3383 lcstia
2356 3326 2636 3381 tendentes
2652 3326 2897 3382 eamdem
2917 3326 3382 3398 longanimitatem
3405 3327 3519 3396 spei
3547 3327 3785 3392 habent,

495 3416 716 3472 ditionis
733 3416 912 3472 verbis
931 3417 1090 3472 modo
1120 3417 1372 3474 fomentis
1397 3417 1715 3485 dulcedinis,
1739 3419 1897 3475 modo
1919 3434 2073 3490 aspe-
2174 3418 2361 3474 eadem
2381 3426 2557 3472 tamen
2573 3417 2785 3473 vivendi
2800 3417 2975 3472 studia
2993 3432 3095 3472 non
3112 3417 3332 3472 habent.
3356 3416 3632 3471 Tendatur
3643 3429 3798 3486 ergo.

495 3507 658 3562 ritate
684 3508 1067 3578 in‘crepationis
1092 3507 1388 3579 invigilant,
1423 3516 1482 3564 ut
1517 3509 1822 3565 auditorum
1852 3524 2074 3566 suorum
2175 3508 2541 3578 pavimentum
2571 3507 2822 3563 similiter
2847 3507 3130 3579 inlongum
3145 3509 3273 3578 quia
3293 3509 3463 3577 ipsam
3491 3507 3788 3578 lidem,ip—

495 3597 661 3650 vitam
689 3613 717 3651 a
743 3596 891 3652 vitiis
912 3596 1222 3653 defendant.
1247 3596 1356 3653 Sed
1377 3597 1581 3658 habent
1610 3597 1723 3668 ipsa
1750 3612 1963 3668 quoque
1982 3613 2076 3668 ga-
2175 3613 2289 3674 sam
2319 3613 2470 3666 spem
2487 3598 2541 3652 in
2556 3613 2614 3653 se
2630 3598 2862 3653 retinent
2878 3599 3152 3654 auditores
3165 3614 3327 3669 quam
3342 3600 3544 3654 habere
3558 3610 3780 3654 certum

494 3683 804 3754 zopltylacia
830 3683 884 3740 in
912 3683 1142 3741 circuitu
1168 3685 1557 3755 pavimentum,
1581 3685 1706 3756 quia
1735 3701 1877 3755 smpe
1911 3687 2074 3742 etiam
2175 3697 2261 3742 est
2283 3688 2689 3758 praedicatores.
2718 3688 2824 3743 Sed
2846 3690 3211 3760 pavimentum
3239 3691 3467 3746 inferius
3487 3690 3696 3759 jaceat,
3721 3701 3782 3746 ut

469 3757 782 3827 ~doctorum
817 3783 916 3827 cor
961 3773 1216 3828 vitiorum
1275 3773 1663 3829 tentationibus
1702 3774 1961 3846 tangitur,
2016 3785 2079 3830 ut
2175 3757 2367 3834 omnes
2391 3779 2666 3834 auditores
2683 3780 3066 3849 praedicatores
3084 3797 3212 3837 suos
3239 3781 3396 3852 longe
3415 3798 3445 3836 a
3470 3783 3582 3837 suis
3606 3786 3778 3854 meri:

494 3861 656 3919 modo
681 3861 922 3918 elevctur
951 3859 1246 3931 jactatione
1273 3863 1557 3932 superbiat,
1588 3864 1747 3922 modo
1769 3865 1863 3920 irae
1885 3867 2078 3920 stitnu-
2179 3871 2246 3925 tis
2283 3871 2552 3927 excellere
2577 3881 2923 3942 cognoscant.
2956 3873 3052 3928 Sin
3077 3890 3203 3930 vero
3232 3876 3618 3947 longitudinem
3652 3893 3782 3947 por-

493 3952 562 4013 lis
585 3952 965 4008 inflammatur.
1001 3952 1106 4008 Sed
1135 3968 1257 4008 cum
1284 3955 1544 4009 bonorum
1569 3955 1885 4029 auditorum
1910 3957 2074 4012 vitam
2179 3969 2353 4014 tarum
2380 3961 2574 4031 ipsam,
2601 3963 2742 4018 sicut
2767 3966 3017 4034 superius
3039 3965 3294 4032 diximus,
3316 3982 3505 4023 earum
3529 3968 3779 4022 altitudi-

495 4043 864 4108 eonsiderant,
894 4060 1012 4099 eam
1055 4060 1174 4114 qua:
1203 4044 1496 4114 profecisse
1537 4046 1650 4102 suis
1673 4041 2076 4104 exhortationi-
2178 4066 2298 4108 nent
2323 4055 2621 4129 intelligere
2648 4056 2922 4123 debemus,
2953 4059 3098 4123 dum,
3130 4060 3270 4113 sicut
3292 4060 3453 4129 paulo
3483 4071 3603 4129 post
3635 4062 3779 4116 scri-

497 4134 598 4188 bus
627 4140 880 4204 pensant,
906 4133 1232 4189 erubescunt
1261 4134 1394 4189 tales
1424 4152 1529 4191 non
1571 4149 1711 4200 esse,
1752 4137 1941 4207 quales
1987 4155 2016 4192 a

2217 4157 2326 4201 tnzn
2353 4156 2455 4212 est,
2484 4125 2552 4202 ad
2569 4158 2750 4219 portas
2775 4152 3030 4221 gradibus
3050 4125 3654 4218 aseendcbatur,‘tanto
3682 4171 3777 4225 pa-

495 4231 645 4280 ctare
670 4224 780 4280 Deo
805 4238 903 4293 per
922 4238 979 4278 se
1003 4224 1335 4295 conspiciunt
1355 4221 1490 4281 alios
1517 4223 1686 4282 factos
1708 4241 1846 4293 esse,
1875 4236 1931 4280 et
1951 4239 2076 4284 ante
2177 4238 2475 4293 vimentum
2515 4239 2660 4308 jacet
2701 4240 2949 4305 inferius,
2997 4252 3202 4311 quanto
3242 4258 3580 4312 unaquaeque
3611 4221 3772 4314 porta

495 4328 555 4368 se
587 4313 638 4367 ln
666 4321 847 4368 mente
889 4313 1188 4380 stabiliunt,
1234 4329 1394 4384 quam
1432 4314 1587 4384 plene
1629 4315 1682 4371 in
1713 4315 1864 4386 culpa
1891 4315 2076 4371 laban-
2178 4328 2350 4396 surgit
2388 4329 2438 4380 in
2485 4326 2769 4384 altitudine
2803 4347 2816 4382 :
2856 4329 2981 4398 quia
3017 4341 3220 4401 quanto
3265 4333 3506 4386 sanctior
3543 4313 3626 4387 est
3659 4336 3770 4389 vita

499 4411 606 4459 tur.
638 4401 773 4456 Nam
797 4417 918 4458 cum
946 4404 1058 4476 ipsa
1089 4417 1184 4458 sua
1214 4418 1244 4457 a
1273 4404 1583 4460 doctoribus
1610 4405 1771 4460 verba
1790 4406 1856 4460 ad
1876 4421 2079 4462 memo-
2177 4414 2434 4476 doctoris,
2469 4422 2617 4470 tanto
2657 4417 2717 4470 lit
2763 4417 3014 4472 humilior
3051 4434 3244 4473 sensus
3275 4421 3568 4487 audientis,
3598 4432 3655 4477 et
3686 4440 3772 4479 se-

502 4496 638 4550 riam
663 4494 906 4560 redeunt,
952 4497 1276 4550 erubescunt
1313 4512 1418 4551 non
1448 4511 1666 4552 servare
1697 4500 1838 4568 quod
1868 4501 2072 4556 dicunt.
2181 4506 2467 4576 metipsum
2509 4509 2758 4576 despicit,
2810 4509 2935 4563 dum
2973 4510 3346 4579 praedicatoris
3391 4513 3473 4567 sui
3513 4515 3684 4569 vitam
3721 4517 3770 4570 in

499 4585 651 4640 Unde
679 4597 734 4640 et
766 4601 863 4656 per
892 4585 1232 4641 Salomonem
1263 4587 1459 4641 dicitur
1495 4605 1508 4641 :
1545 4606 1564 4639 ο
1598 4589 1790 4643 Anima
1830 4590 2073 4646 laboran-
2103 4585 2148 4642 Β
2177 4609 2370 4666 magna
2417 4611 2639 4668 surgere
2681 4597 2963 4653 altitudine
2998 4603 3300 4670 perpendit.
3334 4603 3535 4657 Imitari
3564 4608 3768 4660 etenim

498 4677 568 4730 tis
598 4675 809 4730 laborat
844 4676 968 4741 sibi,
1011 4678 1134 4746 quia
1183 4677 1439 4748 compulit
1463 4694 1586 4732 eum
1615 4694 1675 4734 os
1703 4695 1858 4734 suum
1889 4679 2070 4752 (Prov.
2175 4686 2313 4739 bona
2337 4673 2454 4754 ejus
2477 4689 2582 4741 alia
2608 4687 2833 4745 forsitan
2861 4699 3055 4760 potest,
3082 4693 3186 4747 alia
3211 4711 3314 4749 non
3343 4707 3540 4765 potest,
3569 4699 3620 4752 in
3648 4702 3772 4768 qui-

497 4767 633 4837 3m).
688 4764 761 4821 Os
801 4767 946 4821 enim
993 4776 1236 4822 nostrum
1285 4783 1383 4821 nos
1419 4768 1688 4838 compellit
1715 4771 1782 4824 ad
1812 4770 2068 4836 laborem,
2175 4777 2276 4832 bus
2314 4779 2566 4847 prtevalet
2597 4781 2842 4849 prolicit;
2886 4784 2940 4838 in
2976 4784 3174 4854 quibus
3221 4764 3446 4842 minime
3485 4764 3769 4857 praevalet,

498 4855 834 4925 quando’per
878 4857 979 4910 hoc
1022 4855 1167 4927 quod
1207 4857 1490 4913 diximusa
1524 4859 1667 4914 vitiis
1691 4859 2068 4918 refrenamnr:
2177 4866 2244 4920 ad
2289 4867 2644 4923 humilitatem
2689 4873 2917 4934 crescit,
2969 4882 3025 4927 et
3077 4873 3178 4928 hoc
3223 4875 3399 4944 ipsum
3443 4855 3573 4945 ergo
3616 4879 3671 4932 ei
3716 4880 3770 4933 in

500 4943 628 5011 quia
657 4954 812 5014 turpe
838 4946 998 5000 nimis
1027 4947 1224 5010 est,ibi
1253 4963 1351 5002 nos
1373 4947 2074 5019 negligeudocadere,unde
2175 4969 2436 5027 provectu
2479 4969 2563 5014 est
2612 4963 2754 5029 quod
2798 4963 2848 5016 ei
2896 4963 3157 5019 imitabile
3194 4943 3260 5019 ad
3303 4943 3615 5036 provectum
3660 4985 3768 5023 non

502 5033 842 5101 pratdicando
879 5035 1058 5090 conati
1091 5050 1279 5091 sumus
1320 5035 1454 5092 alios
1480 5037 1678 5093 levare.
1711 5038 2089 5111 Habentergo'
2178 5054 2281 5102 est.
2318 5048 2457 5103 Ecce
2493 5049 2636 5105 enim
2675 5051 2718 5105 si
2759 5052 3171 5122 pradicatorum
3207 5033 3512 5120 nostrorum
3547 5071 3610 5111 ea
3645 5075 3772 5126 qua:

500 5124 877 5195 gazophylacia
905 5125 956 5179 in
981 5127 1205 5181 circuitu
1228 5127 1619 5198 pavimentum,
1641 5131 1766 5198 quia
1791 5130 2071 5186 doctorum
2179 5140 2407 5210 legimus
2438 5139 2597 5207 facta,
2627 5150 2683 5198 et
2709 5142 2853 5199 dicta
2886 5159 3174 5214 pensamus
3194 5186 3206 5209 ,
3247 5147 3299 5200 in
3347 5156 3603 5216 quantum
3641 5124 3770 5203 am.

506 5229 690 5283 magna
730 5217 972 5271 custodia
1016 5225 1116 5281 est,
1159 5219 1268 5272 vita
1302 5220 1622 5275 venerabilis
1663 5221 1988 5286 auditorum,
2023 5233 2078 5277 et
2184 5229 2367 5284 tudine
2402 5233 2738 5287 surrexerint
2777 5242 2944 5303 portae
2985 5237 3346 5305 agnoscimus.
3393 5237 3461 5292 Ut
3498 5239 3642 5292 enim
3685 5251 3769 5294 ta-

501 5319 630 5358 suns
651 5307 698 5359 ei
723 5322 910 5363 sermo.
925 5308 982 5363 fit
1003 5309 1055 5363 in
1083 5309 1431 5379 adjutoriutn,
1463 5314 1586 5382 quia
1615 5314 1937 5368 erubescunt
1960 5313 2068 5383 puli
2184 5333 2402 5373 eeamus
2436 5321 2501 5373 de
2527 5322 2836 5376 ostensione
2872 5323 3182 5394 signorum.
3223 5325 3508 5396 loquamur
3545 5328 3610 5382 de
3658 5329 3770 5382 vir-

502 5395 745 5451 santibus
783 5397 928 5452 vitiis
959 5414 1065 5453 non
1101 5401 1354 5457 resistere
1398 5404 1489 5471 qui
1537 5412 1726 5458 contra
1767 5404 1900 5457 vitia
1944 5403 2078 5459 alios
2186 5411 2386 5464 tutibus
2417 5411 2680 5466 cordinm.
2711 5411 2870 5465 Certe
2911 5413 3126 5480 Paulus,
3144 5416 3235 5484 qui
3267 5395 3325 5471 se
3354 5416 3456 5486 legi
3489 5428 3766 5473 mortuum

503 5495 867 5540 armaverunt.
897 5486 1032 5554 Quia
1059 5490 1201 5543 enim
1226 5491 1535 5559 quandiu-in
1573 5493 1674 5548 ltac
1696 5494 1803 5560 vita
1825 5494 2076 5559 vivimus,
2185 5514 2280 5567 per
2309 5499 2479 5568 legem
2507 5501 2656 5564 dicit,
2683 5502 2775 5570 qui
2806 5503 2941 5556 utin
2973 5503 3196 5560 Christo
3210 5506 3457 5560 crederet
3483 5507 3531 5560 ei
3566 5507 3672 5562 hoc
3717 5521 3772 5563 et

508 5588 696 5631 contra
729 5579 986 5647 malignos
1013 5581 1375 5650 spiritusquid
1399 5583 1541 5637 aliud
1562 5599 1723 5653 quam
1752 5586 1802 5638 in
1832 5586 1948 5640 acie
1972 5596 2080 5640 διδ·
2185 5588 2271 5641 lex
2322 5589 2434 5656 ipsa
2481 5589 2812 5659 praedicavit,
2845 5607 3041 5663 magno
3070 5594 3193 5648 fidei
3223 5594 3418 5648 ardore
3448 5610 3768 5660 succensus,

506 5666 660 5719 mus?
683 5665 831 5721 Sicut
853 5669 1223 5736 prmdiximus,
1249 5671 1478 5724 doctoris
1504 5673 1715 5727 animus
1742 5671 2082 5739 forsitan-oli-
2186 5687 2449 5748 pnccepta
2482 5679 2614 5749 legis
2639 5687 2822 5735 tenere
2841 5681 3130 5737 carnaliter
3159 5684 3362 5748 noluit,
3393 5684 3770 5739 circumcisio-

507 5772 608 5824 ψει]
633 5757 863 5813 elatione
892 5760 1154 5829 pulsatur,
1182 5763 1272 5816 sed
1303 5762 1414 5816 sive
1437 5780 1505 5819 ne
1532 5764 1643 5834 ipse
1667 5775 1872 5834 pereat,
1897 5782 1988 5821 seu
2017 5783 2080 5820 nc
2194 5786 2315 5822 ιιυιιι
2345 5770 2414 5823 ‘iu
2452 5769 2703 5839 gentibus
2733 5769 2850 5827 fieri
2891 5771 3059 5826 vetuit
3096 5788 3110 5826 :
3151 5782 3205 5829 et
3245 5791 3366 5830 eum
3409 5774 3602 5830 Petrus
3636 5793 3766 5846 npu-
