3950 6328
160 425 265 484 925

1110 427 1464 486 COMMENT.
1505 429 1569 483 LV
1611 428 2070 487 l'IZEClllELEM.
2103 458 2174 472 -~
2214 429 2340 485 [ιιι.
2384 429 2500 487 XV.

3336 433 3439 488 926

160 538 330 597 stolas
366 538 571 593 servari
600 538 777 594 adhuc
816 537 868 593 in
914 537 1329 595 circumcisione
1355 538 1489 611 legis
1520 554 1750 596 consue—
1778 545 1822 603 Α
1852 550 2044 596 verunt
2072 540 2271 597 fratres
2320 541 2409 612 qui
2452 550 2712 596 venerunt
2753 558 2783 596 τι
2834 542 3143 599 Macedonia
3191 544 3277 607 (11
3313 546 3438 604 Car.

161 632 401 686 tudinem
431 629 613 694 vellet,
648 630 697 685 ei
724 630 776 685 in
808 628 1001 685 faciem
1040 631 1262 695 restitit,
1303 646 1536 699 cumque
1566 633 1665 688 hac
1697 632 1751 686 in

159 735 217 775 re
262 719 427 774 fuisse
468 719 949 789 reprehensibilem
977 720 1123 782 dicit,
1158 730 1212 775 ct
1237 722 1339 776 hoc
1372 720 1489 790 ejus
1516 723 1751 776 studium

159 811 439 881 discipulis
474 810 722 878 loquens,
760 826 866 864 non
905 810 1080 864 solum
1128 811 1362 879 culpam,
1385 812 1477 866 sed
1502 812 1642 881 quod
1672 821 1755 867 cst

158 902 332 971 magis
357 900 692 971 hypocrisin,
728 900 776 954 id
813 914 913 961 est,
960 901 1357 955 simulationem
1386 904 1647 962 tioininat,
1676 903 1754 956 di-

158 1007 289 1047 cens
320 1010 333 1046 :
364 1010 382 1043 ι
413 992 548 1047 Cum
577 993 814 1046 venisset
854 990 1047 1046 Petrus
1078 982 1444 1057 Antiochiam,
1479 994 1532 1047 in
1562 994 1752 1048 faciem

157 1088 202 1143 ei
238 1087 433 1149 restiti,
484 1087 626 1155 quod
658 1086 1117 1155 ‘rcprchensibilis
1157 1085 1449 1160 era‘ttGul.
1488 1090 1571 1157 it).
1619 1107 1636 1138 ι
1690 1086 1755 1140 Ει

156 1178 318 1249 paulo
342 1186 462 1247 post
495 1196 507 1232 :
547 1196 564 1228 ι
600 1178 665 1232 Et
694 1175 1027 1231 simulationi
1061 1176 1177 1245 ejus
1220 1188 1610 1233 consenserant
1644 1194 1753 1234 c.13-

157 1272 263 1323 teri
289 1267 457 1325 Judrei
485 1267 693 1338 (Ibid).
742 1288 759 1319 ι
798 1268 941 1323 ldcm
974 1284 1105 1323 vero
1127 1269 1494 1339 apostolorum
1523 1269 1752 1343 primus,

154 1373 282 1413 cum
308 1357 475 1413 multa
504 1356 797 1427 discipulos
826 1358 1168 1423 admoneret,
1196 1368 1357 1428 atque
1379 1375 1411 1412 a
1433 1356 1753 1428 quibusdam

154 1449 381 1505 detrahi
404 1450 469 1509 de
495 1448 648 1504 Pauli
677 1450 895 1520 scriptis
932 1446 1271 1522 agnosceret,
1309 1451 1440 1507 dicit
1482 1468 1495 1504 :
1545 1469 1565 1502 ι
1602 1450 1754 1506 Sicut

152 1540 515 1595 charissimus
562 1538 731 1595 frater
778 1550 964 1597 noster
1013 1541 1213 1597 Paulus
1246 1542 1541 1597 secundum
1573 1542 1753 1597 datam

151 1631 480 1702 sapientiam
508 1630 609 1687 sibi
632 1630 853 1701 scripsit
874 1632 1031 1687 vobis
1054 1631 1282 1702 loquens
1306 1632 1359 1686 in
1389 1632 1469 1687 eis
1490 1632 1556 1688 de
1582 1632 1667 1687 his
1698 1632 1753 1687 in

148 1721 356 1796 quibus
378 1728 504 1777 sunt
535 1723 784 1793 quautam
814 1720 1049 1777 ditlicilia
1094 1722 1368 1779 intellectu
1399 1737 1519 1792 quae
1548 1721 1751 1778 indocti

149 1828 207 1872 et
247 1814 533 1872 instabiles
563 1815 887 1884 depravaut,
920 1813 1061 1870 sicut
1100 1824 1155 1870 et
1191 1824 1415 1870 easteras
1456 1816 1753 1886 scripturas

150 1908 218 1963 ad
252 1922 406 1963 suam
447 1908 689 1977 ipsorum
721 1906 1080 1975 perditionem
1114 1906 1199 1978 (ll
1234 1904 1380 1961 Petr.
1424 1905 1524 1978 ιιι).
1562 1926 1581 1958 ι
1613 1905 1753 1961 Ecce
1781 1894 1827 1953 Β

148 1996 435 2053 Paulus‘in
468 1994 727 2073 Epistolis
753 1995 866 2051 suis
887 1996 1077 2051 scribit
1096 1996 1319 2052 Petrum
1344 1996 1755 2071 reprehe‘nsibi-

152 2089 267 2146 lem
301 2107 315 2143 :
342 2098 480 2145 ‘ecce
502 2086 709 2143 Petrus
731 2087 784 2142 in
815 2088 1061 2157 epistolis
1087 2089 1199 2145 suis
1225 2090 1423 2145 asserit
1448 2087 1674 2143 Paulqu
1703 2088 1755 2143 in

148 2182 240 2237 his
269 2190 388 2251 qua
414 2179 731 2251 scripserat,
761 2180 1157 2235 admirandum.
1185 2177 1346 2235 Certe
1367 2180 1535 2245 enim,
1563 2179 1665 2235 nisi
1689 2179 1757 2235 le-

149 2272 326 2343 gisset
372 2269 567 2326 Petrus
602 2269 769 2325 Pauli
790 2270 1082 2343 Epistolas,
1114 2285 1221 2327 non
1251 2270 1545 2327 laudasset.
1577 2268 1633 2325 Si
1659 2286 1755 2326 au-

150 2373 265 2417 tem
290 2358 443 2432 legit,
474 2360 601 2431 quia
623 2360 732 2417 illic
764 2360 880 2431 ipse
906 2360 1347 2431 reprchcnsibilis
1374 2360 1648 2417 diceretur
1680 2362 1756 2417 in-

153 2450 327 2506 venit.
354 2450 577 2505 Amicus
603 2464 733 2521 ergo
768 2451 1018 2507 veritatis
1042 2451 1281 2507 laudavit
1307 2452 1470 2507 etiam
1500 2453 1642 2522 quod
1671 2468 1756 2508 re-

149 2542 463 2612 prehensus
487 2549 571 2596 est
599 2560 612 2596 :
643 2550 806 2612 atque
826 2539 874 2597 ei
902 2550 958 2598 et
975 2542 1080 2598 hoc
1100 2542 1276 2614 ipsum
1300 2542 1519 2613 placuit,
1546 2544 1672 2613 quia
1698 2544 1755 2598 in

151 2634 243 2690 his
272 2649 381 2689 non
428 2632 706 2703 placuerat
730 2648 851 2703 qua;
881 2631 1038 2689 aliter
1076 2648 1238 2703 quam
1269 2633 1534 2690 debuerat
1564 2634 1753 2699 sensit,

151 2739 328 2795 seque
347 2725 508 2781 etiam
536 2723 737 2780 minori
765 2724 995 2779 fratrum
1027 2725 1093 2781 ad
1121 2740 1449 2781 consensum
1474 2725 1646 2790 dedit,
1674 2735 1757 2780 at-

152 2830 264 2887 que
307 2816 363 2871 in
406 2814 598 2871 eadem
623 2830 685 2871 re
711 2814 889 2871 lactus
928 2825 1013 2873 est
1040 2830 1275 2886 sequens
1302 2802 1529 2872 minoris
1575 2817 1659 2872 sui
1698 2825 1758 2872 ut

152 2902 321 2958 etiam
358 2901 414 2955 in
443 2901 549 2956 hoc
575 2901 812 2972 prmiret,
858 2910 1124 2971 quatenus
1171 2903 1264 2973 qui
1310 2902 1520 2973 primus
1548 2911 1666 2957 erat
1700 2903 1752 2957 in

155 2990 493 3062 apostolatus
533 2990 789 3055 culmine,
828 2999 977 3046 esset
1007 2991 1215 3061 primus
1245 3000 1299 3048 et
1332 2992 1387 3047 in
1422 2992 1750 3048 humilitate.

153 3082 461 3138 Pensemus
487 3097 617 3153 ergo
649 3083 702 3137 in
725 3097 834 3155 quo
862 3083 1059 3138 montis
1096 3084 1301 3139 vertice
1331 3084 1484 3139 stetit
1512 3084 1604 3154 qui
1634 3084 1756 3140 illas

154 3172 433 3245 Epistolas
460 3172 720 3238 laudavit,
750 3172 803 3227 in
832 3172 1031 3243 quibus
1050 3187 1108 3228 se
1135 3169 1399 3243 scriptum
1424 3173 1754 3244 vituperabi-

1858 634 1956 703 χι).
2000 651 2019 685 ι
2057 632 2476 689 Consideremtts
2528 646 2659 703 ergo
2700 641 2917 703 quaan
2968 633 3271 689 altitudinis
3319 636 3441 693 ista:

1857 722 2113 791 spiritalis
2139 720 2351 776 tedillcii
2400 729 2567 791 porta:
2604 730 2762 797 sunt,
2792 737 2927 791 quas
2955 730 3009 776 et
3038 722 3309 792 spiritales
3338 739 3403 793 pa
3422 756 3437 766 ›

1860 826 1967 867 tres
1997 815 2343 868 admirantur.
2375 814 2643 880 Quantum
2670 814 2845 882 itaque
2870 830 2965 868 uos
2988 816 3039 868 in
3066 830 3251 869 carum
3272 817 3441 871 admi-

1858 907 2066 961 ratione
2115 907 2390 961 humiliari
2435 920 2657 961 necesse
2698 916 2781 961 est
2819 910 2906 976 qui
2942 909 3306 977 pavimentum
3351 926 3439 965 su-

1859 996 2007 1051 mus!
2042 995 2148 1051 Sed
2181 998 2304 1066 quia
2336 999 2434 1051 sub
2472 997 2820 1067 longitudinis
2859 998 3219 1068 appellatione
3258 1000 3440 1052 altitu-

1855 1087 2035 1140 dinem
2068 1071 2343 1155 portarum
2372 1088 2679 1142 audivimus
2701 1129 2713 1151 ,
2750 1103 2891 1141 nunc
2922 1088 3119 1157 aliquid
3161 1091 3224 1143 de
3251 1106 3438 1144 carum

1858 1175 2142 1230 latitudine
2182 1190 2595 1243 cognoscamus.
2644 1196 2659 1225 ι
2706 1176 2773 1229 Et
2817 1192 3038 1230 mrusus
3079 1188 3182 1242 est,
3233 1180 3437 1249 inquit,

1858 1265 2194 1320 latitudinem
2218 1282 2247 1318 a
2280 1264 2414 1320 facie
2443 1274 2609 1333 portae
2632 1264 2904 1320 inferioris
2930 1280 3099 1334 usque
3121 1268 3185 1321 ad
3209 1266 3440 1323 frontem

1855 1360 1982 1414 atrii
2014 1360 2289 1415 interioris
2310 1361 2671 1424 extrinsecus,
2701 1371 2915 1416 centum
2941 1360 3149 1415 cubitos
3178 1360 3243 1413 ad
3262 1360 3443 1414 orien-

1856 1458 2074 1514 tem,’et
2102 1449 2169 1503 ad
2196 1450 2524 1520 aquilonem.
2564 1471 2581 1503 ι
2622 1450 2675 1504 lu
2714 1450 2909 1520 quibus
2938 1451 3121 1505 verbis
3159 1450 3202 1505 si
3233 1458 3440 1519 portam

1854 1540 2057 1594 aditum
2088 1541 2399 1610 accipimus,
2448 1557 2555 1611 quo
2601 1541 2664 1595 ad
2700 1541 3059 1611 cognitionem
3101 1541 3309 1594 Domini
3358 1540 3440 1592 iu-

1854 1641 2081 1696 tramus,
2118 1641 2269 1703 porta
2300 1631 2527 1687 inferior
2549 1631 2682 1687 fides
2729 1642 2845 1698 CSl;
2894 1633 3091 1686 atrium
3138 1648 3267 1686 vero
3308 1633 3445 1684 intc—

1855 1725 1967 1780 rius
1998 1717 2401 1794 contemplatio.
2435 1724 2609 1779 llabct
2649 1733 2829 1779 autem
2869 1734 3023 1794 porta
3057 1724 3288 1778 inferior
3317 1724 3441 1777 lati-

1856 1817 2094 1871 tudinem
2132 1817 2185 1870 in
2217 1816 2378 1878 facie,
2414 1816 2540 1886 quia
2580 1816 2827 1871 videlicet
2868 1816 2998 1871 fides
3040 1831 3135 1887 per
3163 1816 3446 1871 charitatis

1857 1916 1968 1963 sua:
2004 1909 2409 1978 amplitudinem
2446 1906 2609 1963 habet
2637 1923 2756 1963 eam
2801 1922 2917 1976 qure
2958 1908 3169 1961 videtur
3212 1923 3238 1960 a
3262 1907 3448 1976 proxi-

1857 1997 1961 2051 mis
1980 1998 2372 2067 operationem.
2400 1994 2571 2060 Quam
2597 1995 2722 2050 dum
2753 1997 2964 2051 fortiter
2983 2012 3011 2050 a
3035 1995 3445 2066 pcrfeuioribus

1856 2089 1939 2159 agi
1967 2087 2367 2158 conspicimus,
2414 2102 2515 2141 nos
2542 2087 2633 2156 qui
2665 2086 2715 2141 in
2745 2087 2902 2142 honis
2944 2086 3155 2141 actibus
3192 2093 3447 2156 angusta-

1856 2196 1997 2245 mur,
2015 2178 2259 2249 exempla
2284 2192 2380 2249 per
2406 2194 2499 2234 eos
2541 2193 2745 2248 magnae
2765 2176 3101 2249 operationis
3126 2176 3442 2245 accipimus,

1855 2281 1911 2328 et
1941 2284 2278 2342 unaqurcque
2308 2278 2493 2324 sancta
2526 2268 2669 2324 actio
2695 2268 2849 2339 quasi
2893 2267 3138 2337 quzedam
3187 2268 3343 2321 nobis
3387 2264 3446 2319 fit

1854 2364 2083 2419 latitudo
2114 2363 2344 2426 itineris,
2374 2377 2492 2432 quae
2531 2362 2683 2432 prius
2728 2369 2849 2415 erat
2892 2359 3140 2431 angustia
3167 2357 3449 2413 difficulta-

1857 2456 1945 2510 tis.
1992 2454 2165 2509 llahet
2208 2468 2425 2524 quoque
2474 2452 2668 2506 atritun
2716 2451 2945 2507 interius
2996 2449 3266 2513 frontem,
3321 2449 3448 2518 quia

1855 2538 2273 2617 contemplativa
2303 2545 2415 2599 vita
2448 2559 2542 2613 per
2571 2543 2815 2612 quaedam
2861 2542 3012 2611 signa
3052 2540 3447 2620 desideriorum

1858 2648 1907 2695 et
1950 2639 2247 2709 gemituum
2279 2637 2517 2691 ostendit
2563 2629 2823 2707 quantum
2875 2633 3019 2688 intus
3058 2632 3238 2687 videat
3284 2646 3447 2701 quam

1858 2738 2063 2786 tantum
2102 2737 2269 2784 amat.
2302 2728 2568 2784 Denarius
2596 2733 2783 2780 autem
2812 2739 3078 2779 numerus
3116 2738 3213 2794 per
3254 2732 3449 2777 semet-

1856 2824 2032 2893 ipsum
2075 2821 2466 2891 multiplicatus
2518 2819 2571 2874 in
2621 2818 2997 2874 centenarium
3053 2816 3245 2886 surgit.
3295 2815 3449 2870 Unde

1855 2922 2004 2970 recte
2040 2927 2137 2984 per
2162 2911 2537 2967 centenarium
2577 2923 2768 2979 magna
2810 2905 3074 2977 perfectio
3107 2907 3444 2977 designatur.

1855 3004 1997 3059 sicut
2039 3003 2104 3057 dc
2148 2997 2336 3057 electis
2383 2999 2620 3055 dicitur:
2662 3017 2680 3049 ε
2717 2995 2905 3053 Omnis
2935 2996 3028 3065 qui
3066 2994 3325 3065 relinquit
3356 2994 3448 3048 do—

1857 3108 2007 3148 mum
2036 3092 2123 3146 vel
2157 3091 2354 3146 fratres
2398 3097 2491 3145 aut
2540 3104 2775 3152 sorores,
2825 3095 2914 3142 aut
2950 3095 3157 3157 patrem
3179 3126 3193 3149 ,
3220 3094 3311 3139 aut
3335 3098 3450 3138 ma-

1858 3194 2020 3248 trem,
2053 3190 2146 3236 aut
2180 3196 2436 3246 uxorem,
2467 3188 2560 3234 aut
2593 3178 2760 3241 filios,
2793 3187 2888 3232 aut
2917 3194 3080 3249 agros
3106 3184 3328 3246 propter
3353 3191 3450 3231 no-

155 3264 266 3320 lem
292 3264 521 3337 invenit.
553 3262 683 3331 Quae
713 3262 802 3318 illa
837 3271 985 3321 tanta
1017 3277 1139 3319 esse
1168 3264 1527 3319 mansuetudo
1554 3265 1753 3334 potuit,

1862 3289 1984 3329 men
2027 3287 2228 3339 meum,
2264 3270 2573 3341 centuplum
2619 3268 2865 3337 accipiet,
2904 3275 2957 3321 et
2986 3274 3151 3320 vitam
3187 3275 3449 3326 aztcrnam

156 3350 283 3429 quae
312 3358 469 3428 quies
494 3350 682 3423 animi,
712 3370 833 3427 qua:
860 3356 1105 3411 soliditas
1135 3355 1333 3411 mentis
1359 3364 1521 3425 atque
1554 3356 1752 3426 imper—

157 3449 321 3503 turba
331 3448 403 3503 tio
422 3446 772 3518 cogitationis
786 3446 808 3500 ?
822 3446 963 3503 Ecce
988 3462 1018 3501 a
1046 3446 1255 3501 minore
1279 3463 1377 3501 suo
1392 3455 1446 3502 et
1470 3432 1757 3518 reprehen-

158 3541 333 3605 ditur,
356 3546 412 3595 et
438 3536 756 3608 reprehendi
783 3553 889 3593 non
923 3536 1267 3607 dedignatur.
1305 3535 1422 3591 Non
1459 3536 1526 3591 ad
1554 3552 1758 3593 memo-

158 3630 303 3686 riam
335 3626 555 3685 revocat
583 3628 725 3697 quod
746 3628 953 3698 primus
975 3629 1027 3682 in
1051 3628 1353 3697 apostolatu
1376 3638 1603 3685 vocatus
1625 3637 1707 3684 est
1739 3646 1755 3684 :

157 3738 273 3779 non
289 3722 437 3793 quod
453 3735 789 3792 quaecunque
810 3722 863 3775 iu
884 3710 1028 3776 terra
1050 3722 1286 3776 solveret
1309 3729 1493 3777 essent
1514 3718 1689 3785 soluta
1706 3730 1761 3777 et

160 3813 219 3869 in
244 3812 416 3879 caelo;
454 3828 559 3867 non
598 3813 740 3881 quod
772 3812 823 3865 in
850 3827 999 3866 mare
1026 3813 1253 3881 pedibus
1277 3812 1572 3867 ambulavit
1606 3829 1617 3867 ε
1652 3829 1759 3868 non

160 3906 312 3977 quod
327 3904 654 3975 paralyticos
670 3905 721 3958 in
743 3903 869 3959 Jesu
886 3904 1352 3971 nomiucjubendo
1367 3914 1637 3974 erexerat,
1654 3921 1757 3961 non

161 3997 311 4068 quod
337 4011 512 4067 (egros
533 3994 779 4065 corporis
800 3996 880 4049 sui
906 3994 1099 4049 umbra
1126 4002 1417 4049 sanaverat
1446 4010 1457 4045 :
1488 4010 1593 4053 non
1618 3993 1758 4063 quod

160 4088 499 4143 mentientes
526 4086 691 4141 verbo
719 4085 1012 4150 occiderat,
1045 4100 1149 4140 non
1188 4084 1330 4153 quod
1370 4094 1610 4140 mortuos
1640 4101 1762 4140 ora-

162 4179 320 4233 tiOue
346 4176 661 4231 suscitabat.
694 4172 771 4229 Ne
806 4175 971 4245 igitur
996 4175 1385 4245 increpationis
1421 4174 1585 4229 verba
1617 4175 1765 4229 dedi-

163 4278 435 4341 gnaretur
464 4267 668 4331 audire,
694 4267 876 4322 omnia
908 4266 1047 4320 dona
1072 4282 1191 4336 qum
1221 4273 1528 4335 acceperat,
1556 4266 1708 4336 quasi
1733 4282 1764 4321 a

160 4359 439 4417 memoria
464 4357 680 4429 repulit,
704 4365 764 4411 ut
791 4372 953 4410 unum
980 4354 1194 4410 fortiter
1220 4354 1539 4409 humilitatis
1566 4354 1763 4409 donum

164 4458 405 4510 teneret.
437 4450 736 4505 Penscmus
755 4462 906 4519 ergo,
948 4447 991 4501 si
1021 4462 1325 4516 possumus,
1368 4444 1598 4501 Paulum
1638 4460 1765 4515 apo-

164 4546 392 4607 stolum,
425 4545 515 4613 qui
546 4549 753 4597 tantum
780 4542 991 4611 patiens
1022 4540 1164 4593 inter
1195 4549 1573 4609 persecutores
1600 4552 1765 4606 quan-

162 4648 287 4693 tum
312 4642 629 4691 mansuetus
664 4634 806 4687 inter
827 4630 1121 4701 discipulos
1155 4628 1333 4683 fuerit.
1376 4627 1535 4683 Certe
1567 4626 1762 4682 Coriu-
1792 4616 1841 4674 D

164 4733 329 4787 thum
368 4728 611 4791 veniens,
650 4726 717 4781 ab
754 4723 1017 4796 idolorum
1057 4722 1281 4776 servitio
1320 4719 1632 4775 Corinthios
1680 4732 1764 4771 re-

168 4822 364 4886 traxit,
398 4819 520 4890 quis
562 4827 707 4882 esset
737 4831 896 4871 verus
935 4815 1077 4869 Deus
1122 4812 1378 4876 innotuit,
1432 4821 1650 4866 mternte
1682 4810 1765 4873 eis

163 4915 302 4969 vita:
334 4911 525 4983 gaudia
559 4908 891 4979 praedicavit.
925 4906 1141 4960 Etcum
1170 4919 1424 4975 magnam
1469 4900 1767 4957 multitudi-

167 5020 305 5063 nem
359 5001 544 5073 populi
595 5001 649 5055 in
703 4998 808 5054 ﬁde
848 4993 1197 5068 collegisset,"
1238 5003 1443 5048 tantam
1493 4994 1602 5048 illic
1650 4992 1767 5046 ino-

165 5099 323 5171 piam
349 5093 592 5165 pertulit,
622 5102 681 5145 ut
702 5090 877 5144 victus
906 5089 986 5144 sui
1016 5088 1164 5158 gravi
1197 5087 1523 5141 necessitate
1550 5084 1766 5137 labora-

170 5200 263 5247 ret
293 5208 307 5242 :
344 5196 398 5243 et
424 5200 619 5257 panem
662 5193 819 5239 terra:
857 5198 886 5235 a
918 5180 1201 5250 discipulis
1232 5194 1337 5233 non
1380 5177 1609 5245 accepit,
1644 5175 1765 5245 qui-

170 5284 282 5339 bus
311 5291 506 5351 panem
536 5275 659 5331 creli
683 5271 1017 5344 prmdicavit.
1056 5271 1299 5325 Instabat
1333 5268 1495 5322 verbo
1524 5281 1624 5335 pro
1658 5266 1765 5319 vita

171 5372 518 5431 audientium
550 5388 562 5423 :
601 5368 837 5425 instabat
870 5365 1037 5419 labori
1083 5377 1338 5417 manuum
1373 5376 1470 5431 pro
1506 5369 1614 5413 vita
1655 5375 1765 5415 cor-

171 5464 331 5536 poris
347 5463 449 5518 sui.
484 5463 559 5515 De
592 5459 750 5513 terris
764 5470 976 5527 quoque
991 5454 1112 5508 aliis
1127 5453 1175 5508 ei
1191 5451 1457 5522 stipendia
1480 5465 1509 5502 a
1525 5449 1766 5518 discipu-

173 5558 248 5613 lis
301 5555 675 5615 mittebantur,
742 5560 802 5605 ut
846 5547 1147 5605 Corinthiis
1200 5545 1499 5614 pracdicare
1540 5540 1765 5596 suffece-

175 5652 252 5708 rit
281 5668 295 5705 :
322 5651 435 5719 ipse
462 5648 657 5719 quippe
679 5645 747 5699 ad
773 5645 989 5699 eosdem
1018 5638 1331 5696 Corinthios
1359 5652 1456 5706 per
1475 5634 1769 5705 Epistulam

176 5742 445 5812 Liquitur,
474 5738 658 5793 dicens
684 5755 696 5789 :
733 5756 749 5786 ι
783 5735 918 5789 Cum
944 5745 1121 5787 essein
1152 5727 1293 5799 apud
1322 5742 1419 5782 vos
1443 5733 1497 5780 et
1521 5738 1735 5812 egerem
1756 5764 1771 5788 ,

178 5809 321 5887 nulli
353 5841 617 5884 onerosus
657 5823 750 5879 fui.
796 5822 929 5878 Nam
962 5816 1277 5889 quodrmihi
1313 5815 1498 5871 deerat
1522 5854 1536 5881 ,
1562 5809 1773 5882 supple-

1858 3364 2153 3436 possidebit
2180 3362 2395 3434 (Matth.
2422 3362 2559 3432 xux).
2586 3381 2604 3413 ›
2624 3359 2809 3429 Neque
2833 3358 3031 3414 ctenim
3056 3368 3281 3413 sanctus
3304 3356 3454 3428 quis-

1865 3470 1970 3525 que
1999 3455 2121 3509 ideo
2157 3462 2373 3508 terrena
2418 3451 2650 3513 deserit,
2685 3458 2742 3503 ut
2788 3448 2903 3503 haec
2942 3447 3221 3517 possidere
3262 3448 3313 3501 in
3348 3448 3452 3503 hoc

1860 3542 2060 3599 mundo
2114 3541 2475 3612 multiplicius.
2508 3540 2717 3611 possit,
2766 3538 2890 3607 quia
2937 3537 3182 3606 quisquis
3232 3545 3451 3592 terreno

1862 3636 2040 3692 studio
2076 3644 2278 3691 terram
2323 3634 2607 3703 relinquit,
2644 3641 2841 3687 terram
2880 3641 2985 3684 n'on
3032 3629 3318 3699 relinquit,
3350 3627 3453 3683 sed

1862 3726 2094 3798 appetit;
2114 3741 2215 3781 nec
2240 3726 2328 3794 qui
2354 3741 2513 3778 unam
2544 3737 2764 3777 uxorem
2795 3721 3016 3787 deserit,
3041 3729 3255 3775 centum
3288 3733 3444 3774 rece-

1861 3828 2051 3888 plurus
2078 3825 2154 3871 est
2178 3832 2191 3881 ;
2225 3816 2317 3870 scd
2347 3830 2444 3885 per
2467 3813 2845 3869 centenarium
2872 3826 3155 3866 numerum
3188 3808 3452 3880 perfectio

1862 3907 2201 3979 designatur,
2230 3914 2516 3977 postquam
2543 3904 2707 3958 etiam
2732 3902 2841 3955 vita
2864 3900 3447 3969 merita-promittitur,

1863 3998 1988 4068 quia
2020 3998 2140 4066 quis
2170 4012 2269 4066 pro
2306 3994 2398 4049 Dei
2441 3994 2658 4047 nomine
2688 3989 3019 4059 temporalia,
3041 3999 3201 4057 atque
3234 3997 3452 4042 terrena

1864 4086 2178 4149 contemnit,
2202 4092 2257 4139 et
2276 4085 2364 4138 hic
2390 4082 2776 4153 perfectionem
2800 4080 2995 4133 mentis
3021 4079 3320 4147 recepit,ut
3338 4075 3451 4143 jam

1864 4195 1928 4233 ea
1952 4194 2057 4232 non
2091 4168 2309 4247 appetat
2330 4190 2450 4245 quae
2470 4174 2860 4235 contcniuit,ct
2886 4173 2939 4226 in
2970 4171 3216 4241 sequenti
3249 4170 3448 4225 saeculo

1866 4272 1931 4324 ad
1960 4280 2175 4325 mternre
2202 4270 2325 4322 vitae
2366 4267 2592 4338 gloriam
2632 4266 2899 4337 pervenit.
2952 4264 3167 4320 Mensus
3206 4279 3333 4333 ergo
3368 4264 3458 4321 vir

1865 4361 2200 4416 latitudinem
2227 4375 2256 4413 a
2284 4359 2421 4415 facie
2444 4367 2612 4428 porta:
2644 4358 2916 4413 inferioris
2940 4359 3189 4435 usquead
3218 4355 3455 4411 frontem

1866 4452 1987 4507 atrii
2022 4452 2296 4507 interioris
2315 4451 2652 4506 extrinsecus
2674 4458 2888 4505 centum
2918 4448 3127 4503 culiitos
3147 4489 3160 4511 ,
3188 4448 3312 4516 quia
3347 4446 3453 4502 ilc-

1866 4541 2113 4610 deuzptor
2144 4550 2331 4595 noster
2365 4538 2609 4608 quotidie
2637 4552 2733 4606 per
2756 4536 3045 4605 magistros
3076 4544 3239 4609 atque
3268 4534 3457 4587 docto-

1870 4649 1959 4691 res
1986 4632 2037 4685 in
2067 4645 2318 4686 mensura
2344 4627 2693 4698 perfectionis
2716 4627 2939 4681 metitur
2968 4625 3131 4679 vitam
3174 4622 3410 4678 ﬁdelium
3435 4638 3451 4678 :

1871 4723 1955 4777 vel
1983 4723 2035 4776 in
2079 4722 2258 4791 specie
2288 4721 2415 4775 boui
2440 4719 2623 4790 operis
2650 4734 2748 4789 per
2790 4718 2982 4780 tidem,
3023 4714 3107 4770 vel
3148 4715 3201 4769 in
3248 4729 3339 4769 san
3367 4714 3454 4770 :tis

1873 4813 2154 4871 desideriis
2192 4828 2290 4882 per
2324 4811 2852 4881 contemplationem.
2893 4808 3026 4875 Quis
3069 4822 3199 4878 ergo
3238 4816 3317 4862 est
3364 4807 3453 4875 qui

1873 4921 1969 4975 per
1996 4914 2215 4960 centum
2263 4902 2472 4957 cubitus
2510 4908 2876 4964 mensuratur,
2904 4897 3008 4952 nisi
3039 4897 3085 4951 is
3122 4896 3275 4964 cujus
3321 4912 3453 4953 sena

1873 4995 2120 5065 operatio
2148 5001 2292 5049 recta
2322 4992 2619 5046 intentione
2650 4991 2837 5053 utitur,
2889 4996 2950 5041 ut
2978 4978 3043 5041 iu‘
3061 5002 3127 5042 eo
3155 5002 3261 5056 quo
3285 5016 3295 5041 ι
3320 4987 3452 5057 agit,

1836 5140 1839 5145 ,
1874 5102 1981 5140 non
2009 5086 2075 5138 ad
2109 5092 2322 5138 terrena
2354 5082 2503 5136 lucra
2547 5079 2845 5150 appetenda
2876 5088 2967 5132 aut
2998 5078 3180 5133 laudes
3206 5081 3457 5131 'ransitoo

1876 5182 1987 5230 rias
2018 5172 2357 5229 reil'ectatur?
2385 5172 2526 5225 Ecce
2563 5171 2703 5224 enim
2737 5166 3165 5223 misericordir..i
3195 5165 3457 5235 proximis

1877 5265 2165 5327 exhibere,
2190 5276 2436 5332 possessa
2481 5260 2682 5330 largiri,
2724 5274 2845 5315 cum
2875 5256 3037 5315 celer’
3068 5264 3156 5310 ate
3196 5256 3455 5326 indigenti

1882 5355 2136 5416 tribucre,
2161 5351 2385 5407 latitudo
2410 5350 2459 5403 in
2488 5348 2622 5403 facie
2647 5355 2815 5416 portae
2843 5345 3115 5401 inferioris
3142 5352 3243 5399 est.
3273 5342 3380 5397 Sed
3410 5344 3455 5397 si

1881 5454 1971 5500 tua
2000 5445 2133 5500 dans
2158 5444 2331 5498 aliena
2358 5458 2463 5497 non
2492 5448 2734 5511 appetas,
2763 5439 2806 5491 si
2839 5448 3107 5493 terrenam
3139 5435 3364 5507 gloriam
3393 5435 3461 5490 de

1880 5538 1997 5609 ipso
2042 5537 2183 5591 bono
2225 5549 2389 5604 opere
2434 5547 2539 5585 non
2583 5530 2849 5599 requiras,
2885 5536 3029 5583 recte
3064 5528 3116 5581 in
3148 5525 3458 5581 centenario

1880 5643 2129 5699 numero,
2161 5626 2211 5679 id
2236 5632 2341 5689 est,
2369 5624 2421 5677 in
2458 5621 2790 5693 perfectione
2826 5617 3177 5673 mensuraris.
3203 5615 3334 5670 Nam
3367 5616 3457 5683 qui

1878 5719 2089 5773 videtur
2134 5716 2263 5771 dare
2299 5712 2721 5769 misericorditer
2752 5710 2965 5779 propria
2990 5748 3003 5773 ,
3031 5715 3086 5763 et
3124 5706 3266 5775 rapit
3306 5703 3462 5758 forsi-

1880 5821 1969 5866 tan
2003 5808 2259 5863 violenter
2299 5806 2469 5861 aliena
2493 5846 2505 5870 ,
2539 5804 2638 5859 iste
2674 5802 2851 5857 adhuc
2894 5816 3010 5870 qua:
3044 5799 3111 5853 sit
3153 5798 3236 5851 via
3277 5794 3459 5866 perfe-
