3950 6320
549 360 650 409 ινιτ

1169 355 1228 412 Β.
1275 358 1529 415 liABANl
1565 357 1784 415 MAUIH
1821 355 2143 413 ARCIIIEP.
2184 353 2492 411 MOGUNI‘.
2537 355 2818 412 OPEKUM
2858 356 3037 410 PARS
3077 356 3138 410 11.

3721 357 3814 409 ωδ

549 475 748 532 ctiouis
777 474 988 544 ignorat
1036 485 1135 538 nec
1162 473 1412 542 cognovit
1437 473 1579 527 unde
1626 470 1690 529 ad
1737 470 2121 543 perfectionem
2149 469 2202 528 Α
2233 485 2252 518 ι
2299 478 2514 525 ecutqu
2549 471 2776 525 cubitos.
2820 489 2836 521 ι
2879 469 3092 524 Mensas
3115 478 3198 524 est
3221 479 3399 523 autem
3438 467 3521 522 vir
3556 470 3716 539 cujus
3743 473 3812 521 fu-

552 566 807 630 tenditur,
837 563 961 633 quia
987 578 1088 617 nee
1127 563 1300 632 ipsum
1329 561 1445 630 ejus
1481 563 1692 617 initium
1721 562 1943 617 invenit.
1967 561 2126 615 Prius

550 655 694 710 enim
720 652 1016 722 appetitum
1038 651 1269 706 evellere
1306 667 1338 706 a
1378 660 1558 707 mente
1587 651 1771 706 debuit
1791 679 1810 714 ς
1842 659 1894 705 et
1940 661 2125 720 postea

549 762 670 816 qua:
690 747 742 799 in
772 761 828 799 re
847 744 1108 816 possidet,
1135 743 1340 814 largiri.
1368 743 1520 800 Unde
1542 744 1802 814 scriptum
1822 747 1902 798 est
1932 761 1947 796 :
1981 761 2000 794 ι
2024 745 2126 799 Dc-

549 837 690 891 clina
717 852 748 890 a
776 835 939 899 malo,
966 845 1020 890 et
1050 835 1135 890 fac
1166 836 1384 891 boumu.
1416 857 1433 888 ι
1466 836 1602 904 Quid
1627 836 1771 890 enim
1795 844 1973 905 potest
2003 852 2127 892 esse

548 925 678 980 Loni
725 925 867 994 quod
891 924 1038 988 facit,
1082 925 1172 994 qui
1201 926 1426 980 necdum
1452 940 1483 979 a
1514 924 1656 979 malo
1685 924 2025 980 declinavit?
2062 925 2130 979 Et

551 1024 677 1070 sunt
707 1015 948 1086 quidam,
977 1015 1092 1085 qui,
1125 1016 1264 1070 sicut
1289 1016 1488 1071 dictum
1510 1023 1611 1080 est,
1640 1015 2011 1103 abvalimentis
2031 1017 2130 1071 τὼς-

2227 562 2438 618 niculus
2463 564 2515 617 in
2548 580 2708 618 manu
2738 572 2855 619 erat
2879 575 3087 634 portam
3126 579 3340 633 quo'pte
3385 563 3662 632 aquilonis
3692 565 3807 617 atrii

2226 653 2544 718 exterioris,
2591 655 2705 710 sive
2749 655 3049 709 introduxit
3093 654 3412 726 prophetam
3454 670 3552 725 per
3604 668 3813 726 portam

2229 741 2516 811 aquilonis.
2560 742 2808 799 Secundo
2855 759 2952 814 per
2988 753 3196 814 portam
3241 747 3434 802 austri.
3483 747 3675 802 Tertio
3723 763 3814 818 per

2227 841 2438 902 portam
2473 834 2809 888 orientalem.
2857 835 2940 893 Ab
2983 836 3236 904 aquilone
3278 838 3421 891 enim
3451 838 3814 893 cxardeseunt

2229 921 2368 975 mala
2402 936 2563 992 super
2590 923 2922 978 habitatores
2951 935 3129 980 terrm.
3155 926 3494 998 Pulehrcque
3522 930 3617 1000 qui
3663 930 3811 985 habi-

2230 1023 2372 1069 tator
2397 1023 2554 1069 terrm
2580 1025 2694 1080 est,
2726 1025 2781 1071 et
2811 1032 2919 1072 non
2951 1018 3152 1072 advena
3182 1027 3236 1074 et
3277 1023 3623 1093 peregrinus,
3670 1032 3816 1092 patet

550 1105 773 1170 stinent,
797 1119 1013 1159 carnem
1041 1105 1324 1180 crueiant‘:
1354 1105 1446 1160 sed
1489 1113 1670 1159 tamen
1705 1105 1750 1160 si
1786 1105 1981 1176 pulsati
2013 1104 2126 1160 fue-
2222 1103 2418 1175 jaeulis
2446 1103 2562 1173 ejus
2587 1106 2678 1175 qui
2714 1107 2861 1162 venit
2887 1107 2956 1161 ab
2982 1108 3257 1178 aquilone,
3302 1110 3456 1179 cujus
3492 1113 3662 1180 ignita
3694 1123 3815 1167 sunt

550 1195 682 1259 rint,
709 1163 1111 1264 cognoscuntur
1129 1197 1254 1265 quia
1282 1163 1348 1249 ιἶά
1382 1194 1562 1249 mundi
1591 1163 1816 1266 gloriam
1845 1195 2125 1251 anhelant.
2222 1163 2401 1264 jacula
2422 1235 2436 1259 ,
2459 1211 2577 1265 qua:
2596 1195 2751 1266 juxta
2775 1195 3090 1266 Apostolum
3119 1206 3276 1254 scuto
3313 1197 3434 1254 ﬁdei
3467 1201 3813 1272 restinguun-

550 1284 644 1338 lsti
674 1283 908 1338 frontem
932 1285 1056 1339 atrii
1090 1284 1362 1341 interioris
1400 1286 1718 1350 ostendunt,
1748 1286 1843 1341 sed
1878 1302 1978 1357 per
2002 1301 2129 1341 ecu-

550 1383 663 1429 tum
693 1376 903 1431 cubitos
929 1392 1034 1431 non
1075 1387 1479 1432 mensurantur.
1523 1377 1590 1432 Hi
1628 1394 1758 1460 ergo
1798 1379 1852 1432 in
1899 1394 2128 1434 numero

548 1465 898 1534 perfectionis
951 1476 1078 1522 sunt
1120 1469 1186 1523 de
1237 1470 1432 1538 quibus
1481 1484 1579 1538 per
1620 1469 1845 1525 Paulum
1888 1471 2125 1544 dicitur:

557 1578 575 1610 «
611 1559 710 1625 Qui
745 1544 962 1614 carnem
995 1576 1146 1616 suam
1175 1561 1566 1616 crucifixeruut
1599 1577 1722 1617 eum
1744 1563 1892 1618 vitiis
1917 1571 1973 1619 et
2001 1579 2130 1619 con-

550 1649 900 1718 cupiscentiis
925 1649 1068 1720 (Gal.
1098 1650 1172 1722 v).
1213 1671 1231 1704 ι
1264 1651 1332 1706 Et
1361 1652 1656 1707 uotandmn
1690 1653 1835 1723 quod
1858 1670 1964 1710 non
1998 1655 2132 1710 dici-

551 1745 638 1790 tur
676 1737 820 1806 quod
859 1739 1206 1803 intrinsecus,
1253 1740 1350 1795 sed
1397 1741 1738 1799 extrinsecus
1776 1744 1880 1800 ista
1909 1760 2131 1802 mensu-

553 1836 741 1880 rautur
766 1845 779 1881 :
805 1830 930 1898 quia
973 1829 1220 1886 videlicet
1266 1830 1595 1903 Redemptor
1634 1843 1819 1891 noster
1861 1852 1986 1892 eum
2035 1852 2132 1908 per
2162 1806 2207 1865 Β

550 1934 648 1972 nos
675 1918 817 1973 facta
846 1920 1124 1974 hominum
1151 1921 1234 1975 vel
1268 1923 1529 1991 approbat
1559 1924 1640 1978 vel
1675 1924 1878 1982 indicat
1911 1929 2016 1981 non
2049 1927 2130 1981 in-

551 2007 818 2062 trinsecus
850 2009 1090 2064 metitur.
1122 2010 1274 2066 Unde
1295 2020 1349 2066 et
1382 2027 1479 2081 per
1510 2011 1864 2084 Evangelium
1897 2015 2126 2071 dicitur:

553 2117 571 2148 ι
614 2097 694 2153 Ex
723 2097 986 2154 fructibus
1007 2115 1196 2154 eorum
1223 2103 1565 2173 cognoscetis
1590 2119 1683 2159 eos
1706 2103 1923 2176 (Matth.
1947 2105 2065 2177 vn).
2104 2125 2122 2159 ι

547 2185 681 2240 Cum
710 2187 855 2242 enim
891 2187 1025 2244 alios
1069 2191 1434 2261 conspicimus
1467 2193 1650 2265 largiri
1695 2195 2126 2268 elccmosynam,

548 2279 763 2335 afflictis
794 2297 1155 2349 concurrere,
1181 2286 1453 2364 oppressis
1487 2288 1808 2349 subvenire.
1839 2288 1915 2343 nil
1949 2305 2043 2345 eos
2076 2291 2129 2345 in

549 2372 654 2427 hoc
679 2373 877 2427 mundo
899 2374 1083 2444 gloria:
1104 2391 1368 2445 qumrerc,
1399 2377 1558 2433 nullis
1588 2377 1746 2449 hujus
1775 2381 1959 2436 mundi
1987 2397 2138 2437 coma

550 2463 763 2532 pcndiis
790 2463 1001 2520 inhiare
1020 2505 1034 2530 ,
1061 2475 1221 2536 atque
1248 2467 1384 2524 alios
1413 2469 1661 2527 videmus
1687 2487 1905 2529 carnem
1941 2475 2130 2530 doma-

554 2566 632 2617 re,
661 2551 916 2625 laerymis
960 2554 1236 2622 insistere,
1283 2559 1460 2615 verbis
1499 2561 1812 2620 emlestihus
1839 2569 2125 2637 occupari,

549 2640 628 2695 nil
663 2643 959 2698 transitorii
1007 2644 1228 2702 honoris
1268 2659 1561 2719 appetere:
1602 2653 1731 2722 quid
1773 2653 1917 2712 aliud
1968 2658 2131 2713 debe-

549 2746 671 2786 mus
713 2733 816 2786 nisi
861 2747 955 2789 eos
999 2735 1268 2806 perfectos
1295 2739 1538 2807 credere,
1582 2752 1799 2799 sanctos
1826 2747 2130 2804 aestimare?

551 2821 685 2890 Quia
716 2838 845 2894 ergo
878 2841 976 2896 per
1006 2827 1109 2884 hoe
1150 2830 1292 2898 quod
1321 2833 1644 2901 aspicimus,
1675 2849 1794 2891 esse
1829 2853 1924 2894 eos
1954 2839 2131 2910 perfe-

548 2921 668 2968 etos
693 2914 960 2981 videmus,
987 2930 1174 2972 eorum
1203 2920 1368 2974 vitam
1405 2937 1502 2992 per
1525 2931 1738 2979 centum
1769 2926 1980 2982 cubitos
2010 2943 2127 2983 me-

553 3004 733 3057 timur.
777 3005 843 3058 Et
885 3007 1012 3076 quia
1055 3007 1204 3062 multi
1250 3009 1308 3062 in
1343 3009 1526 3066 Juda-a
1552 3053 1566 3078 ,
1609 3000 2020 3085 pleriquevero
2073 3019 2128 3074 in

551 3096 854 3165 gentilitate
883 3099 1063 3167 positi,
1093 3101 1158 3154 ad
1187 3102 1326 3156 hanc
1364 3102 1712 3172 perfectionis
1739 3123 2004 3164 summam
2038 3127 2124 3165 ve-

556 3199 772 3255 nerunt,
808 3200 953 3245 recte
981 3193 1353 3264 subjuugitur:
1385 3196 1464 3249 Ad
1490 3196 1756 3253 orientem
1788 3210 1844 3259 et
1881 3202 1948 3257 ad
1973 3204 2127 3273 aqui-

551 3277 750 3337 lonem.
793 3279 1045 3336 Iudaicus
1090 3286 1287 3338 ctenim
1319 3288 1546 3357 populus
1583 3291 1920 3363 oriensJure
1952 3295 2128 3352 dictus

552 3379 668 3434 est,
715 3371 780 3425 de
825 3372 978 3441 cujus
1015 3389 1178 3428 carne
1209 3374 1296 3430 ille
1330 3386 1493 3434 natus
1520 3388 1633 3445 est,
1663 3383 1752 3451 qui
1794 3382 1872 3438 sol
1903 3383 2129 3455 justitia‘

553 3471 806 3527 vocatur;
855 3465 921 3519 de
971 3481 1078 3534 quo
1117 3482 1214 3535 per
1254 3470 1568 3539 prophetam
1614 3473 1853 3529 dicitur:
1903 3495 1922 3528 ι
1965 3477 2130 3534 Vobis

553 3559 735 3606 autem
778 3554 870 3623 qui
925 3555 1123 3611 timetis
1176 3555 1463 3633 Dominum
1517 3562 1723 3616 orietur
1771 3565 1852 3620 sol
1897 3565 2128 3636 jllSIilitl:

552 3641 811 3710 (.ilalach.
838 3644 932 3714 tv).
974 3665 991 3696 ›
1024 3646 1123 3700 Per
1153 3647 1455 3715 aquilonem
1478 3666 1604 3708 vero
1631 3654 1903 3725 gentilitas
1931 3657 2129 3729 figura-

557 3741 643 3786 tur
672 3751 792 3803 quze
816 3736 904 3790 ditt
955 3738 1004 3791 in
1051 3741 1291 3810 perfidiae
1332 3756 1443 3797 sum
1478 3742 1679 3816 frigore
1719 3751 1956 3820 torpuit,
1981 3760 2036 3807 et
2071 3753 2128 3809 in

552 3822 705 3892 cujus
745 3827 907 3881 corde
951 3828 1039 3883 ille
1091 3835 1336 3902 regnavit
1385 3837 1477 3907 qui
1526 3847 1813 3897 attestante
1864 3846 2127 3916 propheta

553 3919 693 3985 apud
726 3921 1072 3990 semetipsum
1103 3924 1281 3980 dixit:
1317 3947 1336 3979 ι
1364 3927 1568 3986 Ponam
1612 3934 1794 3989 sedem
1848 3953 2023 3993 meam
2058 3941 2126 3995 ad

551 4005 882 4074 aquilonem.
913 4031 931 4062 ι
960 4011 1093 4078 Quia
1120 4014 1300 4086 itaque
1329 4017 1644 4076 incarnatus
1663 4025 2004 4094 omnipotens
2030 4028 2129 4085 Do-

555 4096 732 4150 minus
762 4097 897 4154 alios
927 4101 1197 4170 perfectos
1230 4121 1296 4160 ex
1330 4107 1545 4176 Jud:ea,
1592 4111 1727 4168 alios
1759 4114 2030 4184 perfectos
2058 4135 2126 4174 ex

551 4185 853 4252 gentilitate
897 4187 1040 4244 intra
1084 4203 1326 4249 sanctam
1375 4197 1671 4255 Ecclesiam
1713 4201 1877 4270 fecit,
1906 4215 2124 4262 centum

551 4277 758 4332 cubitos
787 4296 891 4335 non
919 4282 1092 4338 solum
1121 4287 1388 4343 orientem
1401 4307 1618 4348 mensus
1641 4304 1742 4358 est,
1765 4297 1857 4352 sed
1874 4299 2038 4353 etiam
2058 4301 2125 4354 ad

549 4365 874 4434 aquilonem.
907 4369 1176 4444 (lIieron.)
1206 4374 1486 4443 Quomodo
1508 4391 1686 4437 autem
1714 4394 1929 4441 centum
1957 4389 2124 4445 cubiti

549 4469 656 4508 non
671 4456 844 4510 solum
863 4459 928 4513 ad
945 4471 1154 4529 portam
1171 4466 1485 4524 orientalem
1502 4471 1722 4541 fuerint,
1737 4477 1830 4530 sed
1846 4486 1902 4532 et
1915 4478 1983 4534 ad
2005 4495 2126 4549 por-
2157 4493 2203 4551 ι)

551 4554 660 4600 tam
703 4549 973 4618 aquilonis
1012 4568 1242 4623 seqwns
1276 4560 1641 4618 testimonium
1673 4567 2086 4626 demonstrabit.

625 4677 643 4709 ι
687 4658 904 4715 Portam
935 4679 1148 4735 quoque
1182 4685 1301 4738 quae
1329 4674 1650 4743 respiciebat
1679 4681 1822 4736 viam
1853 4686 2122 4754 aquilonis

558 4767 576 4799 ι
620 4747 743 4805 atrii
782 4755 1072 4812 exterioris
1125 4774 1343 4817 mensus
1397 4772 1480 4819 est
1529 4773 1637 4822 tam
1688 4771 1741 4826 in
1789 4747 2123 4847 longitudine

555 4861 572 4892 ι
617 4860 778 4913 quam
826 4849 878 4902 in
919 4851 1216 4918 latitudine,
1255 4865 1308 4910 et
1333 4858 1597 4916 thalamos
1631 4863 1748 4932 ejus
1775 4876 1884 4924 tres
1908 4871 2036 4927 hinc
2069 4884 2126 4930 et

555 4958 572 4987 ι
620 4947 730 4994 tres
761 4939 904 5006 inde,
932 4951 985 4996 et
1013 4943 1241 4999 frontem
1270 4948 1402 5015 ejus,
1432 4961 1487 5006 et
1515 4958 1833 5015 vestibulum
1866 4962 2002 5030 ejus,
2035 4981 2121 5021 se-

554 5045 570 5075 ι
618 5028 849 5085 eundum
895 5048 1202 5089 mensuram
1249 5051 1414 5107 portze
1460 5046 1683 5112 prioris,
1728 5028 2116 5126 quinquaginta

553 5142 569 5168 ι
617 5120 919 5176 cubitorum
941 5123 1324 5194 longitudinem
1346 5131 1479 5200 ejus,
1499 5147 1551 5191 et
1574 5120 1908 5200 latitudinem
1931 5120 2120 5219 viginti

555 5227 570 5257 ι
617 5211 852 5280 quinque
874 5212 1204 5285 cubitorum;
1233 5218 1479 5279 fenestrae
1491 5237 1668 5285 autem
1683 5233 1797 5302 ejus
1811 5244 1866 5290 et
1886 5211 2122 5296 vestibu-

554 5317 571 5348 ι
620 5300 725 5352 lum
752 5309 804 5354 ct
827 5303 1132 5372 scalpturae,
1155 5313 1445 5368 secundum
1469 5300 1774 5375 mensuram
1805 5337 1974 5394 portte
1999 5344 2119 5398 qua:

555 5401 572 5434 ι
621 5388 941 5455 respiciebat
984 5394 1052 5447 ad
1093 5396 1374 5465 orientem,
1402 5412 1456 5457 et
1479 5415 1683 5475 septem
1717 5388 1980 5481 graduum
2002 5388 2121 5474 erat

555 5493 573 5526 ι
615 5493 870 5535 ascensus
915 5483 1050 5551 ejus.
1085 5488 1149 5542 Et
1177 5492 1496 5548 vestibulum
1525 5509 1648 5553 ante
1689 5516 1839 5568 eam,
1874 5516 1929 5561 et
1964 5521 2118 5578 porta

556 5582 576 5612 ο
621 5568 740 5621 atrii
767 5569 1035 5629 interioris
1069 5587 1258 5633 contra
1288 5594 1495 5650 portam
1521 5590 1804 5658 aquilonis
1841 5604 1898 5649 et
1933 5568 2116 5653 orien-

557 5670 575 5704 t
621 5657 798 5714 talem.
831 5662 897 5716 Et
943 5681 1161 5725 mensus
1195 5680 1277 5726 est
1317 5687 1348 5727 a
1387 5686 1540 5744 porta
1584 5696 1753 5751 usque
1796 5687 1862 5739 ad
1905 5699 2117 5756 portam

2232 1294 2335 1347 tur,
2368 1295 2423 1340 ct
2451 1285 2517 1338 ad
2553 1285 2858 1354 aquilonem
2883 1287 3122 1342 exterius
3146 1289 3344 1343 atrium
3373 1290 3690 1345 nominatur
3714 1310 3725 1344 :
3754 1291 3816 1346 ad

2229 1375 2512 1429 meridiem
2537 1391 2682 1440 vero,
2705 1375 2809 1431 hoc
2828 1386 2911 1432 est
2932 1377 3000 1431 ad
3027 1386 3298 1443 austrum,
3321 1395 3426 1433 non
3455 1382 3707 1437 exterius
3729 1385 3816 1436 sed

2231 1466 2479 1522 interius.
2514 1467 2654 1522 Dicit
2691 1467 2837 1523 enim
2878 1469 3197 1540 Scriptura:
3235 1490 3253 1523 ι
3287 1471 3354 1526 Ει
3394 1472 3702 1529 introduxit
3739 1494 3818 1531 me

2232 1560 2299 1614 ad
2329 1561 2528 1615 atrium
2561 1561 2819 1626 interius,
2850 1564 2916 1616 ad
2941 1570 3153 1632 portam
3187 1565 3506 1630 australem;
3543 1587 3562 1619 |
3597 1569 3742 1637 quod
3768 1582 3817 1621 et

2233 1647 2286 1702 in
2311 1649 2560 1703 orientali
2594 1650 2734 1705 atrio
2764 1650 3027 1720 scriptum
3067 1650 3321 1706 similiter
3366 1654 3664 1709 invenitur.
3709 1656 3814 1709 Pri-

2236 1751 2354 1791 mus
2378 1737 2612 1812 enimad
2641 1739 2898 1793 virtutem
2928 1740 3204 1810 ingressus
3230 1751 3313 1797 est
3331 1783 3344 1808 ,
3371 1744 3684 1812 aquilonem
3709 1747 3813 1800 cal~

2233 1839 2361 1880 care
2387 1825 2636 1894 pedibus,
2659 1834 2714 1882 et
2739 1841 2841 1896 per
2867 1827 3391 1898 quinquagenarium
3415 1842 3470 1886 et
3499 1832 3813 1902 vigesimum

2233 1917 2482 1987 quintum
2528 1933 2814 1973 numerum
2858 1920 2924 1972 ad
2956 1921 3324 1977 summitatem
3365 1927 3670 1979 centenarii
3703 1943 3815 1996 per-

2232 2007 2441 2060 venire.
2485 2007 2690 2062 Deinde
2725 2007 2995 2063 introduci
3043 2010 3111 2063 ad
3149 2010 3445 2066 australem
3487 2013 3736 2083 plagam,
3765 2024 3814 2068 et

2233 2095 2504 2166 aquilonis
2527 2095 2699 2167 frigus
2723 2097 3013 2167 expellere.
3044 2097 3198 2154 Tune
3227 2100 3294 2155 ad
3313 2101 3614 2170 perfectam
3639 2105 3814 2160 venire

2237 2184 2511 2250 virtutem,
2544 2184 2595 2239 id
2623 2192 2738 2252 est,
2767 2187 2832 2241 ad
2863 2195 3074 2256 portam
3113 2187 3463 2257 orientalem,
3497 2190 3552 2246 in
3581 2208 3690 2263 qua
3713 2195 3814 2248 ori-

2234 2280 2323 2327 tur
2351 2274 2431 2329 sol
2454 2272 2710 2342 justitiae,
2741 2285 2796 2330 et
2821 2291 2919 2346 per
2944 2292 3106 2346 quam
3133 2279 3281 2336 solus
3310 2281 3616 2354 ingreditur
3649 2287 3815 2356 ponti-

2233 2364 2345 2420 fex.
2374 2365 2443 2420 Et
2465 2366 2568 2422 hoc
2591 2366 2986 2423 observandum
3022 2372 3168 2440 quod
3209 2387 3333 2428 cum
3375 2385 3611 2444 quatuor
3653 2378 3813 2450 plaga:

2232 2454 2361 2520 sint,
2396 2454 2462 2510 de
2492 2456 2815 2512 occidentali
2844 2467 2997 2529 porta
3033 2470 3319 2519 taceatur:
3351 2464 3418 2519 de
3444 2481 3552 2537 qua
3590 2467 3646 2521 in
3667 2469 3810 2538 prin-

2230 2546 2374 2618 cipio
2401 2549 2721 2620 sexagesimi
2750 2551 2966 2621 septimi
2997 2553 3187 2623 psalmi
3210 2544 3474 2626 scriptum
3507 2569 3592 2614 est
3619 2579 3632 2613 :
3666 2579 3685 2611 ι
3715 2560 3811 2615 lter

2230 2637 2393 2696 facite
2412 2640 2464 2696 ei
2488 2642 2579 2711 qui
2603 2644 2842 2698 ascendit
2863 2659 3028 2714 super
3047 2647 3408 2714 occidentem,
3432 2650 3698 2707 Dominus
3723 2669 3807 2706 no-

2231 2747 2357 2786 men
2383 2731 2500 2804 ejus
2536 2732 2708 2802 (Psal.
2741 2733 2944 2805 van);
2989 2744 3050 2790 ut
3089 2745 3374 2806 postquam
3417 2741 3575 2794 nobis
3613 2757 3808 2810 ιιι-ωειδ-

2233 2822 2480 2878 rantibus
2523 2823 2628 2878 iter
2676 2823 2936 2890 Domino,
2993 2837 3048 2881 et
3094 2827 3225 2882 illud
3277 2828 3627 2898 implentibus
3675 2835 3808 2901 quod

2227 2910 2464 2968 Joannes
2506 2911 2746 2984 Baptista
2787 2915 2987 2971 clamat
3023 2917 3075 2971 in
3123 2933 3348 2973 eremo:
3383 2939 3401 2971 ι
3437 2919 3636 2976 Parate
3678 2924 3806 2978 viam

2229 3002 2465 3069 Domini,
2484 3013 2658 3060 rectas
2681 3005 2840 3061 facite
2863 3008 3087 3064 semitas
3112 3007 3230 3078 ejus
3258 3010 3476 3081 (Matth.
3513 3013 3618 3083 in),
3648 3015 3805 3084 possi-

2231 3107 2354 3148 mus
2389 3094 2578 3149 audire
2608 3096 2754 3171 quod
2795 3097 2846 3151 in
2875 3108 3117 3153 extrema
3157 3109 3312 3169 parte
3346 3099 3588 3169 ejusdem
3625 3105 3804 3173 psalmi

2231 3181 2432 3237 dicitur
2458 3201 2471 3237 :
2502 3202 2520 3235 ι
2550 3183 2776 3241 Cantate
2806 3187 2948 3252 Deo,
2977 3188 3186 3258 psallite
3220 3190 3474 3258 Domino,
3503 3195 3596 3262 qui
3626 3211 3804 3251 ascen-

2231 3270 2311 3324 dit
2344 3285 2507 3343 super
2539 3273 2732 3329 etelum
2759 3276 2881 3330 (εωΙὶ
2913 3279 2979 3331 ad
3006 3279 3291 3334 orientem.
3314 3267 3467 3349 Quod
3505 3293 3687 3339 autem
3728 3287 3802 3340 di-

2231 3367 2430 3414 cuntur
2472 3362 2695 3418 thalami
2737 3372 2846 3422 tres
2892 3367 3019 3423 hinc
3054 3377 3110 3422 et
3151 3378 3261 3426 tres
3289 3371 3442 3436 inde,
3475 3375 3580 3430 hoc
3610 3377 3800 3431 docet:

2231 3454 2374 3522 quod
2397 3460 2506 3509 tam
2548 3455 2729 3511 littera
2763 3473 2924 3526 quam
2973 3461 3197 3530 spiritus
3245 3471 3300 3518 et
3341 3473 3577 3536 utraque
3617 3467 3803 3522 intelli-

2230 3545 2407 3615 gentia
2425 3553 2479 3600 et
2494 3546 2731 3601 historia:
2749 3549 3058 3620 tropoIOgize
3079 3553 3146 3606 ad
3167 3551 3452 3608 Trinitatis
3471 3568 3799 3612 sacramenta

2230 3636 2555 3705 pertineant.
2588 3636 2718 3692 lllud
2751 3641 2893 3707 quod
2916 3640 3152 3706 additur,
3186 3662 3201 3693 ι
3244 3643 3311 3696 Ει
3341 3643 3573 3699 frontem
3612 3645 3726 3714 ejus
3755 3655 3800 3701 et

2228 3724 2554 3780 vestibulum
2601 3729 2894 3783 secundum
2944 3745 3252 3786 mensuram
3300 3744 3471 3802 porta:
3515 3736 3740 3806 prioris,
3778 3757 3794 3788 ι

2229 3817 2548 3873 orientalem
2577 3827 2788 3889 portam
2819 3822 3110 3892 significat,
3137 3839 3256 3893 qua:
3291 3825 3441 3895 prior
3470 3843 3579 3883 non
3600 3829 3795 3892 ordine,

2229 3908 2323 3963 sed
2346 3909 2542 3991 merito
2564 3920 2925 3981 nuncupatur.
2964 3933 2982 3964 σ
3013 3914 3082 3970 Et
3108 3915 3372 3981 habebat,
3409 3917 3615 3988 inquit,
3657 3921 3797 3991 quiu-

2229 3989 2732 4069 quaginta'cubitos
2763 4001 2817 4055 in
2851 4002 3214 4073 longitudine,
3250 4013 3305 4060 et
3342 4007 3534 4078 viginti
3575 3989 3794 4079 quinque

2230 4082 2282 4138 in
2308 4084 2616 4153 latitudine;
2645 4107 2662 4138 ι
2688 4096 2747 4144 ιιι
2773 4089 2826 4143 in
2849 4091 3292 4164 quinquagesima
3313 4104 3429 4165 post
3452 4107 3658 4168 septem
3681 4099 3796 4154 heb-

2227 4175 2486 4232 domadas
2510 4187 2710 4234 :etcrna
2745 4183 2962 4252 requies
2989 4183 3415 4253 demonstretur,
3450 4190 3679 4246 tetulens
3710 4208 3792 4260 per

2227 4265 2368 4320 diem
2423 4270 2838 4326 resurrectionis
2874 4273 2940 4326 ad
2973 4289 3136 4345 regna
3181 4277 3464 4343 emlorum,
3516 4281 3572 4334 in
3615 4282 3792 4351 quibus

2227 4369 2354 4409 vera
2401 4359 2615 4428 requies
2643 4368 2746 4414 est.
2788 4361 2844 4415 In
2886 4361 2955 4416 25
2980 4374 3160 4418 autem
3201 4366 3268 4420 de
3294 4384 3402 4435 quo
3426 4384 3656 4425 numero
3683 4379 3792 4424 ante

2222 4443 2335 4514 jam
2363 4444 2620 4510 diximus,
2650 4449 2886 4518 quinque
2909 4464 3163 4507 sensuum
3196 4469 3292 4523 per
3320 4457 3561 4528 quinque
3590 4459 3791 4513 ordines

2228 4535 2582 4607 quadrangnli
2608 4553 2860 4594 mensura
2890 4550 3156 4608 servetur,
3180 4560 3410 4613 quorum
3435 4548 3666 4604 alterum
3689 4549 3789 4603 lon-

2227 4625 2477 4696 gitudiui,
2503 4627 2733 4683 alterum
2765 4630 3033 4686 latitudini
3061 4643 3382 4704 coaptatur:
3417 4639 3551 4693 utin
3578 4640 3785 4710 longitu-

2227 4717 2352 4772 dine
2399 4719 2612 4786 requies
2652 4727 2705 4774 et
2747 4720 3032 4778 delectatio
3073 4727 3388 4782 sacratioris
3428 4730 3672 4785 scientia:
3701 4751 3712 4784 :
3741 4731 3786 4784 in

2226 4804 2506 4859 latitudine
2542 4809 2886 4874 praesentium
2917 4825 3037 4879 quae
3065 4813 3131 4866 ad
3154 4828 3346 4869 sensus
3382 4818 3620 4884 pertinet
3664 4821 3787 4873 ratio

2223 4893 2645 4950 demonstretur.
2683 4896 2834 4962 Quod
2873 4899 3122 4966 infertur,
3152 4922 3172 4954 ι
3207 4904 3273 4958 Et
3310 4903 3562 4962 fenestra:
3594 4910 3706 4979 ejus
3738 4918 3785 4962 et

2223 4983 2486 5035 vestibula
2531 4992 2585 5036 et
2627 4986 2917 5056 scalptum:
2938 5029 2952 5053 ,
2988 5009 3006 5040 ›
3035 4990 3149 5046 sive
3175 5002 3236 5047 ut
3263 4994 3614 5068 Septuaginta
3654 5000 3783 5053 addi-

2223 5071 2371 5136 dere,
2407 5091 2425 5122 α
2461 5074 2650 5142 palmae
2678 5087 2834 5132 erant
2855 5077 3005 5146 juxta
3042 5096 3348 5139 mensuram
3372 5098 3540 5157 porta:
3565 5105 3681 5159 qurc
3707 5107 3782 5145 re-

2221 5160 2479 5230 spiciebat
2500 5164 2566 5218 ad
2587 5166 2864 5232 orientem,
2893 5189 2911 5222 ι
2930 5171 3033 5226 hoc
3054 5174 3324 5230 subtiliter
3346 5177 3631 5246 indicatur,
3653 5183 3782 5250 quod

2222 5254 2527 5323 quicunque
2559 5257 2609 5310 in
2641 5258 2862 5314 introitu
2902 5262 3160 5317 virtutum
3185 5267 3425 5336 positus,
3447 5280 3559 5326 tres
3597 5282 3646 5326 ct
3681 5282 3782 5327 tm

2225 5344 2487 5400 thalamos
2514 5345 2676 5401 fuerit
2703 5349 2980 5417 ingressus
3016 5352 3357 5426 frontemque
3392 5369 3442 5414 et
3474 5363 3778 5417 vestibulum

2222 5447 2488 5489 mensura:
2529 5447 2698 5506 portae
2732 5441 2928 5508 prioris
2958 5447 3267 5512 agnoverit,
3295 5449 3361 5503 ad
3390 5465 3451 5504 ea
3485 5455 3776 5521 perveniat,

2223 5521 2419 5592 illaque
2445 5527 2773 5594 conspiciat,
2807 5547 2926 5599 qua:
2953 5542 3004 5586 et
3037 5534 3088 5586 in
3124 5545 3278 5604 porta
3313 5540 3560 5596 orientali
3590 5543 3774 5612 plenis-

2221 5612 2356 5666 sime
2409 5625 2758 5684 suscepturus
2799 5630 2900 5674 est.
2944 5621 3114 5677 Porro
3154 5628 3297 5694 quod
3346 5630 3628 5698 sequitur:
3667 5652 3684 5682 ι
3722 5633 3773 5685 l-St

2225 5709 2431 5769 septem
2458 5703 2718 5772 graduum
2748 5716 2867 5761 erat
2902 5709 3159 5767 ascensus
3199 5714 3345 5784 ejus,
3373 5726 3430 5771 ct
3470 5721 3771 5776 vestibulum
