3950 6330
148 423 260 474 9'29

1058 418 1410 476 COMMENT.
1454 418 1518 473 lX
1561 417 2012 480 EZElllliEl.E.‘tl.
2057 454 2121 462 -—-
2159 423 2281 479 LIB.
2331 425 2442 482 XV.

3313 433 3415 488 95o

153 546 280 591 ante.
296 549 413 589 eam
437 531 808 593 sivcinterius,
836 552 854 584 ι»
881 531 1612 603 huncltabctscnsnm,qttod
1638 548 1733 602 per
1763 537 1807 595 Α
1840 536 2069 592 terrenis
2097 552 2154 593 se
2177 553 2206 592 a
2243 539 2521 595 desideriis
2545 541 2780 598 funditus
2805 554 3029 600 avertat.
3057 545 3151 601 Vel
3177 558 3322 602 certe
3359 559 3418 604 ut

156 635 360 696 septem
385 627 584 698 gradus
615 625 980 689 hebdomadis,
1007 634 1060 678 et
1082 625 1199 678 olla‘
1226 641 1346 693 qua:
1372 642 1400 676 a
1429 625 1563 678 facie
1589 625 1737 693 aqui-

151 717 298 770 lonis
351 715 684 779 accenditur,
715 725 769 768 ct
795 717 1148 770 czeremonias
1196 714 1502 770 Iudaeorum
1543 717 1739 786 quibus

156 808 306 861 dedit
336 807 478 862 Deus
509 817 796 877 pramepla,
831 823 934 860 non
979 807 1116 859 bona
1149 817 1201 860 et
1235 806 1650 874 justificationes
1687 807 1737 858 itt

156 895 355 963 quibus
382 913 485 949 non
517 898 698 950 vivant
729 897 779 950 iu
819 898 928 959 eis,
963 899 1286 950 scandamus
1320 899 1386 950 ad
1429 897 1618 950 altiora
1639 937 1652 958 ,
1684 905 1739 949 ct

157 986 223 1038 rd
263 985 583 1040 vestibulum
618 985 751 1052 ejus,
787 987 836 1039 id
863 997 944 1039 est
964 1027 978 1048 ,
1018 995 1186 1056 portat
1212 1027 1226 1048 ,
1257 1001 1354 1054 pro
1385 1002 1490 1054 quo
1520 993 1738 1054 septua-

156 1077 308 1146 ginta
349 1077 583 1131 elamotlt
616 1078 1027 1131 transtulerunt.
1067 1077 1219 1143 Quod
1260 1077 1582 1131 vestibulum
1614 1085 1738 1128 ante

158 1177 371 1239 portam
404 1178 487 1224 est
524 1168 638 1222 sive
684 1169 929 1224 interius.
968 1168 1075 1223 Nec
1101 1168 1272 1223 solum
1322 1185 1428 1222 una
1472 1176 1624 1238 porta
1658 1179 1742 1223 est

159 1260 462 1328 aquilonis,
491 1277 611 1330 qua:
654 1277 814 1330 supra
846 1270 998 1331 porta
1031 1260 1330 1331 appellatur
1358 1261 1616 1326 exterior,
1647 1262 1742 1316 sed

157 1362 215 1408 ct
250 1353 418 1408 altera
456 1353 699 1420 interior,
744 1370 864 1423 qtue
908 1354 1068 1408 habet
1117 1353 1524 1408 similitttdincm
1572 1362 1742 1421 porta:

157 1445 474 1511 orientalis,
525 1455 583 1500 ut
632 1445 970 1500 manifestius
1025 1447 1210 1501 dixere
1257 1445 1632 1515 Septuaginta,
1690 1455 1746 1501 et

156 1546 316 1606 porta
340 1537 460 1591 atrii
489 1537 715 1592 interior
737 1537 1030 1606 respiciens
1052 1545 1263 1606 portam
1291 1536 1573 1605 aquilonis.
1605 1537 1746 1591 sicut

158 1638 283 1682 erat
307 1636 460 1698 porta
499 1642 620 1697 quze
667 1627 988 1696 respiciebat
1031 1627 1097 1680 ad
1128 1627 1413 1681 orientem.
1447 1647 1463 1676 ι
1497 1626 1742 1680 Mensas-

159 1733 270 1788 que
299 1727 380 1774 est
409 1734 439 1773 a
467 1729 618 1789 porta
643 1718 908 1773 'cxtcriori
932 1718 1220 1788 aquilonis,
1245 1733 1414 1787 usque
1437 1718 1504 1772 ad
1533 1728 1741 1788 portam

158 1811 403 1878 ejusdem
431 1810 696 1879 aquilonis
726 1811 1070 1874 interiorem,
1100 1819 1318 1865 centum
1347 1810 1588 1873 cubitos;
1628 1829 1644 1859 ›
1687 1819 1744 1863 ιιι

1843 625 2014 708 longe
2041 628 2287 696 superius
2332 629 2532 684 dictuut
2577 641 2692 698 est,
2735 633 2859 702 quia
2905 645 3011 690 tres
3043 647 3167 692 sunt
3202 639 3420 694 ordines

1844 718 1980 772 bene
2001 721 2316 788 viventium,
2343 726 2601 780 bonorum
2624 727 2827 783 scilicet
2842 729 3270 799 conjugatorutn,
3295 749 3421 788 con-

1844 814 2149 879 tincntium,
2182 826 2342 884 atque
2373 819 2808 887 przedicatorunt.
2839 823 2983 888 Quos
3013 829 3123 878 tres
3155 825 3418 878 bonorum

1841 907 2080 970 ordines,
2109 910 2233 978 quia
2267 926 2370 963 non
2396 911 2566 964 solum
2599 913 2832 966 Ecclesia
2860 930 2922 966 ex
2957 915 3206 984 gentibus
3238 915 3419 980 habet,

1843 999 1936 1052 sed
1967 1001 2257 1068 aliquando
2295 1004 2454 1056 etiam
2491 1019 2762 1075 synagoga
2807 1005 2987 1059 habuit
3058 1007 3178 1060 dum
3227 1023 3420 1077 magna

1845 1090 2128 1145 multitudo
2151 1093 2471 1162 spiritalium
2501 1096 2875 1166 Redemptoris
2898 1112 3122 1165 gzauam
3167 1097 3420 1153 ardenter

1845 1183 2196 1251 exspectavit,
2228 1191 2379 1252 porta
2406 1185 2644 1241 caelestis
2673 1188 2884 1242 aedilicii
2915 1197 3024 1242 tres
3055 1189 3198 1254 hinc,
3231 1199 3284 1244 et
3312 1198 3423 1243 tres

1847 1271 1970 1326 inde
1993 1273 2260 1328 thalamos
2287 1273 2469 1339 habet,
2499 1276 2623 1344 quia
2663 1277 2981 1345 prwdicator
3007 1279 3251 1348 quisque,
3300 1294 3420 1332 cum

1846 1362 1912 1415 ad
1940 1379 2228 1433 supernam
2258 1367 2486 1435 patriam
2530 1367 2830 1423 auditorem
2868 1377 3144 1438 provocat,
3175 1381 3228 1424 et
3259 1385 3426 1426 novos

1846 1463 2027 1523 patres
2050 1464 2103 1509 et
2127 1467 2341 1513 veteres
2361 1458 2643 1514 anhelasse
2675 1459 2878 1515 cmlesti
2907 1461 3172 1524 desiderio
3205 1462 3428 1516 demon-

1847 1553 2002 1599 strat.
2028 1545 2154 1602 Plus
2178 1549 2320 1602 enim
2353 1549 2669 1620 plerumque
2707 1551 2949 1622 exempla
2981 1568 3142 1621 quam
3170 1555 3428 1623 prtedica-

1849 1637 2012 1692 tionis
2039 1638 2200 1693 verba
2247 1653 2647 1712 compungunt;
2680 1651 2735 1697 ct
2769 1658 2890 1698 cum
2931 1643 3254 1712 pt‘azdicator
3299 1644 3428 1696 dicit

1848 1726 2035 1795 quales
2069 1727 2160 1781 alii
2201 1729 2253 1782 in
2301 1729 2587 1802 conjugio,
2622 1732 2705 1786 vel
2747 1732 2801 1787 in
2841 1734 3195 1798 continentia,
3247 1733 3330 1787 vel
3373 1735 3424 1786 in

1850 1819 2234 1888 pt'azdicalioue
2257 1837 2382 1891 erga
2410 1823 2793 1891 omnipotentis
2819 1825 2910 1878 Dei
2935 1840 3171 1879 amorem
3203 1825 3254 1878 in
3281 1823 3427 1877 Novo

162 1901 254 1956 his
297 1900 450 1969 quasi
508 1900 762 1970 gradibus
821 1911 981 1969 atque
1035 1901 1302 1954 mensuris
1349 1901 1664 1954 recedentes
1713 1916 1740 1950 :t
1775 1887 1818 1944 Β
1850 1907 2199 1962 Testamento
2232 1908 2450 1972 fuerint,
2486 1912 2568 1966 vel
2602 1913 2691 1966 alii
2720 1914 2907 1982 quales
2937 1915 2986 1967 itt
3035 1915 3234 1976 Veteri,
3273 1927 3427 1983 porta

155 1999 322 2060 porta
364 1991 642 2052 exteriori,
671 1991 734 2043 ad
763 1991 1074 2048 interiorem
1117 1991 1397 2060 petvcnire
1429 1989 1738 2044 valeamus:

158 2084 227 2135 de
249 2080 403 2149 cujus
428 2083 632 2136 muneri
656 2091 996 2138 sacramento
1017 2097 1178 2152 supra
1206 2081 1407 2137 dictum
1433 2078 1743 2153 est.(Greg.)

160 2173 327 2230 Porta
353 2175 548 2229 eteaitn
584 2175 722 2228 viam
749 2173 1013 2244 aquilonis
1038 2173 1288 2242 respicit;
1321 2189 1444 2226 cum
1480 2173 1748 2242 praedica-

162 2277 253 2320 tor
282 2265 509 2336 quisqne
540 2265 706 2318 vitam
755 2265 1058 2334 peccatoris
1098 2263 1374 2335 agnoscit,
1418 2263 1578 2333 eique
1613 2265 1747 2320 inte-

161 2357 310 2410 riora
363 2356 482 2409 vita:
518 2371 614 2425 per
648 2356 872 2410 verbum
925 2355 1097 2426 aperit
1143 2355 1562 2424 pucdicationis.
1619 2357 1748 2422 Quze

159 2453 320 2513 porta
365 2443 487 2497 atrii
536 2443 823 2498 exterioris
866 2443 1083 2498 dicitur.
1134 2444 1386 2501 Exterius
1429 2445 1625 2515 quippe
1667 2452 1750 2498 est

159 2539 368 2592 atrium
394 2538 501 2592 vita
529 2551 762 2608 pncsens
780 2575 794 2601 ,
821 2535 873 2589 in
896 2551 1006 2604 qua
1039 2549 1200 2590 omne
1222 2536 1368 2605 quod
1394 2536 1751 2606 corporaliter

159 2629 365 2701 agitur,
397 2627 750 2698 corporaliter
773 2625 936 2682 etiam
961 2625 1174 2681 videtur
1201 2643 1215 2680 :
1241 2642 1362 2696 qua:
1400 2637 1507 2680 tam
1546 2629 1596 2682 in
1630 2627 1750 2681 lun-

161 2722 407 2793 gitudinc
430 2736 594 2789 quam
626 2720 677 2772 itt
711 2719 996 2773 latitudine
1027 2726 1372 2773 mensuratur
1404 2735 1416 2769 :
1459 2718 1582 2786 quia
1624 2733 1747 2772 cum

161 2813 234 2866 ad
267 2812 424 2866 fidem
447 2819 698 2880 peccator
721 2811 956 2875 ducitur,
979 2823 1204 2864 necesse
1225 2817 1323 2872 est,
1347 2817 1408 2863 ut
1427 2807 1541 2878 ejus
1560 2808 1753 2863 doctor

162 2906 516 2969 consideret,
569 2905 655 2960 vel
705 2913 964 2974 quantum
1023 2903 1076 2957 in
1140 2902 1525 2972 longitudinem
1592 2903 1746 2973 spei,

162 2997 254 3050 vel
293 3004 551 3065 quantunt
594 2995 647 3050 in
686 2995 1025 3050 latitudinem
1069 2994 1354 3049 charitatis
1397 3008 1460 3047 ex
1501 2992 1616 3061 ejus
1657 2993 1751 3046 ad-

164 3088 466 3144 monitione
515 3086 778 3158 proftciat.
832 3085 931 3153 Qui
990 3085 1133 3141 enim
1190 3087 1257 3140 ad
1307 3085 1473 3139 Deum
1523 3100 1750 3139 convcr-

166 3182 323 3244 titur,
368 3179 413 3234 si
452 3178 629 3233 adhuc
679 3177 818 3232 bona
867 3177 990 3233 vita:
1029 3176 1311 3246 praesentis
1344 3184 1556 3246 sperat,
1582 3175 1752 3245 longi-

168 3271 417 3326 tudinem
447 3285 551 3324 non
580 3269 771 3323 habet:
801 3268 925 3338 quia
957 3268 1136 3322 brevis
1156 3275 1238 3322 est
1265 3267 1372 3320 vita
1397 3267 1448 3320 in
1473 3282 1576 3337 qua
1600 3281 1752 3336 spem

166 3361 373 3432 posuit.
399 3359 456 3414 Si
488 3375 586 3431 per
633 3367 968 3413 terrenarum
1007 3373 1189 3412 rerum
1225 3356 1752 3426 concupiscentiam,

168 3459 228 3504 et
255 3449 431 3503 adhuc
470 3447 704 3518 proximi
743 3447 924 3501 odium
957 3455 1372 3517 coangustatur,
1417 3445 1752 3500 latitudinem

171 3555 281 3594 non
308 3539 490 3602 habet,
527 3538 652 3608 quia
687 3536 860 3593 nescit
891 3536 974 3591 vel
1020 3537 1332 3592 transitoria
1375 3546 1753 3600 contemnere,

169 3627 260 3683 vel
284 3643 343 3684 se
374 3629 428 3683 in
451 3627 682 3698 proximi
722 3642 907 3683 amore
937 3627 1185 3682 dilatare.
1217 3626 1349 3681 Cum
1381 3641 1510 3682 vero
1533 3642 1758 3682 conver-

171 3735 270 3775 sus
301 3720 529 3789 quisque
553 3727 769 3774 teternaa
807 3718 930 3774 viue
963 3717 1154 3789 gaudia
1207 3717 1584 3788 longanimiter
1631 3732 1755 3786 spe-

171 3817 282 3874 rat,
312 3810 676 3880 proximorum
701 3807 980 3863 molestias
1007 3822 1132 3861 cutn
1161 3807 1425 3860 cbaritate
1455 3805 1681 3871 tolerat,
1703 3814 1757 3860 et

171 3915 240 3954 ea
270 3914 393 3970 quae
417 3913 524 3953 non
553 3897 712 3952 habet
745 3896 1133 3966 concupiscere
1168 3896 1501 3959 contemnit,
1529 3895 1760 3966 longitu-

175 3991 359 4046 dinem
382 3998 437 4043 ct
462 3988 799 4044 latitudinem
823 3996 976 4058 porta
1003 3987 1186 4051 habet,
1211 3987 1335 4056 quia
1363 3985 1531 4056 gloria
1565 3985 1763 4055 praeli-

174 4080 387 4138 catoris
410 4089 516 4144 est,
547 4077 823 4148 prolectus
839 4077 1100 4132 auditoris
1126 4091 1140 4129 :
1165 4076 1305 4130 unde
1326 4075 1642 4144 quibusdam
1667 4089 1764 4144 per

177 4183 439 4240 magnum
464 4167 874 4238 praedicatorem
895 4167 1126 4222 dicitur:
1160 4184 1178 4216 ι
1210 4164 1476 4220 Gaudium
1510 4181 1686 4220 meum
1710 4175 1764 4220 et

176 4273 386 4316 corona
429 4273 546 4313 mea
587 4255 755 4330 (Phil.
800 4259 896 4327 tv).
931 4277 948 4310 ι
985 4257 1050 4312 Ει
1099 4273 1330 4313 rursus:
1383 4275 1400 4306 ι
1441 4257 1576 4312 Ecce
1622 4273 1764 4312 nunc

178 4352 328 4417 vivo,
361 4349 405 4405 si
441 4364 535 4404 vos
564 4348 720 4404 statis
749 4349 801 4402 itt
832 4348 1059 4402 Domino
1088 4346 1140 4419 (Ι
1177 4347 1357 4402 Thess.
1393 4348 1497 4418 tu).
1540 4367 1557 4400 ι
1585 4348 1766 4417 Atque

181 4445 418 4499 iterum:
452 4461 469 4493 ι
499 4440 627 4508 Qua:
664 4451 745 4496 est
784 4441 928 4496 enim
973 4449 1152 4495 nostra
1186 4456 1328 4511 spes,
1361 4449 1452 4494 aut
1477 4439 1765 4510 gaudium?

1851 2014 1970 2068 qua:
2019 1999 2257 2069 loquitur
2291 2009 2475 2056 ternos
2521 2019 2582 2056 ex
2639 2013 2866 2072 utroque
2915 2006 3083 2059 latere
3126 2006 3324 2060 habere
3372 2022 3429 2059 se

1852 2089 2118 2145 thalamos
2154 2092 2410 2146 ostendit.
2438 2092 2566 2159 Qua:
2588 2105 2740 2161 porta
2769 2093 2928 2148 habet
2949 2104 3002 2147 et
3027 2094 3276 2160 frontem,
3303 2097 3425 2164 quia

1850 2192 1976 2237 sunt
2011 2184 2064 2238 in
2095 2183 2468 2254 prtedicatoris
2504 2185 2611 2238 vita
2661 2195 2845 2255 aperta
2883 2203 3046 2256 opera
3084 2204 3202 2256 qua:
3244 2189 3429 2242 viden-

1853 2280 1960 2325 tttr.
1991 2271 2166 2327 llabet
2195 2281 2252 2326 et
2289 2283 2417 2326 ante
2459 2272 2690 2328 frontem
2719 2275 3069 2338 vestibulum,
3099 2277 3220 2344 quia
3253 2277 3431 2346 prius-

1853 2379 2016 2432 quam
2044 2364 2182 2417 hona
2201 2378 2364 2433 Opera
2386 2364 2644 2429 insinuet,
2669 2366 2924 2434 praedicat
2948 2368 3125 2432 tidem,
3158 2383 3428 2437 perquam

1852 2456 2032 2508 anima
2062 2455 2340 2508 humiliter
2369 2456 2588 2510 veniens
2615 2457 2680 2510 ad
2709 2458 2968 2510 bonorum
3005 2467 3218 2511 actuum
3247 2458 3430 2511 altitu-

1853 2544 2034 2598 dinem
2067 2542 2378 2599 sublevatur
2404 2559 2418 2598 :
2443 2559 2562 2613 qua:
2590 2555 2780 2598 cuncta
2804 2547 3096 2600 secundum
3123 2562 3428 2601 mensuram

1851 2644 2022 2705 porta:
2053 2636 2251 2705 prioris
2279 2646 2422 2702 sunt,
2442 2636 2598 2705 juxta
2623 2637 2726 2691 hoc
2752 2637 2892 2705 quod
2919 2638 3164 2692 subditur
3190 2657 3202 2692 :
3240 2659 3256 2690 ι
3296 2639 3430 2705 Quia

1855 2741 2073 2780 mensus
2122 2736 2207 2781 cst
2250 2727 2645 2797 quinquaginta
2693 2727 2995 2781 cubitorum
3048 2728 3429 2800 longitudinem

1855 2816 1988 2885 ejus,
2015 2825 2070 2870 et
2089 2817 2426 2871 latitudinem
2448 2817 2628 2887 viginti
2653 2818 2890 2886 quinque
2914 2817 3236 2871 cubitorum.
3266 2838 3283 2869 ι
3309 2817 3433 2872 ll;rc

1847 2903 1960 2973 jam
2011 2906 2257 2976 superius
2311 2906 2472 2961 latius
2520 2920 2604 2960 me
2655 2908 2856 2962 dixisse
2930 2907 3268 2962 meministis.
3331 2907 3436 2962 Per

1853 2997 2374 3067 quinquagenarium
2413 2999 2557 3051 enim
2603 3013 2884 3051 numerum
2926 2998 3166 3066 requiem
3204 2998 3436 3052 diximus

1857 3086 2096 3158 figurari,
2126 3087 2252 3157 quia
2274 3096 2328 3142 ct
2347 3087 2826 3159 quinquagesimus
2853 3104 3025 3142 anuus
3049 3088 3218 3142 veteri
3242 3087 3437 3158 populo

1859 3178 1910 3231 in
1944 3177 2184 3246 requiem
2209 3177 2364 3232 datus
2389 3186 2493 3242 est,
2528 3179 2617 3247 qui
2647 3177 2941 3247 appellatus
2968 3187 3050 3232 est
3074 3178 3322 3248 jubilaeus
3345 3197 3356 3230 :
3383 3188 3437 3233 et

1812 3276 1823 3290 ‘
1857 3264 2197 3338 septenarius
2236 3285 2522 3332 numerus,
2566 3284 2663 3338 per
2691 3287 2869 3341 .quem
2895 3271 2996 3325 hoc
3035 3286 3194 3325 omne
3229 3279 3436 3340 tempus

1853 3360 2143 3430 evolvitur,
2169 3360 2365 3430 septies
2387 3359 2776 3430 multiplicatus
2799 3362 2864 3416 ad
2887 3362 3243 3432 quadraginta
3266 3371 3320 3416 et
3345 3379 3440 3416 no-

1855 3465 1975 3504 vem
2013 3450 2264 3515 ducitur;
2309 3451 2394 3505 cui
2440 3466 2580 3505 unus
2627 3451 2862 3515 additur,
2891 3453 3014 3521 quia
3046 3453 3100 3506 in
3129 3453 3286 3506 unius
3314 3468 3440 3506 con--

1859 3543 2207 3612 tetnplatione
2254 3543 2468 3613 requies
2516 3551 2717 3596 mterna
2766 3543 3062 3611 perficitur.
3116 3543 3260 3596 Idem
3308 3557 3438 3609 ergo

1856 3633 2349 3704 quinquagenarius
2369 3650 2625 3688 numerus
2653 3633 2809 3688 nobis
2843 3633 2894 3686 in
2919 3633 3307 3704 longitudinem
3333 3643 3437 3695 est,

1857 3725 1980 3793 quia
2010 3722 2294 3793 pervenire
2319 3723 2387 3776 ad
2412 3723 2557 3776 illaut
2591 3723 2829 3791 requiem
2859 3736 2961 3776 non
2992 3730 3188 3791 potest,
3215 3723 3315 3776 nisi
3346 3724 3438 3791 qui

1857 3813 1924 3867 ad
1954 3827 2076 3868 eam
2111 3827 2260 3881 spem
2299 3826 2450 3866 suam
2484 3811 2644 3865 modo
2676 3811 2896 3864 tendere
2937 3810 3317 3880 longanimiter
3347 3825 3440 3879 po-

1861 3911 1986 3956 test.
2034 3901 2188 3958 Unde
2235 3912 2290 3956 et
2327 3901 2416 3956 hic
2452 3908 2576 3971 post
2619 3899 3006 3972 longitudinem
3051 3901 3440 3970 quinquaginta

1859 3994 2163 4049 cubitorum
2215 3991 2464 4060 protinus
2517 3991 2740 4044 latitudo
2785 3991 3125 4060 subjungitur
3162 3991 3347 4061 viginti
3385 4000 3442 4045 et

1861 4086 2097 4154 quinque
2127 4083 2463 4145 cubitorum;
2499 4097 2618 4150 quas
2645 4080 2894 4135 videlicet
2918 4079 3142 4134 latitudo
3171 4081 3238 4135 ad
3263 4080 3444 4134 chari-

1863 4183 2026 4228 tatem
2057 4173 2290 4244 proximi
2324 4173 2577 4242 pertinet.
2604 4171 2722 4239 Ipsa
2749 4171 2891 4226 enim
2922 4171 2974 4223 in
3001 4169 3226 4224 fratrum
3257 4185 3442 4224 amore

1864 4281 1922 4321 se
1969 4267 2178 4326 dilatat,
2222 4275 2383 4334 atque
2428 4279 2556 4334 erga
2597 4277 2692 4318 eos
2734 4275 2892 4317 onme
2932 4263 3072 4332 quod
3113 4270 3288 4332 potest
3315 4261 3441 4317 boui

1864 4356 2045 4426 operis
2072 4363 2312 4410 exercet.
2343 4351 2551 4408 Cuncta
2596 4361 2773 4406 autem
2817 4351 2954 4405 bona
2991 4365 3151 4420 Opera
3180 4366 3298 4420 qua:
3326 4365 3443 4405 cor-

1866 4447 2123 4518 poraliter
2151 4445 2302 4508 fiunt,
2329 4458 2426 4514 per
2450 4444 2688 4513 quinque
2723 4457 3014 4512 corporeus
3054 4457 3248 4497 sensus
3289 4443 3442 4496 exhi-

180 4549 364 4590 ttonnc
394 4548 486 4589 vos
516 4541 640 4588 ante
667 4531 984 4586 Dominum?
1006 4531 1055 4603 (1
1084 4530 1260 4586 Thess.
1292 4533 1372 4601 tt).
1411 4551 1428 4582 ι
1461 4531 1761 4602 Longitudo
1795 4570 1840 4627 υ
1868 4539 2092 4601 bentur;
2149 4534 2417 4598 videlicet,
2473 4549 2569 4602 per
2613 4533 2817 4597 visum,
2877 4533 3150 4595 auditum,
3202 4540 3440 4598 tactum,

181 4643 316 4698 ergo
345 4634 401 4682 ct
423 4625 648 4680 latitudo
677 4633 844 4694 porta:
865 4631 966 4687 est,
995 4638 1113 4692 qua:
1146 4623 1212 4676 ad
1253 4624 1556 4691 aquilonem
1589 4624 1758 4693 respi-

183 4719 305 4772 cit:
337 4717 460 4786 quia
509 4731 633 4770 cum
677 4713 943 4769 infidelem
979 4716 1286 4783 quempiam
1336 4713 1387 4765 in
1433 4712 1638 4780 peccati
1679 4713 1758 4765 sui

184 4807 392 4878 frigore
435 4813 731 4874 torpentem
778 4801 1096 4872 praulicator
1138 4804 1204 4856 ad
1258 4802 1416 4856 fidem
1463 4803 1729 4856 convertit

181 4911 288 4969 per
325 4895 428 4949 hoc
477 4892 618 4964 quod
669 4908 790 4949 eum
839 4893 890 4946 in
935 4891 1315 4963 longitudinem
1383 4892 1498 4962 spei
1557 4891 1760 4953 tendit,

180 4997 248 5042 et
308 4986 362 5039 in
412 4984 816 5056 amplitudinem
867 4985 1147 5039 charitatis
1199 4984 1422 5050 dilatat,
1483 4982 1597 5051 ejus
1653 4983 1766 5054 glo-

186 5079 332 5135 riam
387 5093 539 5133 suam
595 5075 723 5130 facit
766 5093 779 5129 :
824 5083 877 5129 ct
924 5075 1048 5146 quia
1101 5075 1153 5128 in
1196 5076 1554 5144 cognitionem
1591 5075 1767 5128 Trini-

186 5169 324 5222 tatis
361 5177 559 5221 sanctxe
600 5179 667 5220 ex
710 5166 874 5221 verbo
922 5165 1316 5236 praedicationis
1347 5165 1620 5220 auditores
1649 5167 1768 5235 qui-

188 5272 300 5328 que
341 5257 392 5312 in
432 5256 670 5324 ejusdem
713 5258 993 5313 Trinitatis
1023 5272 1208 5312 amore
1242 5256 1549 5326 proficiunt.
1595 5257 1767 5312 liabet

190 5349 314 5404 lucc
339 5347 523 5401 eadem
568 5357 722 5418 porta
754 5349 1019 5403 thalamos
1051 5355 1160 5401 tres
1203 5347 1329 5401 hinc
1371 5356 1421 5400 et
1453 5357 1564 5402 tres
1595 5348 1720 5401 inde
1749 5365 1762 5400 :

191 5439 322 5510 quia
348 5454 507 5493 omne
531 5441 672 5509 quod
707 5455 805 5509 per
827 5440 1232 5495 Testamentum
1274 5436 1475 5493 Novum
1507 5439 1572 5493 de
1594 5439 1768 5500 TrJni-

193 5539 310 5584 tate
343 5529 590 5584 conditor
634 5529 892 5599 loquitur,
930 5531 1032 5586 hoc
1072 5530 1269 5585 etcnitn
1312 5529 1378 5584 de
1423 5530 1770 5585 Testamento

199 5618 378 5673 Veteri
408 5620 660 5686 ostendit,
693 5630 748 5674 et
767 5637 862 5676 cor
883 5623 1210 5676 audientium
1241 5622 1295 5675 in
1325 5637 1508 5676 amore
1535 5622 1772 5676 caelestis

196 5709 392 5775 patria:
417 5708 624 5776 perlicit
653 5728 665 5763 :
698 5719 758 5763 ttt
781 5711 955 5765 anima
1003 5713 1213 5766 luercus
1243 5711 1352 5767 Deo
1391 5713 1542 5780 quasi
1575 5728 1768 5780 sponsa

195 5814 323 5852 cum
354 5813 549 5867 sponso
572 5800 621 5852 in
650 5800 877 5869 quodaut
914 5800 1024 5868 jam
1075 5800 1307 5854 thalamo
1346 5800 1526 5852 sedeat
1612 5809 1770 5867 atque

1867 4635 2108 4698 gustum,
2169 4625 2470 4680 odoratum.
2538 4623 2831 4691 Quinarius
2867 4637 2992 4676 vero
3045 4637 3300 4677 numerus
3348 4639 3445 4692 per

1867 4715 2220 4785 semetipsum
2261 4715 2487 4778 ductus,
2533 4713 2598 4766 ad
2631 4712 2944 4766 vicesimum
2977 4718 3032 4764 ct
3055 4710 3300 4780 quintum
3329 4727 3448 4779 per-

1865 4810 2039 4874 venit,
2071 4809 2198 4878 quia
2226 4809 2387 4878 .bona
2416 4823 2578 4877 opera
2609 4821 2730 4860 cum
2762 4805 2842 4874 agi
2885 4803 3178 4872 cmperiut,
3211 4819 3308 4872 per
3336 4801 3445 4856 fer-

1869 4915 2052 4954 vorem
2071 4901 2308 4953 auimunt
2329 4898 2398 4952 ad
2417 4905 2760 4965 augmentum
2784 4894 3040 4956 excitant,
3064 4903 3116 4946 et
3138 4910 3236 4964 per
3252 4902 3448 4948 semet-

1868 4991 1979 5060 ipsa
2010 4989 2472 5058 multiplicantur:
2503 4985 2644 5039 unde
2678 4994 2733 5038 et
2778 4983 3114 5037 latitudinem
3165 4983 3328 5037 menti
3367 4982 3448 5036 fa-

1869 5081 2038 5144 ciunt,
2066 5088 2125 5134 ut
2151 5095 2257 5133 non
2283 5078 2353 5132 sit
2380 5084 2604 5146 augusta
2635 5089 2731 5144 per
2764 5082 2998 5143 teporem
3019 5114 3032 5136 ,
3073 5073 3166 5127 sed
3207 5088 3444 5142 expansa

1870 5173 1922 5226 in
1950 5173 2107 5227 bonis
2135 5171 2342 5225 actibus
2368 5184 2462 5238 per
2495 5167 2836 5222 charitatem.
2865 5163 3052 5219 Omnis
3073 5164 3212 5218 enim
3240 5173 3442 5232 torpor,

1872 5262 2073 5332 teporis
2103 5260 2346 5328 angustia
2377 5267 2477 5313 est.
2513 5257 2699 5312 Omnis
2726 5270 2854 5309 vero
2883 5255 3182 5324 benignitas
3207 5254 3443 5308 charita-

1877 5355 1960 5417 tis,
1984 5368 2174 5422 magna
2198 5351 2452 5414 latitudo;
2477 5365 2603 5402 nam
2625 5348 2727 5402 etsi
2751 5361 2837 5400 res
2863 5346 3053 5399 desunt
3075 5361 3191 5414 qua:
3219 5344 3448 5400 fortasse

1877 5444 2135 5515 indigenti
2167 5443 2412 5512 proximo
2449 5441 2820 5510 praebeantur,
2866 5440 3040 5508 ampla
3085 5448 3168 5494 est
3198 5440 3449 5493 substan-

1879 5536 1949 5588 tia
1992 5534 2284 5588 voluntatis
2313 5533 2499 5596 bonat,
2532 5546 2651 5602 qua:
2679 5531 2872 5586 sul‘ticit
2919 5532 2985 5585 ad
3029 5530 3179 5601 regni
3222 5531 3452 5585 retribu-

1879 5625 2109 5687 tionem,
2138 5625 2278 5678 sicut
2308 5625 2568 5692 scriptum
2607 5629 2726 5676 est:
2768 5641 2785 5671 ι
2824 5621 2878 5674 ln
2915 5629 3055 5674 terra
3088 5635 3186 5688 pax
3223 5620 3452 5674 homini-

1879 5715 1978 5768 bus
2003 5715 2154 5766 bome
2180 5713 2471 5766 voluntatis
2498 5712 2645 5782 (Luc.
2677 5710 2760 5780 tt).
2799 5732 2815 5760 ι

1957 5825 1974 5853 ι
2012 5803 2298 5864 Fenrstra‘,
2321 5803 2510 5870 inquit,
2527 5801 2641 5868 ejus
2661 5810 2711 5854 ct
2737 5798 3074 5862 vestibulum,
3095 5808 3148 5852 et
3169 5797 3454 5867 sculptura:
