3950 6322
531 355 626 410 931

1186 345 1248 404 Β.
1292 346 1545 405 RABANI
1584 345 1806 405 MAURI
1843 344 2164 401 ARCHIEF.
2208 341 2517 400 MOGUNT.
2558 341 2844 400 OPERUM
2883 342 3062 400 PARS
3099 343 3165 400 ll.

3717 345 3808 401 93?.

533 467 824 524 secundum
849 478 1157 520 mensuram
1173 473 1342 534 porta:
1361 479 1481 534 quae
1506 463 1828 532 respiciebat
1849 460 1914 515 ad
1938 457 2116 515 urieu-
2142 464 2189 524 Α
2220 460 2443 530 pientia.
2494 459 2589 514 Est
2637 462 2837 514 etenim
2892 459 3054 514 timor
3093 457 3307 512 Domini
3356 457 3409 512 in
3459 467 3679 513 mente:
3724 461 3805 514 sed

532 568 658 610 tem.
695 576 713 608 ι
752 555 954 616 Cuncta
987 555 1100 608 haec
1125 555 1238 623 jam
1277 555 1524 623 superius
1570 554 1732 608 latius
1772 553 1914 607 dicta
1958 561 2112 610 sunt.

531 658 584 701 et
621 647 821 701 idcirco
851 660 1031 699 sermo
1063 661 1166 700 non
1205 645 1363 701 debet
1397 659 1604 700 morosa
1647 643 1984 711 expositione
2011 651 2116 694 tar-

531 739 667 791 dari.
699 737 814 792 lloc
859 747 1038 791 tamen
1093 752 1420 808 magnopere
1469 736 1762 791 notandum
1805 742 1921 796 est,
1973 733 2114 801 quod

529 837 685 898 porta
735 828 801 882 ad
836 827 1142 896 aquilonem
1195 843 1258 883 ea
1302 829 1482 883 omnia
1529 829 1728 882 habere
1777 826 2114 895 perhibetur,

497 899 513 912 ’
531 935 649 990 qua:
672 927 824 988 porta
852 920 919 972 ad
946 918 1238 983 orientem,
1270 917 1535 973 fenestras
1558 916 1764 972 scilicet
1785 915 2118 984 contempla-

529 1010 716 1074 tionis,
752 1009 1070 1064 vestibulum
1097 1008 1433 1071 humilitatis,
1469 1007 1771 1075 senlpturas
1809 1007 1962 1060 bona:
1986 1020 2115 1074 ope-

526 1100 774 1155 rationis.
803 1098 1002 1156 Omnes
1030 1100 1175 1154 enim
1209 1099 1302 1170 qui
1330 1114 1426 1169 per
1453 1100 1556 1154 hoc
1584 1099 1726 1168 quod
1757 1099 1866 1153 Deo
1904 1097 1957 1150 in
1987 1111 2114 1152 con-

528 1195 836 1250 versatione
883 1194 994 1246 nati
1051 1202 1176 1246 sunt
1236 1194 1291 1246 in
1357 1191 1666 1246 innocentia
1723 1189 2113 1258 perstiterunt,

525 1295 736 1353 portam
763 1282 830 1336 ad
852 1283 1119 1337 orientem
1153 1281 1355 1337 habent
1385 1300 1396 1334 :
1423 1282 1549 1350 quia
1583 1280 1662 1335 eis
1691 1278 2114 1348 cwlestis-regui

527 1379 708 1432 aditus
736 1386 887 1446 patet
934 1392 963 1430 a
1014 1375 1214 1430 lumine
1262 1375 1403 1446 quod
1437 1379 1782 1444 acceperint.
1822 1371 1888 1425 Et
1928 1385 2117 1450 omnes

526 1467 616 1537 qui
651 1467 704 1520 in
733 1467 968 1536 peccatis
993 1467 1333 1535 postmodum
1365 1463 1500 1533 lapsi
1543 1462 1775 1532 torporis
1803 1461 1885 1514 sui
1915 1459 2115 1530 frigore

523 1567 651 1614 sunt
678 1557 943 1628 depressi,
967 1558 1060 1613 sed
1086 1572 1178 1626 per
1201 1556 1572 1626 pmnitentiam
1601 1556 1848 1617 redeunt,
1874 1552 1940 1605 ad
1968 1566 2117 1606 amo-

524 1663 638 1701 rem
671 1647 911 1701 caelestis
939 1646 1130 1715 patria:
1163 1646 1523 1708 recalescunt,
1556 1652 1766 1714 portam
1809 1643 1873 1696 ad
1907 1640 2116 1710 aquilo-

524 1752 645 1790 nem
682 1737 915 1790 habent:
945 1735 1068 1805 quia
1103 1736 1182 1789 cis
1215 1737 1378 1788 etiam
1408 1744 1528 1804 post
1557 1734 1763 1803 peccati
1792 1731 1874 1785 sui
1917 1730 2114 1801 frigora

2216 549 2392 620 qualis
2422 550 2521 604 iste
2553 551 2714 605 timor
2744 558 2846 614 est,
2878 551 2922 604 si
2951 565 3071 604 cum
3101 564 3166 604 eo
3194 549 3371 618 pietas
3413 562 3522 602 non
3566 555 3690 605 est?
3716 549 3806 617 Qui

2217 641 2360 695 enim
2401 641 2649 696 misereri
2684 641 2932 710 proximo
2982 640 3225 711 ignorat,
3279 639 3371 708 qui
3413 642 3657 708 compati
3705 639 3808 708 eius

2219 732 2548 786 tribulationi
2577 733 2900 797 dissimulat,
2931 733 3090 801 hujus
3120 732 3283 786 timor
3317 738 3444 786 ante
3473 732 3807 801 omnipoten-

2220 824 2287 878 tis
2303 825 2394 878 Dei
2412 823 2596 879 oculos
2619 824 2794 879 nullus
2813 832 2918 888 est,
2935 825 3061 892 quia
3086 838 3190 876 non
3209 823 3523 878 sublevatur
3551 824 3619 876 ad
3641 824 3805 893 pieta~

2221 925 2346 970 tem.
2374 913 2480 969 Sed
2503 929 2644 984 srcpe
2669 914 2842 985 pietas
2863 929 2959 984 per
2990 914 3350 967 inordinatam
3386 912 3805 968 misericordiam

2217 1023 2404 1063 errare
2441 1006 2610 1072 Solet,
2658 1007 2705 1062 si
2761 1006 2993 1061 fortasse
3041 1007 3364 1076 pepercerit,
3393 1021 3513 1074 qua:
3547 1008 3804 1074 parceitda

2218 1115 2322 1152 non
2351 1107 2495 1156 sunt.
2521 1097 2752 1154 Peccata
2782 1097 2951 1163 enim,
2982 1112 3101 1166 quae
3128 1095 3276 1152 feriri
3310 1098 3575 1168 gehenna:
3609 1099 3809 1168 ignibus

2217 1199 2466 1259 possunt,
2496 1188 2796 1258 disciplina:
2819 1196 2948 1242 sunt
2972 1187 3199 1242 verbere
3228 1186 3552 1256 corrigenda
3581 1205 3594 1238 :
3627 1188 3718 1240 sed
3741 1187 3810 1240 in-

2217 1280 2464 1334 ordinata
2497 1278 2673 1348 pietas
2696 1292 2818 1332 cum
2851 1276 3220 1346 temporaliter
3242 1275 3432 1346 parcit,
3464 1282 3534 1330 ad
3557 1284 3806 1330 aeternum

2217 1371 2538 1443 supplicium
2558 1371 2842 1442 pcrtrahit.
2865 1368 2936 1424 Ut
2963 1384 3091 1441 ergo
3115 1385 3241 1424 vera
3266 1377 3319 1424 et
3340 1370 3592 1425 ordinata
3616 1371 3688 1424 sit
3709 1369 3810 1440 pic-

2221 1471 2324 1525 tas,
2351 1462 2415 1516 ad
2438 1461 2664 1532 gradum
2689 1469 2773 1516 est
2794 1459 2958 1514 alium
2976 1457 3329 1523 sublevanda,
3355 1459 3536 1523 idest,
3556 1459 3624 1512 ad
3650 1460 3812 1513 scien-

2224 1551 2352 1605 tiam
2387 1571 2399 1605 :
2431 1560 2490 1605 ut
2521 1552 2690 1617 sciat,
2719 1550 2802 1606 vel
2833 1550 2961 1619 quid
2997 1564 3063 1604 ex
3090 1547 3295 1618 judicio
3326 1550 3545 1620 puniat,
3580 1551 3664 1603 vel
3694 1551 3807 1619 quid

2217 1658 2282 1698 ex
2312 1642 2682 1698 misericordia
2709 1642 2960 1696 dimittat.
2988 1639 3094 1696 Sed
3117 1641 3246 1711 quid
3272 1642 3314 1697 si
3348 1642 3485 1695 sciat
3504 1642 3635 1710 quid
3664 1658 3810 1712 agere

2220 1736 2449 1805 quisque
2481 1735 2674 1812 debeat
2697 1773 2711 1799 ,
2747 1734 3003 1788 virtutem
3042 1747 3171 1788 vero
3204 1733 3397 1802 agendi
3439 1747 3550 1786 non
3601 1733 3824 1788 halscat?

525 1826 676 1896 regni
702 1827 879 1880 aditus
903 1840 1000 1895 per
1019 1825 1448 1880 miscricordiam
1470 1833 1639 1893 patet.
1661 1823 1736 1876 lia
1763 1838 1892 1893 ergo
1916 1821 2116 1876 habere
2146 1821 2192 1877 Β
2221 1826 2457 1882 Seieutia
2480 1839 2610 1896 ergo
2638 1834 2828 1879 nostra
2856 1832 3068 1880 crescat
3088 1823 3155 1878 ad
3189 1823 3589 1888 fortitudinem,
3617 1835 3677 1879 ut
3699 1841 3807 1878 eum

522 1918 720 1971 dicitur
770 1926 926 1986 porta
974 1915 1040 1970 ad
1091 1915 1433 1985 aquilonem,
1475 1929 1595 1983 qua:
1639 1913 1805 1968 habet
1850 1921 2003 1982 porta
2042 1911 2111 1965 ad

523 2013 789 2066 orientem
820 2029 832 2064 :
869 2011 990 2079 quia
1037 2020 1092 2064 et
1121 2010 1364 2063 conversi
1397 2017 1713 2078 peccatores
1750 2007 1831 2060 sic
1868 2006 2114 2059 ditantur

523 2102 836 2167 virtutibus,
871 2103 1012 2155 sicut
1049 2100 1120 2153 illi
1151 2109 1277 2154 sunt
1307 2099 1521 2163 divites,
1552 2098 1641 2166 qui
1681 2096 1877 2152 cadere
1904 2095 1957 2149 in
1989 2110 2114 2166 pec-

522 2202 646 2248 cato
676 2193 1003 2246 vitaverunt.
1041 2191 1191 2247 Unde
1237 2199 1291 2245 et
1322 2190 1619 2245 l’sahnistte
1645 2204 1778 2244 voce
1811 2203 1908 2258 per
1931 2187 2114 2243 Domi-

520 2299 648 2338 num
698 2283 933 2337 dicitur:
971 2304 986 2331 ι
1019 2281 1268 2337 Cincrem
1306 2282 1445 2336 sicut
1483 2296 1678 2351 panem
1720 2280 2113 2334 mandueabam

520 2371 706 2444 (Psat.
734 2373 853 2443 ei),
884 2391 901 2423 i
936 2372 1060 2441 quia
1109 2372 1187 2426 sie
1230 2372 1554 2442 pmniteutes
1597 2371 1802 2440 recepit
1835 2368 2110 2438 utjustos.

519 2463 794 2532 Scriptum
814 2463 1012 2532 quippe
1034 2463 1198 2517 estde
1224 2463 1630 2533 peccatoribus:
1653 2481 1671 2513 ι
1700 2461 1838 2516 Olim
1860 2463 1913 2516 in
1938 2459 2115 2516 cilicio

517 2561 574 2607 et
597 2554 779 2607 cinere
801 2553 1174 2622 pmiiitcntiam
1197 2553 1451 2622 egissent.
1483 2572 1502 2605 ι
1524 2552 1673 2607 Cinis
1692 2567 1822 2623 ergo
1851 2552 1992 2607 sicut
2019 2567 2116 2622 pa—

519 2642 606 2696 nis
627 2643 926 2696 comeditur
951 2659 962 2694 :
989 2640 1204 2711 quando
1230 2642 1296 2696 ad
1320 2641 1559 2696 auctoris
1585 2640 1664 2695 sui
1682 2640 1910 2711 gratiam
1929 2655 2116 2710 pecca-

520 2741 604 2786 tor
632 2746 728 2801 per
749 2732 1128 2804 paenitentiam
1157 2732 1298 2787 sicut
1327 2732 1590 2786 innocens
1615 2741 1921 2787 revocatur.
1946 2729 2112 2786 Porta

519 2824 683 2897 igitur
715 2823 782 2878 ad
813 2823 1121 2894 aquilonem
1161 2825 1323 2879 habet
1361 2823 1630 2879 fenestras
1652 2864 1667 2890 ,
1693 2823 1858 2880 habet
1876 2824 2114 2880 vestibu-

517 2921 648 2978 tum,
682 2915 846 2970 habet
871 2915 1209 2984 sculpturas;
1250 2915 1378 2985 quia
1401 2929 1526 2969 cum
1545 2965 1554 2974 .
1565 2927 1826 2986 peccator
1856 2916 1924 2971 ad
1946 2916 2112 2972 vitam

515 3015 639 3077 post
666 3006 853 3076 culpas
893 3007 1187 3070 reducitur,
1231 3020 1373 3075 saepe
1405 3005 1586 3062 lumen
1633 3007 2112 3079 contemplationis

517 3101 746 3170 accepit,
776 3108 940 3168 atque
971 3100 1036 3152 de
1063 3099 1179 3168 ipsa
1207 3099 1468 3155 memoria
1507 3099 1814 3168 iniquitatis
1851 3115 1963 3155 sua:
1991 3115 2114 3172 gra-

2214 1918 2363 1972 videt
2387 1917 2515 1986 quid
2538 1915 2806 1987 agendum
2834 1916 2926 1980 sit,
2953 1916 3055 1971 hoc
3076 1929 3237 1984 agere
3257 1929 3354 1984 per
3377 1915 3584 1970 mentis
3609 1914 3809 1970 fortitu-

2216 2009 2394 2065 dinem
2419 2007 2594 2078 possit
2621 2025 2632 2061 :
2661 2021 2727 2061 ne
2759 2008 2954 2062 timore
2985 2007 3216 2076 trepidet
3243 2015 3299 2061 et
3335 2020 3542 2075 pavore
3585 2005 3808 2076 collapsa

2216 2115 2322 2153 non
2359 2097 2534 2152 valeat
2559 2098 2699 2152 bona
2721 2095 3012 2151 defendere
3043 2111 3163 2166 qua:
3185 2097 3370 2151 sentit.
3397 2095 3506 2151 Sed
3540 2110 3687 2166 smpe
3714 2094 3808 2150 for-

2217 2189 2410 2254 titudo,
2442 2189 2485 2243 si
2512 2188 2810 2258 improvida
2837 2187 3018 2253 fuerit,
3049 2195 3102 2242 et
3134 2187 3315 2243 minus
3339 2195 3534 2242 contra
3565 2189 3697 2242 vitia
3717 2188 3807 2242 eir-

2216 2286 2546 2348 eumspecta,
2591 2277 2708 2348 ipsa
2732 2277 2814 2331 sui
2844 2277 3266 2347 praesumptione
3298 2277 3581 2332 incassum
3621 2278 3744 2332 ruit.

2285 2369 2560 2424 Ascendat
2596 2383 2724 2440 ergo
2765 2369 2832 2423 ad
2863 2369 3152 2423 consilium
3174 2409 3188 2433 ,
3227 2378 3287 2423 ut
3314 2368 3672 2438 prtevidendo
3700 2385 3759 2439 pr
3781 2387 3812 2417 :-

2215 2468 2432 2516 moveat
2454 2474 2617 2515 omne
2650 2460 2796 2530 quod
2835 2474 2999 2532 agere
3035 2458 3250 2515 fortiter
3288 2469 3467 2531 potest
3515 2479 3528 2515 :
3568 2463 3663 2516 sed
3701 2477 3807 2517 esse

2216 2547 2501 2604 consilium
2526 2564 2632 2604 non
2663 2556 2864 2619 potest,
2897 2549 2942 2604 si
2975 2548 3282 2605 intellectus
3317 2551 3492 2617 deest,
3533 2552 3666 2622 quia
3711 2567 3806 2606 non

2219 2639 2468 2710 intelligit
2496 2639 2696 2695 malum
2723 2641 2866 2710 quod
2893 2649 3140 2711 agentem
3170 2650 3382 2711 gravat,
3423 2642 3700 2712 quomodo
3727 2659 3808 2714 po-

2218 2738 2325 2784 test
2357 2729 2557 2783 bonum
2606 2729 2867 2795 solidare,
2901 2730 3044 2799 quod
3075 2728 3330 2799 adjuvat?
3360 2730 3549 2800 Itaque
3587 2747 3617 2785 a
3647 2733 3807 2787 consi-

2216 2818 2289 2874 lio
2317 2820 2679 2876 ascendamus
2720 2819 2789 2876 ad
2828 2820 3180 2876 intellectum.
3216 2821 3324 2878 Sed
3360 2825 3491 2893 quid
3521 2824 3568 2879 si
3608 2824 3804 2880 intellec

2217 2915 2340 2964 ctus
2363 2923 2561 2981 magno
2591 2911 2811 2979 quidem
2843 2912 3093 2966 acumine
3120 2913 3335 2984 vigilet,
3367 2923 3418 2968 et
3456 2915 3728 2970 moderari
3760 2932 3806 2970 se

2217 3000 2426 3057 nesciat
2460 3016 2558 3071 per
2587 3001 2996 3056 maturitatem?
3023 3001 3106 3056 Ab
3147 3003 3427 3059 intellectu
3473 3020 3608 3076 ergo
3635 3022 3805 3062 ascen-

2220 3091 2380 3146 datur
2420 3091 2489 3147 ad
2524 3091 2846 3169 sapientiam
2890 3111 2902 3145 :
2941 3102 3000 3148 ut
3025 3095 3128 3149 hoc
3157 3096 3301 3164 quod
3328 3105 3488 3151 acute
3518 3097 3805 3152 intellectus

519 3193 649 3246 tiam
693 3195 900 3260 magum
946 3189 1302 3253 humilitatis,
1336 3190 1491 3244 bonae
1528 3205 1742 3260 qucque
1778 3171 2115 3260 operationis

2223 3183 2461 3248 invenit,
2504 3183 2772 3253 sapientia
2811 3191 3021 3238 mature
3048 3185 3320 3254 disponat.
3363 3186 3500 3254 Quia
3539 3187 3704 3257 igitur
3727 3204 3805 3257 per

516 3283 811 3340 efficaciam
845 3283 1009 3338 sumit
1049 3300 1060 3335 :
1103 3291 1162 3337 ut
1195 3298 1353 3336 omne
1383 3283 1526 3352 quod
1552 3283 1668 3337 fieri
1701 3283 2032 3354 praecipitur,
2061 3284 2117 3338 in

515 3376 627 3431 vita
647 3373 763 3444 ejus
782 3375 938 3446 quasi
967 3375 1233 3445 sculptum
1262 3389 1382 3430 esse
1406 3376 1672 3431 videatur.
1697 3395 1714 3427 ί
1740 3374 1958 3445 Septem
1987 3392 2118 3432 vero

516 3468 779 3540 graduum
797 3477 914 3522 erat
935 3484 1191 3524 ascensus
1207 3469 1344 3542 ejus,
1363 3477 1417 3524 et
1441 3467 1768 3523 vestibulum
1785 3475 1913 3522 ante
1927 3483 2066 3521 eam.
2091 3489 2109 3520 ι

518 3558 736 3630 Septem
750 3558 1006 3631 gradibus
1026 3561 1095 3626 ad
1109 3571 1320 3630 portam
1336 3561 1669 3626 ascenditur,
1685 3560 1811 3632 quia
1830 3576 1928 3630 per
1943 3561 2114 3616 sancti

518 3647 754 3722 Spiritus
776 3650 1147 3722 septiformem
1169 3652 1400 3722 gratiam
1426 3651 1605 3706 aditus
1629 3651 1784 3707 nobis
1803 3651 1927 3708 vitae
1953 3651 2116 3707 cmic-

519 3743 617 3798 stls
632 3743 892 3813 aperitur.
909 3743 1080 3811 Quam
1104 3744 1474 3813 septiformem
1494 3745 1726 3816 gratiam
1749 3744 1915 3800 Isaias
1929 3744 1980 3799 in
1998 3745 2116 3816 ipso

523 3843 713 3891 nostro
745 3838 942 3905 capite,
974 3836 1061 3891 vel
1091 3836 1145 3890 in
1181 3837 1298 3906 ejus
1327 3850 1557 3906 corpore
1591 3836 1736 3906 quod
1763 3851 1950 3891 sumus
1989 3850 2120 3891 enu-

519 3940 759 3988 merans,
794 3926 967 3981 dicit:
1008 3945 1025 3978 ι
1065 3925 1395 3996 Requiescet
1429 3943 1592 3997 super
1622 3941 1744 3982 eum
1776 3927 1998 3997 spiritus
2035 3941 2118 3982 sa-

520 4016 744 4085 pientia:
768 4025 822 4070 et
855 4016 1181 4082 intellectus,
1231 4017 1453 4087 spiritus
1482 4016 1696 4071 consilii
1745 4023 1802 4070 et
1844 4015 2115 4071 fortitudio

521 4122 552 4162 ε
585 4122 630 4172 s,
664 4106 886 4176 spiritus
915 4107 1157 4162 scientiae
1178 4115 1233 4162 et
1257 4107 1504 4176 pictatis,
1531 4115 1587 4161 et
1612 4107 1840 4176 replebit
1866 4121 1988 4161 eum
2011 4105 2116 4174 spi-

522 4197 657 4253 ritus
711 4198 920 4253 timoris
969 4199 1181 4254 Domini
1227 4197 1384 4270 (lsai.
1437 4198 1537 4267 ιι).
1587 4197 1734 4264 Quos
1791 4197 1994 4268 gradus
2044 4198 2112 4250 de

523 4287 836 4344 caelestibus
861 4289 1105 4359 loquens,
1129 4289 1506 4345 descendendo
1535 4289 1708 4359 magis
1729 4303 1893 4359 quam
1920 4302 2113 4343 ascen-

524 4377 702 4432 dendo
730 4380 1040 4434 numeravit
1067 4398 1081 4434 :
1113 4379 1362 4435 videlicet
1393 4379 1733 4449 sapientiam,
1761 4379 2112 4444 intellectum,

525 4467 834 4534 consilium,
864 4469 1257 4536 fortitudinem,
1287 4470 1568 4525 scientiam
1588 4511 1603 4535 ,
1634 4471 1886 4540 pietatem
1909 4511 1924 4535 ,
1959 4471 2117 4524 timo-

529 4574 665 4614 rem.
691 4559 758 4613 Et
784 4575 906 4613 cum
939 4561 1198 4630 scriptum
1227 4560 1328 4615 sit:
1353 4580 1370 4611 ‹
1401 4560 1616 4614 Initium
1650 4560 1928 4630 sapientiae
1957 4561 2118 4614 timor

526 4649 741 4704 Domini
772 4647 945 4721 (Paul.
975 4652 1064 4721 cx)
1087 4691 1102 4716 ,
1138 4671 1156 4704 ι
1193 4659 1410 4706 constat
1449 4650 1633 4722 procul
1681 4652 1875 4716 dubio,
1925 4651 2052 4721 quia
2083 4666 2116 4704 a

526 4747 723 4801 timore
753 4747 821 4800 ad
862 4747 1180 4816 sapientiam
1224 4747 1554 4812 ascenditur,
1589 4762 1693 4801 non
1726 4755 1906 4801 autem
1951 4761 1983 4799 a
2029 4761 2116 4800 sa-

523 4837 728 4906 pientia
751 4837 816 4892 ad
848 4838 1092 4892 timoren.
1119 4838 1363 4894 reditur:
1389 4838 1514 4907 quia
1541 4837 1792 4892 nimirum
1817 4836 2112 4907 perfectam

527 4929 696 4984 habet
720 4930 982 5000 sapientia
1013 4930 1354 4986 charitatem.
1384 4931 1451 4985 Et
1473 4931 1740 5000 scriptum
1781 4940 1902 4988 est:
1934 4949 1952 4981 ι
1988 4929 2120 4984 Per-

527 5020 672 5076 fecta
711 5023 958 5076 Charitas
1001 5021 1148 5077 foras
1196 5023 1362 5077 mittit
1399 5023 1648 5078 timorem
1680 5021 1731 5094 (1
1756 5021 1920 5075 Joan.
1957 5022 2054 5093 iv).
2096 5041 2114 5074 δ

530 5111 803 5182 Propheta
831 5127 983 5184 ergo,
1015 5114 1142 5182 quia
1173 5113 1237 5168 de
1269 5113 1584 5168 cmlestibus
1613 5112 1680 5167 ad
1721 5112 1826 5165 ima
1864 5111 2123 5182 loqueba-

531 5214 638 5266 tur,
667 5203 831 5271 cmpit
861 5203 1036 5273 magis
1070 5219 1100 5256 a
1131 5203 1418 5272 sapientia,
1448 5211 1502 5258 et
1527 5203 1804 5258 descendit
1852 5203 1919 5257 ad
1966 5203 2122 5258 timo-

530 5307 668 5346 rem.
698 5291 804 5347 Sed
840 5307 939 5347 nos
966 5292 1059 5362 qui
1109 5308 1141 5346 a
1172 5293 1401 5348 terrenis
1431 5293 1499 5347 ad
1544 5292 1787 5348 cmlestia
1821 5291 2118 5356 tendimus,

531 5381 752 5437 eosdem
787 5380 989 5452 gradus
1023 5382 1361 5437 ascendendo
1385 5396 1753 5446 numeremus,
1784 5389 1893 5435 uta
1927 5381 2120 5434 timore

535 5472 602 5528 ad
636 5473 954 5542 sapientiam
987 5473 1269 5542 pervenire
1295 5472 1586 5526 valeamus.
1615 5472 1672 5526 ln
1708 5478 1888 5545 mente
1914 5471 2116 5526 etenim

536 5573 723 5618 nostra
751 5565 959 5633 primus
983 5562 1318 5618 ascensionis
1340 5572 1423 5618 est
1451 5563 1650 5632 gradus
1684 5564 1846 5618 timor
1869 5562 2083 5617 Domini
2108 5603 2122 5628 ,

537 5658 805 5713 secundus
837 5659 1028 5727 pietas,
1062 5657 1252 5711 tertius
1282 5657 1506 5711 scicntia
1532 5695 1546 5719 ,
1572 5663 1799 5725 quartus
1829 5653 2124 5717 fortitudo,

543 5750 764 5819 quintus
791 5751 1102 5815 censilium,
1132 5760 1317 5806 sextus
1347 5748 1681 5813 intellectus,
1731 5746 1994 5817 septimus
2034 5761 2127 5799 sa-

2225 3275 2474 3330 timorem
2521 3275 2793 3344 surgimus
2844 3276 2910 3329 ad
2956 3277 3253 3346 pietatem,
3307 3293 3406 3348 per
3451 3279 3710 3349 pietatem
3749 3279 3802 3331 ad

2223 3365 2506 3422 scientiam
2553 3365 2835 3431 ducimur,
2874 3379 2973 3436 per
3011 3366 3294 3422 scientiam
3335 3367 3401 3422 ad
3449 3367 3802 3424 fortitudinem

2222 3458 2563 3522 roborantur,
2587 3471 2684 3526 per
2705 3455 3079 3512 fortitudinem
3108 3457 3176 3511 ad
3201 3458 3492 3512 consilium
3525 3459 3799 3523 tendimus,

2219 3562 2318 3618 per
2346 3545 2664 3613 consilium,
2695 3547 2750 3600 in
2779 3546 3053 3602 intellectu
3088 3546 3420 3616 proficimus.
3455 3546 3676 3619 Septem
3699 3564 3802 3620 gra-

2221 3641 2376 3696 dibus
2403 3639 2472 3694 ad
2507 3647 2717 3709 portam
2750 3639 3117 3704 ascendimus,
3146 3652 3246 3708 per
3269 3654 3430 3708 quam
3457 3640 3616 3694 nobis
3643 3639 3800 3694 aditus

2221 3732 2480 3804 spiritalis
2541 3733 2662 3786 vita:
2703 3731 2964 3800 aperitur.
3018 3729 3164 3786 Bene
3205 3737 3391 3785 autem
3435 3729 3639 3784 dicitur
3691 3731 3797 3800 quia

2219 3822 2544 3879 vestibulum
2570 3830 2690 3877 erat
2736 3831 2864 3876 ante
2899 3835 3020 3875 eam
3054 3838 3066 3874 :
3095 3821 3222 3891 quia
3259 3819 3362 3876 nisi
3396 3820 3519 3890 quis
3546 3822 3692 3891 prius
3715 3821 3800 3874 hu-

2220 3914 2507 3969 militatem
2532 3912 2816 3978 habuerit,
2845 3912 2911 3966 ad
2941 3912 3041 3966 hos
3067 3911 3268 3982 gradus
3301 3911 3573 3965 donorum
3600 3912 3794 3982 spirita-

2221 4007 2351 4061 lium
2381 4020 2488 4060 uon
2512 4003 2790 4069 ascendet,
2819 3991 3240 4072 sicut'scriptum
3263 4011 3380 4058 est:
3415 4021 3434 4052 ι
3467 4000 3643 4072 Super
3656 4015 3796 4072 quem

2221 4096 2516 4166 requiescit
2543 4095 2769 4164 spiritus
2795 4108 2968 4157 meus,
2994 4093 3100 4149 nisi
3127 4108 3292 4163 super
3312 4092 3572 4148 humilem
3593 4101 3648 4148 et
3666 4093 3798 4162 quie-

2222 4199 2336 4244 tum
2380 4199 2435 4244 et
2474 4197 2797 4242 trementem
2836 4200 3117 4242 sermones
3153 4186 3340 4242 meos?
3379 4185 3569 4242 Potest
3602 4201 3796 4258 quoque

2219 4299 2320 4356 per
2349 4282 2672 4340 vestibulum
2711 4280 2844 4336 fides
2879 4279 3137 4349 intelligi,
3180 4279 3295 4350 ipsa
3340 4279 3542 4350 quippe
3580 4289 3662 4335 est
3690 4285 3796 4332 ante

2222 4374 2423 4446 gradus
2451 4382 2504 4429 et
2533 4380 2770 4444 portam,
2801 4371 2927 4441 quia
2958 4369 3110 4439 prius
3139 4369 3205 4423 ad
3237 4367 3398 4424 fidem
3427 4369 3707 4432 venimus,
3748 4375 3794 4419 ut

2224 4467 2564 4539 postmodum
2603 4478 2701 4534 per
2737 4460 3062 4533 spiritalium
3099 4461 3364 4515 donorum
3393 4457 3625 4530 gradus,
3657 4457 3796 4512 coale-

2224 4557 2322 4612 stis
2350 4557 2474 4612 vitae
2502 4554 2709 4609 aditum
2739 4553 3008 4606 intremus
3043 4568 3056 4604 :
3088 4565 3195 4604 non
3225 4549 3371 4604 enim
3402 4549 3691 4604 virtutibus
3717 4563 3796 4601 ve-

2225 4651 2371 4704 nitur
2395 4649 2463 4704 ad
2488 4647 2676 4711 fidem,
2707 4645 2802 4700 sed
2829 4643 2933 4700 fide
2964 4642 3293 4714 pertingitur
3327 4641 3395 4695 ad
3434 4640 3684 4695 virtutes.
3710 4637 3798 4694 Per

2224 4741 2382 4795 fidem
2406 4753 2538 4808 ergo
2565 4735 2712 4790 venit
2738 4734 2806 4789 ad
2832 4747 3020 4803 opera,
3045 4732 3136 4787 sed
3165 4746 3265 4801 per
3286 4745 3453 4800 opera
3480 4728 3735 4784 solidatur
3752 4725 3797 4779 in

2225 4833 2350 4888 fide.
2384 4827 2719 4884 Vestibulum
2760 4827 2947 4895 itaque
2986 4833 3111 4878 ante
3148 4821 3351 4893 gradus
3384 4828 3512 4885 est,
3564 4818 3687 4889 quia
3719 4813 3796 4885 qui

2229 4923 2377 4994 prius
2405 4918 2715 4982 crediderit,
2745 4917 2860 4986 ipse
2886 4922 3010 4986 post
3034 4915 3292 4969 virtutum
3321 4911 3580 4982 gradibus
3603 4910 3669 4964 ad
3692 4923 3800 4978 por-

2231 5024 2296 5068 tae
2325 5012 2530 5067 aditum
2567 5009 2830 5064 ascendit.
2875 5005 3150 5076 Sequitur.
3187 5023 3205 5056 ε
3241 5004 3306 5058 Et
3333 5013 3490 5074 porta
3525 5002 3650 5057 atrii
3680 5000 3799 5054 intc-

2232 5103 2393 5157 rioris
2420 5108 2608 5156 contra
2636 5105 2850 5169 portam
2889 5097 3158 5166 aquilonis
3186 5103 3240 5150 et
3276 5093 3619 5150 orientalem.
3656 5111 3674 5143 ι
3703 5089 3798 5144 lloc

2232 5195 2380 5258 loco,
2425 5200 2608 5246 contra
2656 5203 2765 5244 non
2805 5202 2906 5257 pro
2948 5185 3276 5241 adversitate
3312 5183 3563 5254 ponitur,
3599 5179 3689 5236 sed
3715 5189 3797 5248 pro

2231 5281 2551 5338 rectitudine
2592 5296 2605 5332 :
2652 5279 2724 5332 ita
2758 5277 2905 5331 enim
2947 5283 3099 5346 porta
3145 5273 3424 5328 interioris
3471 5271 3594 5326 atrii
3643 5269 3796 5340 posita

2228 5375 2634 5434 monstrabatur
2678 5378 2738 5424 ut
2783 5377 2939 5441 porta
2985 5367 3252 5438 aquilonis
3295 5376 3351 5422 et
3391 5366 3618 5421 orientis
3666 5370 3798 5416 recto

2231 5469 2378 5523 aditu
2415 5466 2482 5521 ad
2521 5480 2640 5520 eam
2687 5463 2948 5518 tenderet.
2979 5459 3118 5527 Quid
3153 5466 3236 5514 est
3277 5472 3439 5529 ergo,
3484 5455 3623 5525 quod
3657 5459 3792 5523 porta

2233 5561 2461 5617 interior
2498 5566 2646 5614 recto
2684 5557 2880 5612 itinere
2915 5554 3088 5623 posita
3125 5561 3317 5608 contra
3348 5559 3561 5621 portam
3595 5540 3795 5602 orientis

2234 5670 2286 5713 et
2322 5654 2589 5725 aquilonis
2615 5652 2947 5714 ostenditur,
2982 5649 3087 5704 nisi
3119 5649 3223 5703 hoc
3257 5645 3400 5716 quod
3432 5649 3614 5713 aperte
3658 5636 3796 5707 datur

2235 5747 2490 5814 intelligi,
2532 5744 2657 5813 quia
2710 5743 2824 5797 sive
2865 5740 3083 5810 judaico
3126 5746 3182 5794 et
3226 5735 3412 5808 gentili
3454 5729 3669 5805 populo,
3715 5737 3795 5778 seu
