3950 6334
177 363 282 415 933

1101 346 1455 419 COMMENT.
1499 360 1567 416 IN
1605 360 2060 416 EZEtilllELEM.
2104 393 2168 400 —
2212 358 2339 418 LIB.
2383 364 2498 422 xv.

3355 374 3457 431 954

169 472 334 542 justis
380 479 431 526 et
469 473 882 543 peccatoribus,
923 473 1016 528 sed
1053 481 1173 544 post
1210 480 1436 543 peccata
1477 473 1768 559 conversis,
1803 487 1848 542 Α
1883 493 1904 525 ι’
1937 489 2056 544 qua:
2079 475 2399 544 respiciebat
2419 477 2483 531 ad
2506 485 2769 533 austrum.
2795 477 3101 539 Etmensus
3121 491 3205 539 est
3223 482 3452 542 frontem

175 579 329 634 :eque
357 563 719 642 aditus/regni
748 563 984 619 coelestis
1011 563 1287 634 aperitur?
1308 562 1478 634 Larga
1511 571 1594 618 est
1622 565 1765 616 enim

176 653 556 707 misericordia
586 651 861 708 Creatoris
891 653 1062 706 nostri
1097 671 1108 705 :
1136 659 1190 707 et
1219 662 1373 722 porta
1405 653 1633 722 ipte‘rior
1661 667 1767 705 non

174 744 352 798 solum
378 753 591 814 portam
617 745 843 799 orientis
870 746 1111 814 respicit,
1139 745 1232 799 sed
1262 745 1426 799 etiam
1479 745 1765 815 aquilonis,

173 837 300 904 quia
345 851 450 890 non
493 835 667 892 solum
710 835 794 890 his
834 836 925 905 qui
969 836 1019 890 in
1061 836 1369 890 innocentia
1427 845 1766 905 permanent,

173 931 272 983 sed
299 929 462 982 etiam
493 929 870 1000 peccatoribus
900 937 1118 999 peccata
1150 936 1251 983 sua'
1276 927 1586 998 paenitendo
1612 928 1766 981 dam-

175 1022 436 1075 nantibus
473 1021 790 1091 aperiuntur
820 1020 1094 1075 interioris
1121 1020 1246 1074 atrii
1276 1020 1490 1091 gaudia,
1521 1027 1581 1074 ut
1628 1018 1764 1072 inef-

173 1109 362 1164 fabilia
401 1109 659 1181 mysteria
697 1110 888 1179 patriae
921 1109 1158 1163 caelestis
1197 1115 1525 1179 agnoscant;
1569 1123 1764 1178 agnos-

173 1201 348 1255 cendo
369 1201 578 1265 sitiant,
605 1199 836 1256 sitiendo
860 1210 1104 1274 currant,
1136 1199 1401 1254 currendo
1429 1200 1763 1269 perveniant.

173 1292 317 1358 Quid
354 1291 518 1360 igitur
566 1300 762 1356 restat,
805 1291 908 1345 nisi
953 1302 1011 1346 ut
1054 1307 1111 1346 se
1154 1291 1220 1346 ad
1269 1291 1609 1362 perfectioris
1645 1291 1767 1345 VittL‘

167 1398 396 1438 cursum
441 1384 704 1455 dirigant,
743 1397 931 1438 omnes
961 1383 1052 1450 qui
1084 1382 1171 1437 illa
1215 1381 1409 1453 gaudia
1445 1383 1630 1451 patriae
1659 1395 1767 1435 eoe-

172 1471 329 1528 lestis
363 1474 698 1543 agnoscunt?
739 1472 893 1528 Unde
929 1483 983 1528 et
1024 1473 1110 1529 hic
1152 1481 1337 1544 aperte
1377 1473 1763 1544 snbjungitur:

176 1582 195 1615 ι
235 1549 305 1618 Et
345 1581 562 1620 mensus
601 1559 686 1622 est
718 1581 748 1619 a
791 1574 945 1638 porta
983 1582 1156 1636 usque
1193 1567 1259 1622 ad
1296 1577 1509 1637 portam
1551 1577 1766 1622 centum

168 1657 406 1712 cubitos.
433 1677 451 1708 ›
469 1656 850 1713 Centenarium
875 1674 1182 1725 numerum,
1209 1660 1334 1729 quia
1362 1660 1543 1716 decies
1563 1675 1658 1730 per
1677 1662 1766 1715 dc-

166 1748 388 1803 narium
409 1747 647 1814 ducitur,
664 1746 1042 1819 jam’superius
1055 1750 1288 1804 diximus
1309 1765 1430 1805 esse
1446 1749 1761 1820 perfectum.

1878 584 1896 615 ι
1938 563 2076 634 ejus,
2105 573 2162 620 et
2187 565 2511 621 vestibulum
2543 565 2682 635 ejus,
2711 567 2863 636 juxta
2892 585 3176 628 mensuras
3206 576 3453 645 superle-

1879 676 1895 706 ι
1937 664 2162 735 restet
2202 656 2468 711 fenestras
2507 655 2646 725 ejus,
2687 666 2743 713 et
2795 660 3057 715 vestibula
3107 663 3159 717 in
3199 664 3452 732 circuitu,

1875 765 1894 796 ι
1933 747 2072 801 sicut
2113 747 2380 803 fenestras
2431 758 2658 803 caeteras
2703 751 3089 822 quinquaginta
3146 756 3455 813 cubitorum

1873 831 2337 906 (longitudinem,
2370 846 2423 891 et
2452 837 2789 893 latitudinem
2817 842 3006 913 viginti
3035 845 3275 915 quinque
3301 847 3453 903 cubi-

1876 941 1894 974 ι
1935 933 2132 990 torum,
2150 935 2203 980 et
2227 927 2279 980 in
2303 927 2559 998 gradibus
2582 937 2785 998 septem
2805 930 3197 986 ascendebatur
3219 936 3286 990 ad
3307 950 3450 990 eam.

1874 1036 1893 1068 ι
1933 1017 1997 1071 Ει
2043 1018 2361 1078 vestibulum
2403 1027 2526 1074 ante
2569 1018 2714 1075 fores
2753 1021 2888 1091 ejus.
2935 1039 2952 1072 ›
2991 1021 3207 1096 (Greg.)
3246 1023 3452 1081 Cuncta

1869 1108 1984 1162 haec
2010 1107 2063 1161 in
2095 1107 2321 1162 orientis
2342 1115 2396 1162 et
2425 1109 2693 1178 aquilonis
2720 1119 2872 1180 porta
2895 1110 3008 1180 jam
3035 1113 3174 1168 dicta
3201 1124 3325 1170 sunt
3353 1135 3364 1169 :
3396 1125 3453 1171 et

1867 1216 2163 1273 congruum
2193 1216 2297 1257 non
2328 1211 2444 1268 est,
2478 1211 2539 1256 ut
2566 1218 2628 1258 ea
2659 1219 2776 1274 quae
2808 1205 3069 1272 semel-ac
3093 1208 3328 1262 seetmdo
3356 1223 3450 1263 ex-

1865 1301 2130 1369 ponentes.
2157 1292 2392 1347 diximus
2418 1293 2612 1364 schius
2643 1294 2981 1363 rcpl‘icemus.
3013 1295 3315 1353 Notandum
3347 1313 3447 1356 no-

1868 1383 1949 1437 bis
1981 1393 2157 1459 tamen
2181 1393 2293 1448 est,
2324 1386 2447 1454 quia
2490 1386 2542 1440 in
2584 1387 2813 1458 spiritali
2840 1388 3068 1444 aedilicio
3107 1389 3243 1445 alter
3273 1392 3451 1448 aditus

1869 1474 1934 1526 ad
1965 1474 2259 1539 orientem,
2287 1475 2422 1531 alius
2443 1477 2509 1530 ad
2537 1478 2843 1546 aquilonem
2862 1520 2876 1544 ,
2905 1490 3064 1550 atque
3093 1481 3228 1536 alius
3254 1485 3320 1538 ad
3350 1501 3449 1538 au—
3520 1519 3524 1524 ~

1868 1571 2037 1617 strum
2067 1573 2232 1634 patet.
2253 1565 2404 1620 Sicut
2425 1568 2568 1621 enim
2598 1569 2864 1637 aquilonis
2888 1569 3090 1642 frigore
3116 1584 3446 1642 peccatores,

1869 1653 1941 1706 ita
1978 1668 2074 1724 per
2109 1655 2401 1710 australem
2439 1658 2578 1711 viam
2618 1658 2889 1715 ferventes
2928 1663 3118 1730 spiritu
3144 1665 3446 1737 designan-

1870 1752 1957 1796 tur
1989 1763 2000 1796 :
2035 1746 2160 1814 quia
2187 1745 2367 1801 calore
2391 1745 2623 1816 Spiritus
2651 1751 2821 1804 sancti
2852 1754 3082 1819 accensi,
3116 1755 3261 1810 velut
3290 1773 3452 1812 mert-

167 1841 361 1913 Itaque
388 1843 480 1913 qui
515 1844 716 1898 aditum
749 1845 872 1897 atrii
903 1843 1176 1898 interioris
1204 1843 1366 1907 videt,
1401 1843 1641 1914 profecto
1672 1859 1763 1896 ne-
1794 1839 1838 1897 B
1868 1833 2026 1887 (“una
2060 1833 2178 1912 Ιῑιςθ
2207 1836 2497 1891 Virtutibus
2523 1850 2864 1895 excrescunt.
2907 1843 2976 1896 Pa
2989 1854 3096 1898 teat
3128 1861 3256 1918 ergo
3293 1859 3450 1918 porta

166 1947 328 1989 cesse
361 1942 476 1997 est,
519 1942 581 1987 ut
619 1948 716 2003 per
754 1932 920 1987 vitam
964 1932 1313 2003 perfectionis
1352 1942 1537 1988 currat
1576 1951 1587 1984 :
1637 1941 1694 1986 ut
1731 1948 1761 1986 a

165 2035 328 2098 porta
366 2025 726 2081 iuchoationis
756 2040 926 2094 usque
955 2025 1020 2078 ad
1048 2025 1526 2079 consummationis
1553 2025 1761 2094 ingres-

165 2130 292 2171 sum
312 2117 612 2186 perveniat.
633 2115 976 2171 Mensuretur
991 2130 1119 2186 ergo
1133 2117 1330 2169 atrium
1356 2116 1602 2178 interius,
1619 2115 1762 2184 quod

165 2223 199 2264 a
242 2209 415 2278 portis
453 2208 811 2264 exterioribus
857 2191 1030 2278 usque
1074 2209 1141 2263 ad
1187 2219 1398 2278 portam
1449 2208 1761 2262 interiorem

164 2299 436 2365 tenditur,
463 2307 677 2354 centum
706 2299 902 2354 cubitis
930 2318 942 2352 :
967 2307 1025 2352 ut
1053 2299 1142 2368 qui
1172 2298 1372 2353 intrare
1401 2298 1630 2351 amando
1651 2311 1762 2352 cm-

160 2390 282 2460 pit,
311 2389 651 2444 latitudinem
680 2387 1029 2459 perfectionis
1066 2389 1262 2444 habeat
1294 2387 1347 2442 in
1378 2396 1555 2442 mente
1583 2404 1596 2440 :
1630 2402 1763 2455 qua-

165 2491 332 2537 tenus
371 2480 424 2534 in
454 2495 548 2546 eo,
590 2469 750 2550 quem
787 2496 886 2535 nec
923 2495 1179 2550 prospera
1221 2478 1519 2542 extollunt,
1560 2491 1627 2531 ne
1670 2477 1762 2530 ad-

161 2587 330 2627 versa
359 2578 710 2642 coangustent
726 2611 740 2635 ,
765 2570 859 2626 sed
887 2570 1412 2629 transitoria-cuncta
1435 2567 1759 2637 despiciens,

162 2683 452 2739 quousque
480 2665 545 2720 ad
583 2665 776 2738 gaudia
818 2674 1026 2720 secreta
1069 2663 1373 2735 perveniat,
1415 2677 1512 2732 per
1563 2662 1760 2714 atrium

163 2757 523 2829 perfectionis
551 2765 750 2810 currat.
797 2753 934 2810 Sunt
971 2754 1171 2809 etenim
1215 2751 1401 2817 multi,
1441 2751 1530 2820 qui
1565 2750 1677 2820 jam
1707 2750 1758 2803 in

163 2855 380 2917 septem
429 2844 682 2916 gradibus
729 2843 932 2913 aditum
976 2849 1145 2912 porta:
1187 2840 1477 2896 exteriOris
1526 2838 1762 2892 intrave-

168 2945 327 3000 runt,
347 2933 494 3004 juxta
513 2927 805 3004 quemdam
830 2946 1078 3004 superna:
1101 2929 1517 3000 dispensationis
1541 2923 1760 2981 medum

164 3042 269 3098 per
295 3027 547 3080 timorem
585 3025 679 3080 Dei
707 3023 958 3089 humiles,
982 3037 1082 3092 per
1101 3021 1318 3091 pietatis
1340 3019 1573 3075 studiqu
1606 3018 1762 3071 mise-

165 3119 435 3184 ricordes,
464 3132 562 3189 per
589 3117 870 3172 scientiam
896 3115 1140 3180 discreti,
1157 3129 1254 3183 per
1270 3113 1466 3167 mentis
1490 3109 1762 3166 fortitudi-

1869 1926 1934 1979 ad
1967 1927 2229 1982 orientem
2253 1969 2266 1993 ,
2307 1938 2366 1982 ut
2409 1931 2460 1984 hi
2501 1932 2589 1999 qui
2628 1943 2966 1989 sacramenta
3006 1935 3128 1991 fidei
3164 1939 3452 1994 iucboavrs

1867 2026 2022 2081 runt,
2067 2026 2120 2072 et
2158 2019 2209 2072 in
2247 2018 2388 2073 nulla
2431 2023 2772 2089 postmodum
2807 2025 3055 2080 vitiorum
3085 2028 3450 2097 profunditate

1865 2109 2092 2163 demersi
2120 2119 2267 2174 sunt,
2299 2111 2364 2166 ad
2412 2114 2603 2183 gaudia
2635 2123 2841 2170 secreta
2883 2119 3219 2186 perveniant.
3260 2119 3450 2177 Pateat

1863 2213 2013 2270 porta
2040 2203 2106 2256 ad
2131 2204 2459 2273 aquilonem,
2487 2218 2543 2261 ut
2571 2209 2645 2272 hi,
2671 2209 2762 2276 qui
2786 2219 2906 2277 post
2935 2209 3331 2266 inchoationem
3361 2228 3449 2268 ca-

1865 2295 1992 2348 loris
2006 2304 2060 2348 et
2076 2294 2291 2351 luminis
2308 2297 2360 2350 in
2380 2308 2718 2367 peccatorum
2738 2315 2957 2355 suorum
2977 2301 3178 2373 frigore
3193 2311 3248 2359 et
3261 2303 3450 2360 obscu-

1865 2384 2023 2438 ritate
2062 2385 2265 2456 delapsi
2294 2396 2443 2453 sunt,
2475 2404 2572 2458 per
2611 2391 3078 2458 compunetionem
3118 2393 3448 2462 pmnitentiae

1864 2476 1930 2530 ad
1961 2477 2170 2532 veniam
2203 2479 2454 2544 redeant,
2484 2491 2538 2534 et
2567 2496 2686 2549 quae
2712 2482 2784 2536 sit
2813 2483 3040 2537 interna:
3073 2485 3448 2542 retributionis

1861 2583 1989 2622 vera
2023 2568 2208 2623 lrctitia
2239 2581 2586 2641 cognoscant.
2616 2573 2805 2627 Pateat
2838 2582 2995 2643 porta
3028 2575 3095 2628 ad
3123 2576 3400 2631 meridiem
3431 2618 3446 2643 ,

1864 2668 1920 2710 ut
1948 2656 2036 2721 hi,
2080 2658 2171 2727 qui
2218 2660 2422 2714 sanctis
2468 2657 2749 2717 desideriis
2789 2663 2840 2716 in
2885 2663 3177 2719 virtutibus
3217 2664 3444 2730 fervent,

1863 2746 2090 2816 Spll‘ilali
2122 2747 2396 2803 intellectu
2421 2749 2656 2818 quotidie
2679 2752 2871 2804 interni
2887 2753 3065 2822 gaudii
3083 2754 3334 2824 mysteria
3352 2770 3446 2824 pe-

1863 2847 2094 2892 netrcnt.
2117 2827 2261 2892 Inter
2292 2840 2407 2894 hwc
2433 2849 2611 2895 autem
2633 2842 2800 2910 qumri
2831 2850 3026 2912 potest,
3057 2859 3179 2897 cum
3213 2828 3447 2914 quatuor

1854 2924 2165 2994 hujusmodi
2193 2937 2375 2996 partes
2400 2930 2530 2994 sint,
2559 2945 2657 2984 cur
2682 2930 2734 2984 in
2766 2933 2869 2987 hoc
2895 2932 3122 2988 aedilicio
3148 2934 3275 2988 atrii
3296 2944 3447 2990 exte-

1863 3015 2024 3069 rioris
2063 3030 2166 3070 non
2210 3029 2464 3086 quatuor,
2499 3021 2591 3074 sed
2631 3028 2741 3075 tres
2777 3031 2944 3092 portae
2979 3037 3098 3078 esse
3134 3040 3443 3084 memoran-

1864 3111 1951 3158 tur
1984 3121 1997 3158 :
2029 3105 2173 3174 quod
2197 3116 2343 3160 recte
2369 3109 2714 3177 qumrendum
2745 3109 2936 3177 fuerat,
2975 3113 3019 3168 si
3048 3115 3309 3185 prepheta
3337 3131 3444 3171 non

166 3227 296 3268 nem
324 3211 501 3276 liberi,
527 3223 624 3281 per
649 3207 933 3265 consilium
964 3205 1130 3269 cauti,
1157 3194 1256 3275 per
1281 3203 1611 3258 intellectum
1637 3215 1761 3269 pro-
1788 3203 1832 3264 C
1865 3196 2137 3264 Spiritale,
2181 3198 2275 3252 sed
2313 3199 2593 3269 corporale
2632 3200 2915 3256 {editicium
2951 3203 3192 3259 vidisset.
3245 3205 3444 3262 Sancta

164 3305 316 3372 vidi,
357 3320 455 3375 per
492 3303 810 3374 sapientiam
842 3300 1036 3356 maturi
1071 3319 1083 3354 :
1115 3301 1208 3355 sed
1239 3299 1415 3354 adhuc
1435 3298 1753 3368 quibusdam

165 3395 590 3452 necessitatibus
615 3392 854 3464 obligati,
875 3392 1034 3463 hujus
1060 3391 1243 3446 mundi
1270 3391 1413 3444 curis
1435 3389 1755 3453 inserviunt,

163 3497 224 3542 et
249 3488 394 3541 unde
414 3477 523 3554 jam
546 3500 609 3539 ex
634 3499 826 3555 magna
844 3493 996 3555 parte
1017 3490 1372 3537 excusserunt
1393 3482 1655 3545 animum,
1683 3480 1756 3536 ibi

163 3576 349 3632 adhuc
381 3582 630 3630 tenentur
674 3573 826 3627 inviti
875 3590 888 3626 :
929 3585 1158 3641 cumque
1199 3570 1614 3640 superimposita
1652 3579 1760 3624 ter-

163 3684 317 3726 reme
341 3667 714 3739 occupationis
737 3673 955 3736 portant
975 3680 1161 3729 onera,
1189 3663 1365 3718 minus
1391 3663 1446 3717 in
1473 3662 1756 3731 praeceptis

165 3758 485 3815 catlestibns
512 3766 854 3820 exercentur,
889 3753 1144 3808 anhelare
1174 3751 1479 3806 medullitus
1507 3751 1572 3804 a;l
1601 3761 1756 3804 mter—

162 3864 297 3906 nam
325 3846 556 3917 patriam
589 3861 694 3899 non
725 3851 896 3906 vacat,
930 3844 1046 3914 ipsa
1081 3842 1134 3896 in
1161 3841 1239 3897 eis
1266 3856 1362 3896 suo
1389 3842 1571 3912 aliquo
1597 3841 1754 3896 modo

165 3937 440 3994 desideria
471 3936 821 4006 languescunt
852 3953 863 3989 :
897 3935 1020 4004 quia
1053 3934 1233 3988 animo
1268 3934 1412 3987 curis
1449 3932 1758 4002 temporali-

168 4034 276 4086 bus
305 4030 625 4100 praepedito,
643 4043 768 4083 vera
794 4028 1006 4099 gaudia,
1023 4042 1142 4096 qua:
1161 4025 1410 4097 Cognovit
1432 4040 1615 4079 amare
1641 4034 1758 4078 tau-

170 4131 289 4175 tum
317 4135 423 4174 non
452 4119 608 4183 licet,
634 4125 896 4188 quantum
927 4116 1077 4171 libet.
1120 4115 1184 4170 lli
1223 4115 1538 4185 plerumque
1572 4129 1602 4168 a
1627 4114 1757 4184 jugo

168 4210 360 4266 mundi
389 4210 526 4265 colla
560 4210 755 4264 mentis
781 4201 1090 4271 excutiunt,
1122 4209 1300 4261 omnia
1329 4207 1615 4270 deserunt,
1651 4214 1752 4259 ter-

170 4322 324 4359 reita).
348 4313 491 4358 etme
525 4303 759 4373 pondera
791 4302 1062 4370 deponunt
1093 4318 1105 4353 :
1138 4307 1298 4368 atque
1335 4308 1395 4353 ut
1433 4299 1498 4352 ad
1536 4297 1757 4352 caeleste

170 4397 504 4452 desiderium
534 4395 693 4450 latius
722 4394 887 4448 animi
922 4394 1098 4448 sinum
1137 4393 1352 4456 laxent,
1382 4391 1549 4448 vitam
1580 4403 1752 4443 remo-

170 4500 287 4543 tam
316 4494 504 4558 petunt
536 4506 546 4540 :
580 4495 633 4541 et
665 4485 717 4539 in
745 4501 806 4539 ea
835 4483 1032 4539 sanctis
1059 4484 1308 4554 preciL-us
1343 4480 1552 4545 intenti,
1587 4479 1755 4534 sacris

169 4543 616 4633 meditationibus
646 4573 833 4639 dediti,
861 4543 1172 4642 qu0tidiauo
1193 4587 1250 4627 se
1277 4569 1400 4625 fletu
1421 4543 1677 4634 alliciunt,
1700 4577 1755 4623 et
1784 4543 1831 4601 υ

168 4674 500 4724 vetustatem
527 4665 704 4720 cordis
729 4666 851 4734 igne
873 4662 1074 4717 amoris
1098 4660 1352 4725 conflant,
1375 4671 1535 4730 atque
1556 4659 1622 4714 ad
1646 4675 1755 4714 cm-

167 4761 311 4815 leste
330 4755 581 4829 gaudium
603 4753 945 4809 accendendo
967 4767 1024 4808 se
1045 4753 1324 4807 innovant.
1340 4739 1404 4805 lli
1433 4753 1609 4821 itaque
1629 4765 1753 4805 cum

167 4868 198 4904 ιι
232 4849 409 4919 portis
437 4846 792 4901 exterioribus
812 4860 980 4914 usque
1007 4845 1073 4899 ad
1101 4843 1407 4898 interiorem
1431 4851 1638 4913 portam
1659 4856 1755 4910 per

166 4941 304 4997 boni
356 4939 518 4994 studii
562 4937 760 4991 atrium
813 4934 1152 5000 differuntur,
1200 4935 1303 4988 hoc
1350 4933 1524 5002 ipsum
1571 4931 1754 4985 in‘eis

167 5032 376 5087 atrium
407 5036 620 5083 centum
656 5025 852 5082 cubitis
897 5032 1240 5079 mensuratur
1280 5036 1308 5089 :7
1333 5021 1457 5091 quia
1501 5019 1756 5074 dilatione

164 5132 223 5180 et
238 5118 505 5176 exercitio
533 5118 585 5172 in
613 5124 802 5172 sancta
823 5115 1062 5185 quotidie
1091 5113 1418 5184 perfectione
1441 5111 1750 5182 proficiunt,

165 5226 273 5284 per
298 5208 611 5278 quotidiana
628 5205 890 5261 desideria
913 5204 966 5258 in
995 5212 1226 5258 mentem
1256 5201 1462 5274 perlici,
1490 5211 1571 5255 est
1598 5201 1749 5271 quasi

167 5309 395 5358 centum
432 5299 628 5355 cubitis
664 5297 889 5352 interius
929 5295 1123 5350 atrium
1177 5292 1496 5348 mensurari.
1547 5289 1752 5344 Idcirco

165 5405 308 5465 ergo
340 5406 371 5445 a
412 5389 581 5461 portis
608 5404 778 5458 usque
819 5387 884 5442 ad
921 5395 1128 5456 portam
1163 5391 1376 5438 centum
1407 5389 1528 5436 sunt
1561 5380 1750 5445 cubiti,

166 5495 232 5540 ut
257 5483 414 5554 quasi
441 5482 684 5553 quaedam
719 5495 868 5534 mora
896 5476 1056 5532 eundi
1091 5474 1164 5528 sit
1204 5474 1318 5545 ipsa
1353 5472 1537 5528 dilatio
1572 5472 1753 5525 viven-

168 5577 225 5631 di
249 5618 264 5638 ,
300 5590 395 5644 per
423 5588 583 5643 quam
606 5570 843 5642 quotidie
873 5570 924 5624 ir.
955 5566 1249 5622 virtutibus
1274 5565 1559 5628 crcscitur,
1594 5572 1652 5616 ut
1687 5561 1754 5616 ad

169 5665 488 5724 interiorem
533 5664 734 5716 aditum
765 5658 1054 5730 perfectius
1085 5656 1447 5725 perveniatur.
1481 5653 1754 5722 Sequitur.

267 5804 276 5811 .
306 5756 370 5809 lit
396 5755 546 5810 duxit
578 5769 662 5807 me
703 5754 768 5807 ad
808 5752 948 5805 viam
987 5747 1308 5810 australem,
1334 5756 1384 5799 et
1423 5759 1546 5798 ecce
1576 5753 1752 5812 porta,

1859 3287 2006 3341 enim
2027 3287 2288 3355 Ecclesia,
2308 3289 2361 3344 id
2383 3298 2466 3346 est
2485 3293 2726 3362 spiritale
2744 3294 3056 3362 :cdiflcium,
3070 3307 3130 3350 ut
3148 3299 3214 3352 ad
3235 3311 3443 3356 secreta

1860 3378 2051 3447 gaudia
2073 3380 2362 3449 pertingat,
2391 3389 2498 3436 tres
2524 3383 2860 3440 solummodo
2883 3395 3067 3455 portas
3097 3388 3274 3456 habet,
3296 3391 3446 3446 vide.-

1861 3467 1985 3523 licet
2014 3467 2196 3536 tidem,
2228 3484 2377 3539 spem
2401 3479 2564 3540 atque
2584 3473 2901 3529 ebaritatem
2936 3491 2952 3530 :
2987 3490 3148 3532 unam
3173 3480 3239 3534 ad
3264 3482 3443 3536 orien-

1860 3569 1990 3625 tem,
2009 3553 2168 3614 aliain
2190 3561 2257 3615 ad
2279 3561 2606 3631 aquilonem,
2632 3565 2843 3618 tertiam
2862 3567 2928 3620 ad
2954 3567 3255 3624 meridiem.
3283 3570 3442 3626 Porta

1858 3651 2054 3721 quippe
2087 3652 2138 3704 in
2165 3655 2378 3706 oriente
2397 3663 2480 3707 est
2511 3653 2643 3708 fides
2675 3672 2687 3708 :
2719 3655 2846 3725 quia
2871 3671 2970 3726 per
2999 3658 3168 3727 ipsam
3199 3659 3285 3714 lux
3313 3677 3440 3717 vera

1857 3744 2099 3795 nascitur
2136 3742 2188 3796 in
2221 3751 2418 3798 mente.
2459 3743 2621 3800 Porta
2663 3747 2730 3801 ad
2770 3747 3075 3817 aquilonem
3115 3765 3280 3820 spes:
3313 3754 3438 3822 quia

1860 3837 2225 3905 unusquisque
2258 3837 2309 3890 in
2332 3838 2570 3906 peccatis
2596 3839 2821 3908 positus,
2854 3839 2896 3894 si
2923 3839 2989 3894 de
3009 3841 3162 3895 venia
3196 3843 3444 3914 desperar-

1857 3926 2016 3989 verit,
2036 3924 2274 3981 funditus
2287 3927 2429 3997 perit
2452 3946 2470 3981 ε’
2486 3928 2625 3982 unde
2638 3941 2858 3983 necesse
2880 3940 2962 3985 est
2984 3932 3144 4000 utqui
3168 3947 3264 4001 per
3285 3949 3438 3988 suam

1859 4017 2194 4086 iniquitatem
2211 4018 2510 4073 exstinctus
2532 4027 2635 4084 est,
2661 4034 2756 4088 per
2775 4035 2922 4089 spem
2950 4021 3334 4079 misericordia:
3357 4041 3443 4080 re-

1859 4109 2102 4164 viviscat.
2134 4108 2296 4165 Porta
2323 4111 2389 4166 ad
2421 4111 2699 4166 meridiem
2722 4152 2736 4177 ,
2771 4113 3010 4167 charitas
3031 4153 3045 4178 ,
3075 4115 3201 4184 quia
3225 4117 3279 4170 in
3317 4118 3439 4188 igne

1857 4202 2058 4255 amoris
2083 4201 2253 4255 ardet.
2280 4200 2336 4255 ln
2360 4201 2652 4256 meridiana
2676 4202 2871 4256 ctenim
2898 4213 3052 4271 porta
3077 4204 3154 4258 sol
3187 4205 3237 4259 in
3270 4205 3436 4264 altum

1857 4290 2092 4357 ducitur,
2113 4290 2235 4359 quia
2263 4305 2360 4360 per
2373 4291 2884 4346 charitatemlumen
2903 4291 3022 4347 fidei
3048 4294 3099 4346 in
3124 4293 3216 4348 Del
3241 4303 3295 4348 et
3313 4311 3439 4365 pro«

1856 4381 1990 4436 simi
2029 4381 2315 4436 dilectione
2353 4381 2683 4435 sublevatur.
2724 4381 2918 4436 Tribus
2958 4383 3120 4452 igitur
3158 4385 3327 4454 portis
3372 4389 3436 4440 ad

1860 4473 2084 4528 interius
2114 4475 2312 4528 atrium
2355 4476 2610 4540 tenditur,
2655 4476 2778 4543 quia
2812 4489 2908 4544 per
2948 4475 3106 4530 ﬁdem
3132 4516 3147 4537 ,
3190 4493 3338 4548 spem
3383 4487 3435 4533 et

1857 4563 2178 4617 ebaritatem
2217 4566 2283 4618 ad
2325 4563 2517 4635 gaudia
2551 4572 2757 4619 secreta
2786 4566 3125 4641 perveniunt.
3153 4567 3270 4626 Alia
3300 4585 3409 4638 quo

1856 4667 1961 4722 que
1995 4654 2221 4723 quarstio
2246 4655 2437 4721 oritur,
2475 4671 2573 4710 cur
2600 4663 2756 4724 porta
2787 4657 2909 4710 atrii
2949 4657 3223 4713 interioris
3260 4661 3435 4730 posita

1857 4753 2043 4798 contra
2084 4755 2295 4814 portam
2333 4747 2554 4802 orientis
2591 4756 2646 4801 et
2685 4748 2954 4817 aquilonis
2983 4750 3209 4817 dicitur,
3250 4762 3305 4807 et
3341 4768 3436 4807 au-

1858 4834 2038 4890 stralis
2065 4844 2240 4904 porta,
2268 4837 2353 4890 cui
2386 4844 2567 4906 pateat
2589 4838 2826 4891 tacetur?
2852 4837 2958 4893 Sed
2978 4839 3104 4909 quia
3124 4856 3225 4910 per
3247 4845 3431 4898 orien-

1859 4934 1966 4980 tem
2007 4927 2434 4992 inchoationem,
2475 4942 2573 4996 per
2613 4928 2919 4996 aquilonem
2958 4929 3167 4999 lapsum
3194 4932 3434 4991 diximus

1857 5014 2144 5086 designari,
2183 5017 2399 5086 dignum
2430 5015 2558 5082 fuit,
2585 5027 2644 5072 ut
2671 5019 2752 5073 vel
2783 5019 3286 5089 de-inchoantibns,
3313 5025 3438 5093 qui-

1856 5109 1957 5162 bus
1987 5109 2162 5164 adhuc
2187 5107 2265 5163 sol
2292 5109 2345 5167 in
2375 5117 2557 5178 tepore
2587 5117 2696 5172 est,
2729 5108 2812 5162 vel
2835 5110 2997 5163 etiam
3025 5109 3091 5165 de
3117 5111 3306 5180 lapsis,
3339 5116 3432 5168 sed

1859 5212 1954 5268 per
2013 5198 2420 5251 conversionem
2472 5199 2858 5260 redeuntibus,
2919 5207 3102 5266 aperte
3160 5200 3432 5256 diceretur

1859 5289 2001 5356 quod
2030 5289 2107 5341 eis
2135 5297 2295 5358 porta.
2326 5288 2447 5341 atrii
2488 5288 2759 5342 interioris
2795 5298 2975 5357 pateat
3015 5307 3028 5342 :
3069 5299 3334 5359 quatenus
3363 5309 3429 5346 ex

1861 5379 1988 5448 ipsis
2010 5393 2105 5432 nos
2133 5388 2307 5432 certos
2335 5377 2562 5441 faceret,
2589 5378 2654 5432 de
2677 5379 2873 5447 quibus
2897 5380 3131 5435 dubitari
3159 5384 3427 5450 potuerat.

1861 5473 1972 5527 Hoc
1994 5480 2173 5526 autem
2196 5472 2261 5526 de
2290 5481 2443 5540 porta
2467 5471 2687 5524 australi
2714 5470 2994 5526 dicendum
3020 5488 3124 5527 non
3147 5484 3284 5540 erat,
3307 5477 3433 5546 quia

1861 5579 1953 5618 eos
1979 5564 2044 5617 ad
2073 5562 2264 5633 gaudia
2292 5563 2502 5616 interna
2533 5562 2836 5632 pertingere
2855 5604 2869 5628 ,
2901 5564 2990 5631 qui
3029 5563 3242 5621 fervore
3271 5569 3431 5637 spiri-

1863 5664 1946 5709 tus
1977 5656 2027 5708 in
2045 5653 2333 5709 virtutibus
2347 5661 2683 5722 permanent,
2701 5653 2879 5708 nullus
2902 5654 3129 5724 ignorat.
3151 5655 3425 5726 Sequitur.

1935 5766 1954 5798 ι
1983 5746 2048 5800 Et
2077 5745 2275 5801 carlattc
2315 5745 2504 5816 palma:
2532 5754 2705 5809 erant,
2742 5761 2844 5799 una
2876 5747 2999 5801 hinc.
3025 5756 3079 5803 et
3108 5749 3275 5805 altera
3307 5750 3430 5808 inde
