3950 6322
510 375 625 436 955

1190 373 1251 430 Β.
1293 373 1549 433 RABANI
1586 374 1810 434 MAURi
1851 372 2181 431 ARCiiiEP.
2220 372 2531 431 BiOGL'NT.
2570 373 2858 432 OPERUM
2899 374 3078 432 PARS
3117 376 3181 431 ii.
3711 383 3795 438 936

521 509 541 543 ι
578 491 634 547 in
657 488 837 547 fronte
861 486 993 558 ejus.
1019 486 1301 561 (Ηὶετοη.)
1335 509 1356 543 ι
1386 489 1516 546 Dure
1540 505 1756 561 quoque
1780 488 1973 560 palum
2008 504 2112 544 οω-
2138 488 2189 551 Α
2215 494 2332 541 stro
2360 486 2595 557 palmam
2628 487 2790 544 habet
2832 489 2883 543 is
2916 504 3079 559 quem
3127 490 3352 546 adversa
3384 505 3495 545 non
3530 491 3795 560 dejiciunt.

515 579 669 649 iace,
701 581 768 638 de
801 580 995 650 quibus
1032 580 1088 636 In
1130 581 1545 651 septentrionali
1578 580 1735 653 plaga
1772 588 1944 653 portae
1974 578 2108 634 dixi-

513 689 654 737 mus,
683 680 739 728 et
765 672 868 728 hoc
902 657 1109 727 tantum
1133 672 1481 729 admonuisse
1503 672 1760 737 sutilciat,
1788 672 1931 743 quod
1959 687 2108 742 quae-

513 776 727 832 cunque
758 754 830 817 ibi
861 769 1167 832 ponuntur,
1207 761 1363 831 juxta
1401 764 1811 836 intelligentiam
1838 763 2104 828 viliorem,

512 853 618 909 hoc
642 860 757 919 est,
779 851 935 922 juxta
986 853 1224 910 litteram
1253 856 1308 911 in
1337 856 1646 911 meridiana.
1667 864 1819 926 porta
1852 854 2108 927 intelligi-

512 958 655 1009 mus,
676 941 831 1013 juxta
858 943 1158 1015 spiritalem
1181 960 1401 1000 sensum
1436 963 1451 1000 :
1478 945 1667 1001 iisdem
1693 946 1840 1013 enim
1865 945 2023 1001 lineis
2051 953 2107 1000 et

511 1033 739 1089 historia
763 1033 933 1089 currit
956 1042 1008 1088 et
1035 1034 1353 1105 tropologia,
1372 1035 1466 1089 sed
1491 1034 1578 1089 illa
1602 1034 1979 1101 hurniliorest,
2004 1037 2106 1092 ista

507 1121 812 1185 sublimior.
836 1127 930 1182 illa
951 1129 1119 1183 lueret
1142 1137 1321 1193 terrae,
1350 1128 1452 1182 ista
1479 1129 1547 1183 ad
1570 1128 1811 1184 cmlestia
1836 1128 2103 1184 subvolat.

589 1238 608 1270 c
641 1219 707 1274 Et
744 1218 799 1274 in
836 1219 1065 1275 circuitu
1104 1234 1205 1289 per
1246 1219 1512 1274 fenestras
1540 1227 1733 1274 cuncta
1764 1217 1922 1290 plena
1949 1227 2107 1274 erant

508 1312 751 1368 luminis.
794 1331 813 1364 ι
863 1310 1085 1382 Singula
1123 1312 1269 1367 enim
1315 1311 1556 1389 πρόϐατα
1604 1310 1807 1365 habent
1846 1310 2107 1365 terminos

510 1388 670 1468 suos,
705 1410 761 1458 et
789 1403 1068 1473 proprium
1104 1418 1202 1473 per
1238 1402 1329 1457 illa
1358 1388 1434 1456 ad
1462 1402 1700 1456 animam
1730 1400 2001 1456 credentis
2026 1401 2107 1455 lu-

511 1510 634 1549 men
676 1494 977 1565 ingreditur
1018 1508 1031 1549 :
1069 1494 1369 1564 praesertim
1414 1493 1462 1549 si
1506 1492 1783 1564 longitudo
1829 1494 1954 1549 vitm
1990 1494 2109 1564 ejus

508 1586 961 1658 quinquagenarii
991 1586 1116 1641 anni
1136 1626 1151 1651 ,
1180 1586 1283 1642 hoc
1312 1593 1427 1652 est,
1463 1583 1673 1640 Jubiltei
1703 1584 1962 1656 mysterio
1992 1583 2108 1639 fue-

508 1680 582 1736 rit
607 1679 871 1750 protelata
894 1719 908 1741 ,
940 1687 994 1733 et
1020 1677 1087 1732 ad
1118 1677 1402 1732 divinioris
1426 1692 1620 1732 sensus
1646 1676 1984 1732 latitudinem
2011 1691 2109 1745 po-

508 1772 673 1827 tuerit
697 1771 1004 1842 pervenire.
1034 1769 1093 1825 ln
1120 1784 1225 1839 qua
1254 1768 1539 1824 latitudine
1575 1777 1629 1823 et
1654 1768 1849 1838 plateis
1882 1767 1993 1838 agit
2021 1783 2108 1823 sa-

2210 575 2376 644 Quasi
2401 592 2468 634 ex
2487 588 2717 650 utraque
2736 590 2891 650 parte
2910 582 3167 651 portabat
3184 579 3383 638 Paulus
3403 582 3667 653 palmam,
3689 602 3796 642 eunt

2210 667 2419 723 diceret
2448 684 2462 723 :
2499 687 2517 719 ί
2548 669 2651 725 Per
2676 686 2829 727 arma
2854 670 3083 740 justitizc
3108 688 3139 726 a
3166 672 3376 728 dextris
3404 684 3460 729 et
3482 690 3512 729 a
3552 675 3798 743 sinistris,

2209 770 2308 827 per
2327 753 2554 828 gloriam
2574 766 2631 813 et
2660 759 3069 831 ignobilitatem,
3099 778 3195 833 per
3219 761 3501 819 infamiam
3528 774 3587 820 et
3616 766 3798 821 bonam

2207 847 2443 914 famam,
2476 857 2536 904 ut
2569 850 2887 907 seductores
2912 863 2966 907 et
3000 842 3221 909 veraces
3249 852 3333 926 (II
3359 852 3484 908 Cor.
3517 854 3616 927 vt).
3647 876 3665 909 ι
3696 857 3799 911 Non

2209 938 2356 995 hunc
2392 938 2618 996 adversa
2665 939 3020 1013 frangebant,
3069 958 3175 997 non
3216 958 3481 1015 prospera
3521 945 3576 998 in
3616 948 3801 1002 mentis

2210 1038 2423 1086 tumore
2449 1031 2823 1087 sublevabant.
2858 1030 2997 1088 Hinc
3022 1043 3077 1088 et
3104 1032 3233 1089 hinc
3254 1049 3385 1107 ergo
3413 1036 3667 1106 gestabat
3696 1038 3800 1107 pai-

2208 1136 2378 1187 mam,
2407 1123 2535 1195 quia
2557 1132 2612 1177 et
2637 1121 2690 1177 in
2725 1124 3053 1180 adversitate
3082 1123 3255 1192 fortis,
3288 1136 3342 1181 et
3368 1128 3419 1182 iu
3448 1112 3800 1198 proSperitate

2209 1212 2432 1268 humilis
2457 1215 2835 1284 permanebat.
2867 1214 3123 1286 Quisquis
3150 1216 3297 1271 enim
3323 1217 3395 1294 de.
3412 1221 3692 1289 prosperis
3720 1236 3801 1276 cx-

2211 1303 2449 1371 tollitur,
2488 1304 2693 1359 habere
2729 1305 2782 1358 in
2832 1314 2986 1375 parte
3028 1307 3250 1361 dextera
3288 1307 3523 1378 palmam
3570 1311 3743 1366 nescit
3784 1325 3797 1363 :

2209 1394 2455 1465 quisquis
2485 1393 2537 1448 in
2575 1393 2906 1450 advet‘sitate
2938 1393 3237 1468 frangitur,
3263 1404 3485 1465 portare
3507 1398 3740 1467 palmam
3769 1417 3796 1452 a

2210 1484 2433 1540 sinistro
2472 1484 2644 1540 latere
2684 1485 2916 1556 ignorat.
2957 1486 3026 1544 Ut
3057 1502 3187 1559 ergo
3223 1488 3350 1543 hinc
3384 1499 3440 1544 et
3475 1490 3604 1544 inde
3628 1491 3797 1560 palma

2210 1582 2452 1647 gestetur
2484 1574 2539 1630 in
2572 1573 2782 1643 fronte,
2820 1577 3012 1633 adesse
3047 1593 3264 1649 semper
3295 1580 3495 1636 nostris
3534 1583 3799 1637 mentibus

2210 1668 2388 1733 debet,
2420 1677 2475 1724 et
2506 1669 2559 1724 in
2595 1669 2839 1726 adversis
2866 1669 3097 1737 fiducia,
3133 1673 3266 1727 etin
3295 1674 3575 1744 prosperis
3598 1675 3793 1732 timor:

2212 1772 2281 1813 ne
2320 1767 2413 1813 aut
2456 1758 2685 1813 adversa
2737 1759 2791 1813 in
2842 1760 3277 1831 desperationem
3313 1764 3673 1834 pertrahunt,
3713 1776 3798 1821 aut

507 1866 711 1938 pientia
748 1864 1117 1930 confidenter,
1155 1873 1211 1919 et
1248 1878 1371 1919 cum
1412 1863 1631 1918 sublimi
1669 1877 1802 1917 voce
1836 1861 2104 1928 clamitat,
2134 1849 2182 1909 Β
2210 1861 2467 1938 Prospera
2495 1846 2736 1903 δηὶιηυηὶ
2778 1848 2833 1903 in
2872 1850 2955 1904 sui
2994 1849 3194 1907 ﬁducia
3221 1853 3503 1909 extollunt.
3542 1854 3683 1911 Hinc
3722 1866 3797 1913 est

508 1966 828 2029 septemque
866 1942 1123 2028 gradibus
1156 1952 1488 2026 ingreditur,
1522 1962 1580 2006 ut
1604 1949 1989 2022 perveniat‘ad
2018 1965 2107 2005 ve-

510 2047 793 2111 stibulum,
821 2053 878 2102 et
906 2060 1004 2115 per
1029 2042 1240 2114 palmas
1269 2042 1533 2113 propositi
1573 2042 1658 2096 sui
1694 2049 1856 2111 atque
1880 2049 2107 2095 conatus

506 2139 793 2197 victoriam
842 2144 1027 2191 teneat
1080 2134 1489 2209 sempiternam.
1549 2132 1617 2187 Et
1668 2148 1735 2187 ne
1788 2140 2105 2203 putaremus

508 2246 676 2288 unum
699 2244 819 2285 esse
845 2229 913 2283 ad
940 2225 1233 2282 australem
1264 2236 1474 2296 partem
1503 2224 1736 2289 atrium,
1768 2223 1834 2278 de
1868 2221 2105 2278 secundo

507 2322 711 2378 dicitur
730 2319 890 2383 atrio,
922 2328 976 2374 et
1003 2328 1173 2390 porta:
1200 2316 1322 2372 att-ii
1351 2316 1629 2372 interioris
1653 2316 1706 2369 in
1736 2314 1822 2369 via
1854 2312 2102 2377 australi,

505 2422 562 2470 et
588 2427 810 2468 mensus
842 2427 871 2465 a
908 2419 1065 2480 porta
1094 2402 1372 2479 usquead
1413 2418 1626 2479 portam
1660 2407 1714 2462 in
1754 2406 1840 2460 via
1880 2404 2104 2461 australi

508 2515 727 2563 centum
756 2504 969 2560 cubitos
997 2520 1009 2557 :
1042 2510 1101 2558 ut
1129 2510 1253 2573 post
1289 2500 1642 2557 hebdomadis
1670 2506 1723 2554 et
1753 2497 2103 2554 instrumenti

509 2595 728 2652 Veteris
757 2599 1129 2657 sacramenta,
1162 2590 1229 2644 ad
1266 2600 1466 2645 terram
1494 2590 1691 2645 bcnam
1732 2595 1788 2642 et
1822 2585 2102 2657 Evangelii

508 2685 738 2757 gratiam
764 2682 1091 2755 perveniret.

579 2776 646 2848 (G
654 2775 786 2847 reg.)
814 2774 953 2842 Quid
986 2783 1068 2830 est
1096 2774 1199 2828 hoc
1219 2813 1233 2839 ,
1260 2772 1402 2842 quod
1439 2771 1587 2841 prius
1624 2770 1676 2825 in
1720 2769 1989 2825 frontibus
2016 2768 2102 2839 pi-

508 2877 662 2924 ctura
686 2865 1009 2938 palmarum,
1037 2879 1180 2918 nunc
1206 2872 1383 2917 autem
1408 2861 1608 2916 eiulatu:
1632 2860 1821 2931 palmae
1844 2860 1895 2914 in
1924 2859 2103 2915 fronte

503 2976 629 3018 esse
659 2958 1064 3015 memorantur?
1104 2956 1159 3011 lu
1203 2955 1457 3010 czelatura
1498 2953 1696 3024 quippe
1735 2952 1973 3023 la'pidum
2001 2967 2100 3008 ex-

508 3066 698 3123 pressa
727 3064 849 3108 esse
884 3064 1048 3118 opera
1085 3048 1351 3102 videntur.
1385 3045 1512 3112 Sed,
1545 3046 1683 3100 sicut
1705 3045 1819 3114 jam
1846 3044 2100 3114 superius

513 3143 777 3208 diximus,
818 3142 1029 3212 pictura
1067 3137 1365 3209 palmarum
1401 3148 1485 3193 cst
1520 3137 1760 3192 ostensio
1798 3136 2097 3208 signorum.

508 3235 663 3291 Nunc
690 3249 820 3291 vero
844 3232 1099 3289 czelatura
1132 3230 1434 3301 palmarmu
1471 3230 1703 3295 dicitur,
1744 3237 1804 3283 ut
1837 3230 2103 3284 bonorum

507 3340 735 3396 operum
770 3322 1161 3380 demonstratio
1186 3321 1517 3393 designetur.
1544 3320 1679 3391 ipsis
1704 3319 1848 3374 enim
1878 3319 2104 3374 summis

508 3414 957 3487 prmdicatoribus
982 3413 1181 3468 dicitur
1210 3428 1223 3465 :
1267 3430 1284 3463 ι
1325 3412 1558 3467 Videant
1589 3428 1754 3483 opera
1795 3420 1975 3467 vestra
2009 3410 2103 3465 bo-

511 3524 580 3563 na
602 3547 618 3572 ,
657 3514 713 3562 et
756 3504 1060 3578 glorificent
1086 3503 1303 3558 Patrem
1334 3512 1573 3559 vestrum
1596 3542 1610 3569 ,
1638 3504 1729 3574 qui
1764 3504 1815 3557 in
1842 3501 1995 3557 caelis
2019 3511 2104 3556 est

511 3600 739 3674 (Matth.
774 3598 859 3673 v).
909 3617 926 3650 ι
972 3597 1075 3665 Qui
1121 3598 1284 3667 igitur
1317 3596 1370 3650 iu
1404 3597 1511 3651 vita
1548 3612 1644 3651 sua
1686 3595 1947 3666 impressa
1984 3609 2105 3649 esse

511 3705 699 3748 sancta
727 3691 890 3762 opera
920 3692 1292 3746 demonstrant
1311 3730 1324 3755 ,
1354 3689 1563 3761 palmas
1589 3689 1643 3743 in
1676 3688 1851 3743 fronte
1886 3687 2105 3743 caelatas

513 3787 739 3850 habent,
781 3783 906 3854 quia
956 3792 1160 3852 quanto
1202 3782 1321 3838 illos
1364 3782 1415 3836 in
1448 3789 1727 3851 posterum
1768 3780 1990 3834 victoria
2020 3792 2105 3832 sc-

509 3878 733 3940 qnatur,
752 3867 868 3938 jam
894 3884 1039 3924 nunc
1064 3867 1117 3923 in
1151 3868 1357 3923 sanctis
1375 3868 1488 3922 suis
1509 3867 1764 3937 operibus
1789 3864 2101 3920 ostendunt.

514 3961 616 4018 Vel
644 3969 793 4017 certe
825 3960 952 4031 quia
981 3959 1141 4015 [idem
1169 3973 1268 4029 per
1295 3959 1541 4023 orientis,
1593 3972 1742 4028 spem
1772 3972 1871 4028 per
1899 3956 2105 4026 aquilo-

504 4053 628 4129 ,nis,
656 4051 980 4107 charitatetn
1010 4064 1140 4105 vero
1164 4064 1262 4120 per
1290 4049 1583 4105 australem
1615 4056 1825 4119 portam
1871 4049 2106 4104 diximus

510 4143 805 4215 designari.
831 4141 1137 4197 Notandum
1162 4142 1316 4197 nobis
1339 4150 1438 4205 est,
1468 4142 1593 4211 quia
1618 4142 1672 4196 in
1704 4140 1928 4196 orientis
1947 4147 2107 4211 porta

511 4233 725 4303 pictura
754 4230 1149 4302 palmarum,in
1187 4230 1439 4300 aquilone
1479 4244 1608 4286 vero
1652 4238 1706 4285 et
1739 4230 1964 4301 meridie
2001 4244 2105 4283 ete-

515 4322 691 4378 latura
720 4336 843 4377 esse
873 4322 1212 4392 perhibetur,
1250 4320 1375 4390 quia
1418 4320 1681 4391 contingit
1722 4334 1892 4389 schc,
1932 4327 1991 4374 ut
2026 4319 2105 4383 bi,

514 4414 607 4485 qui
645 4413 822 4469 adimo
858 4412 1181 4467 inchoantes
1210 4421 1361 4474 sunt,
1395 4411 1623 4466 necdum
1669 4426 1728 4467 se
1763 4412 1815 4465 in
1852 4410 2108 4481 operibus

512 4508 704 4565 solidis
729 4522 794 4562 ac
823 4506 1035 4578 magnis
1054 4513 1367 4560 exerceant.
1394 4503 1457 4557 Hi
1483 4518 1633 4567 vero,
1658 4504 1746 4572 qui
1768 4510 1892 4574 post
1913 4501 2108 4571 iniqui-

514 4618 658 4665 tates
682 4608 752 4664 ad
776 4577 1031 4662 virtutem
1057 4604 1301 4669 redeunt,
1328 4603 1669 4673 plerumque,
1698 4609 1755 4654 ut
1774 4599 1958 4669 culpas
1979 4614 2105 4654 suas
2132 4577 2183 4636 ἶ)

511 4709 643 4756 ante
664 4698 1053 4769 omnipotentis
1082 4695 1175 4751 Dei
1207 4694 1393 4750 oculos
1426 4702 1605 4766 tegere
1636 4692 1882 4757 valeant,
1910 4692 1962 4745 in
1994 4707 2107 4745 ma-

515 4791 640 4863 gnis
660 4789 916 4861 operibus
935 4794 1261 4843 exercentur
1281 4802 1295 4840 :
1326 4793 1382 4838 et
1402 4784 1489 4853 qui
1512 4782 1625 4853 jam
1650 4783 1861 4839 fervore
1886 4782 2109 4852 spiritus

518 4880 577 4935 in
604 4878 892 4934 virtutibus
927 4883 1317 4941 excreverunt,
1347 4875 1504 4947 quasi
1546 4875 1801 4931 meridies
1823 4876 1878 4929 in
1907 4876 2111 4931 sanctis

514 4969 730 5026 iactibus
747 4967 1118 5023 inardescunt.
1135 4966 1192 5021 in
1214 4966 1443 5022 orientis
1464 4981 1592 5038 ergo
1605 4975 1757 5036 porta
1776 4965 1983 5036 pictura
2002 4974 2102 5031 est,

518 5061 578 5117 in
607 5057 879 5130 aquilonis
909 5072 1038 5113 vero
1063 5065 1118 5112 et
1144 5057 1389 5117 nteridiei
1414 5057 1702 5121 caelatura,
1737 5057 1862 5125 quia
1894 5056 2107 5127 signum

520 5151 795 5219 victoria,
833 5149 976 5221 quod
1014 5152 1071 5205 in
1110 5150 1490 5206 inchoantibus
1529 5152 1864 5215 ostenditur,
1911 5150 2011 5204 hoc
2056 5149 2108 5202 in

519 5243 920 5303 revertentibus
944 5250 1106 5313 atque
1134 5242 1464 5297 ferventibus
1484 5243 1597 5313 jam
1624 5241 1846 5297 solidius
1870 5250 1925 5294 et
1956 5241 2112 5294 robu-

519 5336 661 5393 stius
680 5342 916 5391 tenetur.
937 5331 1245 5388 Notandum
1265 5347 1480 5403 quoque
1510 5346 1837 5402 magnopere
1859 5340 1940 5385 est
1968 5329 2112 5400 quod

522 5427 721 5484 dicitur
752 5444 766 5481 :
803 5442 823 5478 ‹
863 5424 991 5480 hinc
1024 5431 1084 5479 et
1118 5424 1261 5479 inde.
1295 5442 1313 5476 ι
1345 5422 1544 5478 Omnes
1570 5424 1711 5477 enim
1760 5423 1850 5492 qui
1890 5420 1957 5477 ad
1986 5423 2110 5476 vitae

520 5517 728 5575 aditum
756 5516 1051 5581 tendimus,
1082 5521 1138 5568 et
1163 5528 1229 5568 ex
1258 5514 1452 5570 dextro
1482 5522 1537 5569 ct
1561 5514 1783 5569 sinistro
1816 5513 1983 5568 latere
2014 5514 2110 5567 ha—

522 5614 655 5670 bere
673 5610 909 5683 palmam
932 5610 1211 5666 debemus.
1242 5607 1394 5675 Quod
1416 5609 1560 5664 enim
1589 5608 1715 5665 hinc
1744 5617 1799 5665 et
1827 5608 1952 5664 inde
1977 5607 2111 5662 dici-

522 5715 637 5769 tur,
678 5703 819 5759 latus
850 5712 1146 5775 utrumque
1188 5699 1451 5771 signatur.
1497 5701 1543 5757 Α
1579 5702 1769 5759 dextro
1807 5702 1969 5774 igitur
1995 5701 2109 5770 pal-

525 5810 669 5851 mam
698 5796 863 5853 habet
892 5794 940 5850 is
966 5809 1126 5866 quem
1156 5808 1417 5865 prospcra
1445 5810 1553 5851 non
1575 5793 1872 5860 extollunt;
1918 5808 1946 5848 a
1979 5793 2108 5847 sini~

2209 1937 2353 2007 quod
2394 1937 2545 1993 idem
2597 1939 2849 2009 egregius
2886 1940 3211 2009 prtedicator
3237 1942 3452 1998 dicebat
3484 1960 3497 1996 :
3534 1963 3555 1996 ‹
3601 1943 3723 2001 Scio
3749 1956 3797 2000 ct

2210 2025 2505 2107 humiliari,
2533 2028 2647 2083 scio
2673 2037 2729 2083 et
2756 2029 3033 2084 abundare
3056 2027 3309 2103 (Philipp.
3338 2031 3448 2102 tv);
3481 2052 3499 2085 ι
3530 2034 3731 2104 ubique
3749 2045 3795 2089 ct

2209 2118 2262 2172 in
2283 2118 2536 2173 omnibus
2550 2119 2827 2175 institutus
2839 2136 2980 2187 sum,
2997 2130 3050 2176 et
3066 2122 3249 2177 satiari
3272 2132 3325 2178 et
3345 2125 3559 2179 esurire
3572 2134 3629 2179 et
3644 2127 3794 2180 abun-

2207 2210 2338 2265 dare
2358 2252 2373 2277 ,
2399 2218 2453 2268 et
2476 2212 2757 2290 penuriam
2785 2214 2893 2284 pati
2927 2233 2939 2268 :
2978 2234 2995 2267 ‹
3034 2213 3226 2271 Omnia
3267 2233 3489 2287 possum
3519 2220 3578 2273 in
3618 2234 3681 2294 eo
3712 2221 3792 2290 qui

2208 2319 2296 2358 me
2329 2302 2603 2359 confortat
2632 2304 2844 2379 (lbid.).
2884 2327 2901 2358 ι
2956 2306 3336 2379 Nunquidnam
3366 2326 3469 2366 ars
3496 2322 3583 2367 est
3625 2312 3791 2381 aliqua

2207 2395 2482 2452 humiliari
2532 2404 2587 2453 et
2616 2397 2915 2466 abundare,
2951 2401 3137 2457 satiari
3168 2412 3221 2458 et
3251 2404 3461 2460 esurire
3480 2446 3493 2471 ,
3524 2406 3791 2460 abundare

2207 2496 2261 2544 ct
2296 2488 2581 2559 penuriam
2607 2490 2739 2561 pati,
2775 2501 2833 2547 ut
2861 2510 2960 2564 pro
2988 2510 3185 2567 magno
3226 2514 3284 2553 se
3310 2500 3453 2555 scire
3482 2499 3589 2554 ista
3626 2509 3791 2555 tantus

2204 2577 2534 2649 prmdicator
2564 2579 2846 2636 insinuet?
2873 2599 2963 2639 ars
2988 2587 3209 2643 omnino
3238 2597 3293 2642 et
3330 2591 3469 2643 mira
3505 2591 3790 2660 disciplina:

2204 2667 2455 2735 scientia,
2493 2684 2615 2741 qua:
2653 2680 2766 2727 toto
2801 2674 2955 2729 nobis
2984 2676 3163 2731 cordis
3191 2688 3275 2733 cst
3303 2680 3497 2736 adnisu
3524 2681 3786 2737 discenda.

2204 2763 2377 2834 Quem
2418 2764 2563 2822 enim
2598 2766 2830 2838 penuria
2870 2783 2967 2823 sua
3007 2784 3114 2825 non
3165 2769 3382 2842 frangit,
3432 2789 3464 2827 a
3502 2775 3788 2845 gratiarum

2204 2862 2549 2919 actionenon
2586 2863 2849 2921 retrahit:
2877 2863 2929 2918 in
2965 2881 3146 2920 rerum
3182 2869 3563 2938 temporalium
3599 2871 3790 2926 deside-

2205 2954 2346 3009 rium
2382 2970 2489 3010 non
2528 2954 2796 3010 accendit.
2852 2954 2967 3010 Scit
3005 2956 3279 3013 humiliari
3311 2978 3323 3013 τ
3359 2960 3463 3016 hoc
3500 2962 3647 3017 enim
3685 2962 3788 3018 loco

2204 3043 2495 3115 Apostolus
2538 3045 2834 3113 humiliari,
2886 3047 3017 3102 dicit
3059 3051 3341 3118 penuriam
3382 3055 3614 3124 perpeti.
3666 3054 3785 3109 Nam

2206 3136 2391 3191 statim
2418 3151 2450 3191 e
2474 3137 2748 3207 contrario
2787 3136 3068 3207 subiunxit
3097 3157 3109 3194 :
3150 3160 3166 3190 ς
3193 3139 3319 3197 Scio
3359 3153 3413 3199 et
3447 3146 3737 3201 abundare.
3765 3166 3781 3198 ›

2131 3208 2176 3272 C
2208 3224 2310 3292 Qui
2341 3225 2484 3282 enim
2513 3227 2751 3297 acceptis
2790 3229 2952 3283 rebus
2990 3244 3096 3284 non
3136 3231 3430 3298 extollitur,
3473 3236 3563 3303 qui
3602 3252 3694 3291 cas
3727 3238 3786 3290 ad

2208 3333 2363 3372 usum
2394 3332 2545 3372 vanre
2573 3317 2756 3390 glorize
2782 3334 2888 3374 non
2918 3319 3211 3391 intorquet,
3250 3323 3339 3392 qui
3370 3323 3518 3379 solus
3548 3341 3655 3382 non
3677 3343 3786 3396 pos-

2208 3409 2347 3465 sidet
2372 3409 2516 3479 quod
2561 3410 2793 3481 accepit,
2834 3410 2929 3466 sed
2959 3411 3063 3466 hoc
3087 3427 3209 3466 cum
3245 3412 3615 3483 indigentibus
3643 3419 3787 3473 mise-

2207 3488 2491 3557 ricorditer
2532 3501 2752 3567 dividit,
2792 3502 2891 3557 scit
2940 3502 3237 3570 abundare,
3287 3506 3378 3575 qui
3424 3510 3664 3578 acceptis
3702 3510 3788 3565 aii-

2209 3596 2409 3651 mentis
2434 3611 2539 3650 non
2568 3594 2635 3649 ad
2660 3596 3134 3667 ingurgitationem
3159 3600 3367 3653 ventris
3394 3601 3583 3667 utitur,
3612 3602 3701 3657 sed
3727 3602 3785 3656 ad

2209 3686 2607 3760 reparationem
2637 3686 2875 3751 virtutis,
2916 3702 3015 3741 nec
3047 3687 3169 3759 plus
3209 3678 3356 3744 carni
3392 3692 3603 3759 tribuit,
3636 3707 3783 3763 quam

2208 3776 2504 3831 necessitas
2541 3775 2696 3846 petit.
2746 3775 2861 3831 Scit
2901 3778 3111 3844 satiari,
3140 3779 3232 3849 qui
3270 3780 3653 3837 alimentorum
3684 3785 3785 3837 ino-

2208 3868 2352 3937 piam
2396 3867 2513 3922 sine
2556 3869 2987 3925 murmuratione
3026 3870 3251 3937 toierat,
3294 3887 3395 3928 nec
3429 3889 3528 3942 pro
3566 3874 3784 3931 necessi-

2210 3965 2324 4014 tate
2346 3957 2522 4013 victus
2545 3956 2656 4029 agit
2677 3956 2879 4028 aliquid
2898 3999 2912 4024 ,
2936 3960 3077 4014 unde
3105 3961 3284 4016 anima
3313 3964 3524 4035 peccati
3550 3964 3785 4035 laqueum

2209 4050 2472 4115 incurrat,
2512 4049 2617 4105 scit
2645 4050 2877 4105 esurire.
2926 4050 3096 4117 Quem
3130 4069 3280 4124 ergo,
3322 4071 3425 4110 nec
3449 4058 3504 4110 in
3528 4056 3785 4112 abundan-

2211 4142 2284 4196 tia
2323 4143 2576 4215 superbia
2614 4142 2808 4209 elevat,
2854 4156 2955 4198 nec
2980 4143 3035 4198 in
3064 4145 3391 4209 necessitate
3434 4148 3701 4218 cupiditas
3725 4148 3785 4201 ir-

2211 4233 2370 4300 ritat,
2424 4233 2575 4289 novit
2628 4233 2943 4301 abundare,
2992 4234 3142 4288 novit
3182 4237 3465 4305 penuriam
3513 4240 3646 4307 pati.
3693 4237 3781 4304 Qui

2210 4337 2332 4378 cum
2360 4324 2545 4378 statim
2580 4324 2837 4381 subderet
2867 4344 2885 4377 ί
2914 4325 3094 4380 omnia
3136 4342 3375 4397 possunt,
3408 4348 3425 4379 ι
3464 4346 3532 4385 ne
3556 4330 3784 4385 elationis

2211 4428 2331 4471 esse
2347 4416 2509 4472 verba
2537 4416 2907 4483 crederemus,
2937 4416 3183 4486 adiunxit
3212 4420 3267 4473 in
3294 4435 3440 4491 quo:
3476 4442 3494 4474 ι
3518 4422 3674 4488 ineo,
3702 4422 3781 4493 qui

2214 4520 2301 4561 me
2332 4504 2623 4561 confortat.
2666 4526 2685 4558 ›
2719 4506 2858 4562 Ecce
2888 4507 2941 4562 in
2981 4508 3147 4563 altum
3196 4525 3382 4566 ramus
3425 4514 3609 4582 prodit
3649 4528 3663 4567 :
3701 4512 3783 4567 sei

2210 4596 2337 4667 quia
2369 4595 2421 4650 in
2456 4596 2639 4651 radice
2674 4611 2732 4651 se
2757 4598 2948 4665 tenuit,
2989 4598 3045 4653 in
3075 4599 3350 4658 viriditate
3385 4603 3700 4672 permansit.
3732 4600 3781 4655 in

2210 4688 2377 4743 altum
2411 4688 2557 4742 enim
2594 4702 2823 4758 surgens
2861 4698 3164 4757 aresceret,
3201 4692 3247 4747 si
3288 4708 3346 4747 se
3382 4708 3413 4747 a
3453 4694 3633 4749 radice
3666 4691 3786 4748 divi-

2210 4781 2389 4835 sisset.
2442 4779 2554 4833 Sibi
2574 4779 2717 4834 enim
2746 4778 2825 4834 nil
2855 4781 3063 4846 tribuit,
3088 4782 3179 4851 qui
3209 4783 3393 4838 omnia
3423 4799 3486 4839 se
3506 4799 3661 4856 posse
3688 4798 3782 4838 non

2213 4874 2266 4927 in
2298 4888 2375 4938 se,
2408 4872 2499 4928 sed
2549 4872 2603 4927 in
2638 4887 2703 4928 eo
2742 4873 2833 4943 qui
2874 4887 2932 4929 se
2970 4872 3263 4940 c0nfortat,
3307 4873 3528 4931 fatetur.
3569 4876 3696 4931 liinc
3736 4883 3785 4929 et

2213 4962 2339 5018 inde
2363 4978 2489 5033 ergo
2516 4960 2841 5031 praedicator
2874 4963 3122 5034 egregius
3149 4963 3388 5034 palmam
3422 4966 3607 5031 habet,
3638 4980 3784 5035 quem

2211 5066 2313 5107 nec
2336 5051 2660 5107 abundantia
2705 5053 2760 5107 in
2804 5054 3134 5125 superbiam,
3174 5070 3277 5110 nec
3310 5056 3493 5126 inopia
3522 5058 3590 5112 ad
3624 5058 3787 5112 avari-

2212 5148 2343 5202 tiam
2372 5148 2654 5218 pertrahit.
2694 5148 2979 5205 Discamus
3004 5150 3164 5221 igitur
3184 5150 3481 5218 abundare,
3525 5162 3584 5208 ut
3606 5161 3785 5208 cuncta

2213 5255 2332 5312 quae
2374 5240 2441 5293 ab
2482 5254 2547 5294 eo
2593 5240 2903 5309 accepimus
2931 5256 3055 5296 cum
3084 5240 3451 5311 indigentibus
3480 5243 3783 5313 partiamur,

2216 5338 2274 5386 ut
2305 5339 2537 5384 mentem
2565 5328 2893 5383 abundantia
2933 5344 3038 5384 non
3071 5328 3263 5395 elevet,
3304 5345 3373 5385 ne
3416 5330 3641 5385 fortasse
3665 5344 3785 5398 gau-

2217 5423 2361 5489 deat,
2390 5422 2515 5492 quia
2545 5420 2648 5476 hoc
2674 5420 2826 5475 adest
2854 5420 2980 5486 sibi,
3010 5420 3153 5490 quod
3183 5420 3337 5477 deest
3377 5421 3532 5478 alteri
3565 5440 3577 5474 :
3606 5429 3660 5475 et
3689 5433 3784 5473 nea

2210 5517 2323 5586 jam
2353 5513 2624 5570 communi
2660 5513 2824 5579 bono,
2866 5513 2959 5568 sed
2986 5512 3207 5584 proprio
3240 5512 3473 5569 lactetur.
3513 5514 3555 5567 A
3587 5512 3784 5582 privato

2215 5606 2411 5679 gaudio
2443 5604 2655 5660 Veritas
2689 5604 2755 5658 ad
2781 5615 3068 5659 commune
3096 5603 3389 5674 discipulos
3414 5609 3642 5663 revocat,
3674 5615 3782 5653 cum

2215 5714 2309 5754 cos
2337 5696 2403 5752 de
2425 5695 2803 5767 ptmdicationc
2833 5693 3141 5759 redeuntes,
3164 5703 3220 5749 et
3246 5695 3312 5750 de
3341 5694 3666 5765 subiectione.
3692 5689 3782 5742 da:-

2218 5806 2438 5846 monutn
2482 5790 2726 5843 ιεριειιιιοε
2764 5784 3050 5852 admonet,
3095 5785 3303 5841 dicens:
3328 5783 3535 5842 tNolite
3570 5778 3784 5852 gaudere
