3950 6334
152 448 267 504 Ἡδῖ

1083 449 1436 508 CONMENT.
1478 446 1547 503 IN
1585 444 2037 504 EZECIIIELEM.
2081 478 2148 488 -—-
2189 448 2317 504 LIB.
2361 447 2476 503 XV.

3338 453 3443 509 938

155 572 328 627 super
368 557 490 622 hoc,
517 557 609 612 sed
638 557 818 626 potius
844 558 1075 628 gaudete
1102 568 1156 614 et
1188 557 1473 622 exsultatc,
1504 557 1630 627 quia
1655 571 1754 611 no-
1783 564 1830 621 Α
1860 572 1921 613 se
1946 556 2074 612 hine
2101 553 2225 612 inde
2256 556 2625 627 circumspicit
2651 566 2813 628 atque
2845 573 2873 612 a
2906 560 3113 629 peccati
3141 560 3330 632 laquei»
3354 580 3452 620 ευ..

156 648 307 701 mina
340 658 519 701 vestra
559 649 759 719 serias
794 658 922 703 sunt
952 649 1005 702 iu
1038 649 1198 704 coelo.
1240 647 1357 702 Non
1389 650 1533 703 enim
1566 662 1755 703 omnes

159 739 322 794 electi
362 738 627 793 dmnionia
673 740 918 810 ejiciunt,
957 741 1051 796 sed
1089 750 1272 797 tamen
1313 741 1613 797 electorum
1646 755 1757 795 om-

159 833 312 889 nium
355 834 572 887 nomina
603 834 742 890 ctelo
790 843 1047 890 tenentur
1080 835 1339 905 ascripta.
1383 832 1757 888 Admonentur

154 936 294 994 ergo
318 923 562 993 discipuli
586 924 853 993 privatam
880 924 1121 979 laetitiam
1150 926 1420 995 deponere
1444 942 1458 978 :
1484 923 1756 979 communi

159 1023 342 1067 autem
369 1022 423 1068 et
446 1023 704 1085 perpetua
734 1014 989 1071 felicitate
1009 1016 1262 1092 gaudere.
1288 1014 1549 1086 Quisquis
1576 1014 1757 1083 itaque

154 1102 218 1157 in
265 1117 352 1167 eo,
395 1105 537 1173 quod
580 1104 717 1160 alter
756 1121 864 1159 non
914 1106 1094 1169 habet,
1143 1105 1363 1176 gaudet,
1399 1118 1467 1159 ex
1504 1104 1617 1173 ipsa
1658 1117 1755 1157 sua

159 1194 493 1250 abundantia
521 1197 757 1252 deterior
780 1196 954 1252 factus
993 1197 1243 1266 gaudium
1274 1198 1543 1266 privatum
1570 1194 1752 1249 habet.

158 1283 364 1341 Contra
414 1287 570 1358 hujus
620 1303 719 1342 nos
773 1288 1070 1357 appetitum
1133 1287 1478 1342 abundantia:
1520 1283 1756 1340 Joannes

160 1376 440 1447 aﬁnionet,
471 1377 655 1432 dicens
682 1392 697 1431 :
728 1397 745 1428 ι
778 1376 952 1433 Nolite
992 1377 1215 1447 diligere
1242 1375 1525 1437 mundum,
1558 1388 1661 1429 nec
1692 1389 1754 1429 ea

152 1482 285 1537 qua:
314 1468 368 1523 in
392 1467 594 1524 mundo
626 1476 751 1523 sunt
772 1467 828 1539 (Ι
856 1468 1016 1522 Joan.
1041 1467 1134 1539 n);
1171 1488 1190 1519 ι
1218 1468 1308 1536 qui
1336 1482 1461 1520 mox
1491 1466 1754 1519 rationem

157 1561 403 1617 subdidit
426 1574 594 1631 quare
627 1579 639 1612 :
678 1578 698 1611 ι
744 1562 790 1616 si
825 1562 948 1631 quis
989 1560 1165 1630 diligit
1212 1562 1493 1624 mundum,
1537 1573 1641 1612 non
1672 1566 1756 1612 est

152 1650 402 1707 eharitas
425 1651 603 1705 Patris
626 1651 678 1705 in
705 1666 773 1706 eo
802 1650 1014 1723 (Ibid.).
1051 1650 1219 1705 Nemo
1247 1650 1392 1703 enim
1420 1656 1598 1718 potest
1623 1648 1753 1702 duo-

152 1744 265 1798 bus
292 1744 523 1798 dominis
554 1742 759 1797 servire
793 1743 1007 1812 (Matth.
1035 1741 1136 1813 vi),
1176 1761 1193 1792 ι
1226 1742 1351 1810 quia
1380 1757 1484 1796 non
1511 1740 1653 1795 valet
1682 1742 1755 1796 si—

154 1834 275 1889 mul
299 1835 607 1889 transitoria
629 1843 681 1889 et
701 1845 900 1888 mterna
917 1849 1127 1887 amare.
1155 1832 1211 1887 Si
1233 1834 1376 1887 enim
1397 1833 1752 1887 azternitatem

1859 648 2046 714 stodit,
2083 650 2233 704 novit
2259 650 2489 705 esurire.
2536 649 2645 705 Nos
2674 650 2879 722 itaque,
2923 653 3118 709 fratres
3154 657 3448 725 carissimi,

1859 747 1997 801 i‘ram
2054 756 2219 818 atque
2279 748 2566 803 avaritiam
2625 750 2678 804 in
2746 750 3071 809 adversitate
3141 755 3449 829 fugientes,

1857 835 2119 893 elationes
2139 844 2196 893 et
2217 838 2572 894 immoderata
2601 840 2793 911 gaudia
2820 841 2873 894 in
2901 847 3259 912 prosperitate
3286 847 3452 902 decli-

1858 936 2083 995 nantes,
2128 932 2256 1001 quia
2301 948 2399 1002 per
2446 932 2641 996 ﬁdem,
2696 949 2879 1004 spem,
2936 946 3097 1006 atque
3132 940 3452 993 eharitatem

1858 1020 2137 1078 interioris
2159 1025 2287 1079 vitae
2312 1025 2513 1079 atrium
2543 1026 2717 1082 tribus
2755 1029 2922 1097 portis
2960 1030 3165 1085 intrare
3194 1033 3452 1103 concupi-

1859 1112 2081 1177 scimus,
2108 1113 2319 1183 palmas
2348 1116 2475 1171 hinc
2503 1125 2558 1171 et
2604 1118 2729 1173 inde
2779 1127 3077 1175 teneamus.
3115 1140 3136 1172 ‹
3169 1122 3235 1176 Et
3279 1117 3451 1177 intro—

1859 1204 2012 1260 duxit
2041 1222 2151 1272 me,
2178 1207 2369 1278 inquit,
2387 1210 2437 1263 in
2458 1210 2653 1264 atrium
2675 1213 2898 1266 interius
2924 1213 2989 1268 ad
3015 1223 3222 1283 portam
3249 1218 3456 1271 subtra-

1856 1290 1984 1355 lem,
2018 1300 2073 1346 et
2106 1309 2327 1349 mensus
2364 1306 2446 1349 est
2483 1306 2695 1365 portam
2719 1295 2871 1365 juxta
2905 1314 3186 1355 mensuras
3216 1303 3457 1371 superio-

1860 1393 1971 1447 res,
1991 1390 2097 1435 etc.
2136 1401 2154 1434 ι
2186 1382 2459 1454 (Hilarem)
2489 1383 2710 1456 Singula
2740 1388 2882 1441 enim
2917 1389 3054 1442 atria
3080 1390 3279 1445 habent
3302 1407 3455 1445 men-

1857 1484 2013 1525 suras
2045 1481 2099 1526 et
2128 1473 2344 1528 ordines
2375 1490 2524 1542 Sl:.‘-'3,
2548 1467 2603 1530 et
2638 1478 2691 1530 in
2726 1478 2909 1533 iisdem
2944 1484 3211 1536 mensuris
3238 1484 3450 1539 diversa

1857 1562 2029 1631 gratia
2055 1571 2159 1628 est,
2195 1563 2325 1619 dum
2346 1567 2564 1621 easdem
2592 1582 2681 1622 res
2705 1567 2865 1623 aliter
2891 1568 2942 1623 in
2974 1571 3260 1641 principio,
3292 1574 3451 1628 aliter

1859 1653 1912 1707 in
1958 1648 2229 1722 profectu,
2266 1656 2425 1711 aliter
2455 1657 2509 1711 in
2558 1657 2667 1711 fine
2704 1661 3098 1730 cognoscimus.
3146 1659 3257 1717 lloc
3298 1680 3447 1727 vero.

1858 1744 2002 1811 quod
2030 1743 2084 1797 in
2112 1743 2464 1815 Septuaginta
2496 1763 2602 1800 non
2630 1748 2882 1813 habetur,
2912 1757 2966 1803 et
3004 1752 3329 1807 vestibulum
3355 1770 3451 1823 per

1857 1850 2046 1906 gyrum
2078 1836 2412 1908 longitudine
2435 1840 2622 1909 viginti
2650 1844 2887 1911 quinque
2927 1845 3251 1905 cubitorum.
3283 1856 3337 1899 et
3367 1846 3447 1898 la-

156 1922 456 1992 (i'tligimus,
510 1936 701 1977 cuncta
735 1924 1068 1992 temporalia.
1100 1924 1151 1976 in
1185 1938 1283 1978 usu
1330 1939 1435 1977 non
1468 1924 1519 1976 in
1561 1920 1754 1976 aﬂ‘ectu
1785 1919 1830 1978 B
1861 1928 2089 1983 titudine
2113 1930 2351 2000 quinque
2382 1932 2709 1997 cubitorum,
2756 1936 2967 1989 videtur
2993 1935 3173 1991 facere
3201 1939 3455 2006 quaestio-

149 2014 517 2085 possidemus,
544 2015 669 2083 quia
696 2016 943 2069 eamdem
972 2016 1237 2068 rationem
1265 2014 1510 2083 protinus
1551 2012 1752 2075 subdit,

152 2108 379 2162 dicens:
403 2126 419 2157 ι
445 2107 581 2174 Quia
594 2123 773 2171 omne,
792 2109 934 2177 quod
956 2116 1040 2162 est
1063 2107 1116 2161 in
1138 2107 1357 2170 mundo,
1373 2106 1756 2175 concupiscen-

158 2200 235 2253 tia
290 2200 471 2253 carnis
500 2209 605 2265 est,
632 2207 689 2253 et
735 2200 1172 2269 concupiscentia
1216 2197 1524 2259 oculorum,
1562 2204 1617 2250 et
1661 2211 1753 2249 su-

148 2290 348 2361 perbia
378 2288 689 2344 \'ikl3.$ld80
719 2288 865 2344 enim
905 2289 1107 2342 habere
1156 2287 1358 2356 aliquid
1396 2287 1663 2350 homines,
1701 2292 1755 2337 et

149 2385 303 2441 ultra
334 2401 497 2456 quam
541 2399 765 2440 necesse
808 2392 896 2440 est
936 2384 1350 2452 concupiscunt,
1402 2392 1462 2435 ut
1510 2380 1756 2433 habendo

151 2480 479 2552 superbiant
508 2494 522 2533 :
548 2487 602 2534 et
631 2478 757 2549 quia
796 2478 901 2532 hoc
952 2477 1089 2530 alius
1119 2492 1224 2531 non
1275 2473 1457 2538 habet,
1490 2488 1549 2526 se
1580 2473 1631 2525 in
1665 2486 1755 2525 co—

150 2572 515 2643 gitationibus
542 2570 823 2626 extollant.
880 2568 1162 2622 Discamus
1197 2565 1479 2636 penuriam
1510 2563 1643 2633 pati,
1690 2577 1757 2616 ne

153 2665 224 2721 ea
256 2681 377 2735 qute
403 2680 509 2720 non
553 2663 839 2727 habemus,
869 2661 1071 2715 habere
1120 2658 1283 2712 etiam
1316 2646 1437 2711 etim
1482 2655 1635 2725 culpa
1667 2668 1755 2708 re-

156 2760 443 2828 quiramus
474 2777 486 2809 :
520 2772 586 2811 ne
614 2754 799 2809 felices
841 2763 1115 2823 putemus,
1147 2766 1283 2821 quos
1327 2748 1489 2804 rebus
1532 2754 1757 2801 onustos

148 2850 455 2905 cernimus.
506 2848 681 2902 Nimia
727 2848 884 2902 valde
914 2853 1040 2900 sunt
1069 2859 1150 2907 ea,
1184 2858 1305 2913 qua:
1348 2842 1449 2896 sibi
1499 2841 1653 2909 quasi
1702 2840 1757 2893 in

157 2947 409 3009 sumptus
441 2938 564 2992 vitae
601 2937 884 3007 praesentis
924 2942 1253 3005 pra-parant,
1297 2931 1465 2986 multa
1516 2938 1751 2999 portant,

154 3028 259 3084 sed
290 3030 343 3082 in
372 3029 457 3082 via
484 3028 631 3082 brevi
662 3046 674 3081 :
703 3043 897 3100 magna
930 3035 1012 3080 est
1043 3025 1197 3080 nobis
1224 3025 1277 3078 in
1309 3023 1412 3077 hoc
1450 3022 1641 3076 itinere
1670 3036 1757 3075 so-

155 3119 247 3173 cia
270 3127 564 3189 paupertas
580 3156 595 3181 ,
620 3133 739 3187 quae
761 3117 1000 3171 animum
1029 3130 1135 3169 non
1157 3123 1432 3185 angustat,
1459 3128 1579 3167 cum
1606 3111 1760 3165 deest

151 3217 378 3264 terrena
408 3208 733 3273 substantia,
757 3209 822 3262 de
849 3223 953 3275 qua
981 3214 1187 3261 aeterno
1204 3204 1373 3273 judici
1404 3203 1642 3257 rationes
1662 3217 1757 3271 po-

152 3316 377 3358 namus.
407 3300 651 3355 Liberius
676 3301 741 3355 ad
776 3299 1007 3369 patriam
1043 3297 1334 3361 tendimus,
1363 3295 1489 3364 quia
1518 3293 1670 3363 quasi
1701 3293 1752 3347 in
1784 3275 1829 3339 C

158 3393 250 3455 via
288 3392 526 3463 pondere
581 3405 850 3446 caremus.
883 3389 1165 3444 Discamus
1208 3386 1413 3449 satiari,
1455 3400 1523 3439 ne
1561 3384 1614 3437 in
1664 3398 1754 3437 su-

156 3482 374 3538 mendis
399 3480 670 3535 alimentis
714 3480 957 3549 corporis
982 3478 1119 3550 gula:
1149 3476 1321 3548 magis
1373 3490 1535 3546 quam
1566 3488 1757 3528 neces-

154 3573 309 3629 sitati
361 3572 683 3643 serviamus.
719 3569 847 3623 Plus
896 3570 1038 3624 enim
1083 3566 1545 3638 concupiscentia,
1588 3579 1753 3635 quam

154 3664 464 3719 necessitas
492 3662 627 3730 petit
660 3678 672 3713 :
706 3669 763 3714 et
789 3674 929 3729 saepe
959 3658 1084 3713 dum
1110 3657 1291 3713 carnis
1318 3656 1509 3725 inopia:
1540 3652 1756 3709 satisfa-

153 3769 287 3811 cere
318 3768 595 3816 curamus,
622 3751 873 3821 voluptas
912 3748 1174 3818 subrepit,
1200 3746 1414 3801 modum
1448 3744 1755 3832 rel'ectjonis

156 3848 378 3903 excedit
413 3866 423 3899 :
455 3849 598 3901 unde
629 3846 689 3899 ﬁt
714 3854 777 3899 ut
810 3844 965 3914 culpa
1000 3849 1241 3897 transeat
1270 3839 1337 3893 ad
1362 3838 1595 3908 culpam,
1625 3839 1751 3908 quia

154 3937 483 4008 plerumque
528 3935 652 3989 inde
698 3934 802 3988 alia
833 3933 1011 3989 carnis
1057 3931 1288 3993 tentatio
1332 3929 1595 3993 nascitur,
1624 3928 1754 3982 dum

160 4028 317 4085 carni
360 4026 770 4082 immoderatius
801 4025 855 4078 in
900 4024 1191 4079 refectione
1222 4022 1459 4077 servitur
1490 4038 1503 4073 :
1533 4034 1603 4076 ex
1628 4034 1756 4090 peo-

156 4129 287 4176 cato
308 4118 509 4173 etenim
540 4116 700 4189 primi
734 4115 965 4171 hominis
1000 4114 1307 4170 inﬁrmante
1349 4120 1538 4167 natura
1566 4111 1621 4165 in
1650 4110 1755 4164 hoc

160 4213 369 4269 mundo
404 4226 528 4267 cum
566 4211 766 4266 nostris
810 4208 1195 4264 tentationibus
1235 4206 1496 4269 nascitur,
1533 4212 1587 4259 et
1626 4217 1755 4257 caro

158 4306 325 4362 nobis
352 4305 638 4375 aliquando
665 4301 895 4371 adiutrix
912 4310 999 4357 est
1023 4301 1074 4356 in
1096 4300 1238 4355 bono
1259 4313 1438 4369 opere,
1464 4295 1753 4366 aliquando

158 4409 350 4455 autem
379 4396 652 4452 seduetrix
687 4397 741 4450 in
792 4395 1011 4449 malmn.
1057 4393 1113 4447 Si
1158 4392 1319 4464 igitur
1346 4391 1395 4445 ei
1420 4390 1543 4461 plus
1589 4404 1752 4460 quam

158 4491 425 4549 debemus
467 4488 775 4554 tribuimus,
807 4487 1013 4543 hostem
1054 4486 1321 4540 nutrimus
1353 4490 1444 4537 :et
1490 4482 1534 4535 si
1568 4495 1753 4535 neces-

156 4581 310 4639 sitati
341 4582 475 4651 ejus,
505 4596 624 4650 qua:
651 4578 928 4644 debemus,
956 4593 1061 4642 non
1110 4576 1403 4639 reddimus,
1433 4574 1603 4629 civem
1654 4587 1750 4626 ne-

152 4662 373 4731 camusi
408 4672 667 4727 Satianda
697 4671 877 4741 itaque
906 4679 989 4724 est
1022 4685 1169 4733 caro,
1200 4667 1292 4723 sed
1322 4668 1391 4722 ad
1426 4667 1529 4721 hoc
1558 4678 1746 4734 usque,

154 4776 222 4821 ut
248 4766 302 4820 in
330 4764 472 4821 bono
506 4763 663 4819 nobis
688 4777 852 4833 opere
887 4761 1136 4815 famulari
1164 4758 1414 4815 sufﬁciat.
1440 4756 1574 4811 Nam
1601 4756 1749 4826 quis-

152 4859 288 4930 quis
308 4858 359 4913 ei
390 4867 598 4911 tantum
648 4855 854 4921 tribuit,
879 4863 939 4909 ut
965 4853 1270 4922 superbiat,
1313 4850 1499 4907 satiari
1537 4850 1750 4919 penitus

154 4952 395 5023 ignorat.
426 4949 531 5003 Ars
562 4948 743 5015 itaque
772 4961 965 5016 magna
1007 4954 1090 4999 est
1124 4943 1333 5009 satiari,
1358 4956 1426 4997 ne
1456 4942 1747 5011 unusquis-

154 5060 269 5115 que
300 5058 399 5112 per
446 5041 752 5096 satietatem
795 5038 977 5093 carnis
1008 5039 1073 5090 ad
1124 5035 1462 5103 iniquitatem
1500 5047 1749 5102 prorum-

154 5146 254 5207 pat
285 5133 653 5204 turpitudinis.
680 5131 962 5185 Discamus
986 5129 1216 5193 esurire,
1247 5136 1306 5181 ut
1344 5126 1500 5181 nobis
1529 5134 1747 5196 propter

154 5226 548 5284 abundantiam
576 5231 889 5294 sequentem
939 5214 1146 5276 nostra'
1170 5221 1258 5275 hic
1308 5219 1487 5289 inopia
1514 5218 1742 5289 placeat,

156 5334 232 5374 ne
278 5332 379 5371 nos
429 5315 634 5369 ventris
689 5312 983 5368 necessitas
1029 5312 1097 5367 ad
1148 5310 1362 5380 culpam
1406 5312 1623 5373 trahat,
1678 5324 1744 5363 ne

154 5416 442 5480 peccatum
490 5405 655 5459 menti
710 5404 809 5473 ipsi
864 5403 1156 5473 indigentia
1200 5409 1570 5473 suggeratzet
1614 5401 1740 5453 dum

155 5512 295 5555 caro
332 5495 477 5550 fame
522 5490 770 5558 adicitur,
803 5494 871 5548 ad
920 5492 1270 5562 cupiditatem
1319 5491 1532 5546 animus
1564 5491 1743 5544 irrite-

156 5599 273 5653 tur,
298 5595 356 5642 et
378 5594 584 5657 quaerat
608 5600 731 5639 eum
754 5584 909 5655 culpa
948 5584 1253 5655 providere,
1289 5584 1433 5639 unde
1468 5583 1620 5638 carni
1651 5599 1745 5636 va-

157 5680 273 5735 leat
318 5678 369 5731 in
394 5675 724 5731 necessitate
771 5674 1129 5729 satisfacere:
1166 5688 1236 5728 ne
1268 5688 1366 5729 eor
1406 5673 1462 5728 in
1509 5672 1747 5745 indigna—

161 5771 311 5828 tione
355 5767 623 5839 prosiliat,
651 5775 704 5821 et
736 5765 970 5835 linguam
1026 5766 1079 5820 in
1109 5763 1555 5820 murmurationis
1589 5779 1744 5818 ama-

157 5859 453 5917 ritudinem
480 5857 759 5912 accendat.
784 5857 885 5922 Qui
917 5858 1079 5927 igitur
1123 5857 1175 5911 in
1208 5857 1389 5911 carnis
1428 5871 1538 5911 sum
1569 5857 1742 5928 inapia

410 5950 680 6009 Parnm.
728 5947 864 6008 CX.

1778 4633 1828 4691 D

1857 2034 1999 2085 nem,
2059 2032 2281 2093 propter
2325 2024 2466 2092 quod
2515 2026 2582 2083 in
2618 2028 2791 2081 veteri
2849 2027 3292 2098 interpretatione
3342 2046 3451 2084 non

1856 2113 2088 2180 positqu
2137 2124 2239 2178 est,
2274 2117 2545 2183 quomodo
2568 2130 2693 2187 post
2729 2118 3028 2188 profectum
3060 2122 3206 2175 tertii
3254 2124 3454 2193 gradus

1855 2200 2039 2268 viginti
2072 2203 2313 2273 quinque
2339 2206 2503 2260 cubiti
2533 2216 2588 2262 et
2609 2208 2846 2279 quinque
2889 2222 3158 2281 ponantur
3189 2216 3321 2270 :sed
3355 2216 3455 2270 tol-

1854 2292 1919 2346 lit
1950 2295 2359 2365 ambiguitatem
2396 2299 2545 2364 illud,
2588 2302 2730 2369 quod
2777 2305 3041 2371 sequitur,
3081 2325 3096 2355 ι
3128 2314 3183 2359 et
3215 2307 3453 2362 vestibu-

1852 2380 1965 2435 lum
2021 2385 2139 2454 ejus
2192 2388 2257 2441 ad
2288 2388 2486 2443 atrium
2537 2392 2809 2457 exterius,
2864 2403 2918 2448 et
2970 2395 3178 2464 palmas
3224 2397 3341 2468 ejus
3396 2400 3452 2453 in

1857 2471 2055 2539 fronte,
2089 2496 2107 2527 ι
2138 2486 2196 2531 ut
2244 2478 2452 2535 scilicet
2506 2483 2609 2537 hoc
2653 2484 2879 2549 atrium,
2925 2487 3065 2554 quod
3119 2487 3351 2543 habebat
3397 2489 3453 2544 in

1858 2566 2189 2637 longitudine
2217 2570 2406 2639 viginti
2434 2573 2673 2644 quinque
2718 2576 2949 2642 eubitos,
2984 2586 3037 2631 et
3077 2578 3129 2632 in
3174 2579 3454 2637 latitudine

1858 2658 2115 2728 quinque,
2164 2676 2270 2716 non
2303 2663 2602 2730 interioris,
2634 2666 2727 2721 sed
2777 2669 3062 2723 exterioris
3103 2672 3227 2724 atrii
3274 2673 3365 2736 sit,
3394 2684 3455 2728 nt

1857 2750 2056 2819 prioris
2103 2753 2227 2809 atrii
2281 2754 2641 2824 latitudinem,
2688 2761 2792 2815 hoc
2835 2770 2945 2825 est,
2977 2763 3163 2833 viginti
3214 2764 3453 2835 quinque

1852 2843 2069 2899 cubitos
2092 2846 2384 2901 exterioris
2406 2849 2529 2903 atrii
2556 2850 2827 2919 possideat
2872 2851 3166 2920 longitudo,
3195 2867 3250 2908 et
3276 2854 3328 2907 in
3370 2856 3451 2907 la-

1860 2932 2090 2990 titudine
2132 2937 2373 3008 quinque
2397 2940 2609 2996 cubitos
2650 2950 2852 2997 teneat.
2884 2942 3030 3010 Quas
3066 2960 3369 3011 mensuras,
3398 2948 3451 3002 id

1856 3033 1962 3088 est,
1990 3024 2178 3098 viginti
2222 3028 2481 3098 quinque,
2506 3038 2559 3085 et
2587 3032 2859 3101 quinque,
2893 3034 2959 3087 ad
3007 3034 3223 3089 eosdem
3263 3051 3453 3091 sensus

1860 3116 2196 3183 referemus,
2242 3122 2417 3175 visunt
2466 3123 2717 3178 videlicet
2760 3135 2815 3178 et
2858 3126 3118 3192 auditum,
3148 3137 3359 3198 gustum
3399 3141 3455 3183 et

1860 3208 2145 3264 odoratum
2167 3219 2222 3265 et
2244 3219 2467 3267 tactum.
2492 3209 2638 3279 Qu'as
2663 3214 2707 3267 si
2730 3216 2796 3269 ad
2820 3215 3011 3269 altiora
3037 3218 3451 3275 conscendimus

1858 3300 2148 3369 quinquies
2170 3302 2529 3371 (ltiplicamus,
2553 3312 2609 3359 et
2636 3304 2703 3360 de
2725 3306 3032 3362 carnalibus
3051 3308 3298 3364 sensibus
3322 3309 3453 3366 faci-

1858 3403 1980 3442 mus
1998 3388 2288 3457 spiritales,
2305 3401 2365 3445 ut
2379 3401 2459 3446 est
2484 3392 2612 3447 illud
2636 3412 2648 3447 :
2679 3412 2697 3444 ‹
2719 3394 3123 3452 Levateoculos
3144 3408 3378 3465 vestros,
3397 3410 3455 3457 et

1856 3483 2036 3536 videte
2062 3485 2321 3551 quoniam
2343 3484 2457 3554 jam
2499 3486 2636 3541 alba:
2665 3504 2871 3543 messes
2898 3498 3023 3544 sunt
3047 3490 3116 3544 ad
3139 3493 3451 3548 metendum

1859 3572 2040 3645 (Joan.
2085 3574 2193 3647 1v);
2231 3596 2248 3628 ι
2306 3586 2363 3631 et
2393 3596 2405 3630 :
2441 3596 2458 3627 ι
2502 3578 2603 3645 Qui
2644 3578 2807 3634 habet
2842 3595 3005 3636 aures
3036 3582 3309 3648 audiendi,
3354 3598 3451 3637 au-

1857 3664 2145 3735 diat(Luc.
2185 3667 2338 3739 vui);
2376 3687 2394 3719 ι
2427 3677 2523 3723 et:
2560 3688 2582 3719 ‹
2612 3670 2837 3725 Gustate
2881 3680 2935 3726 et
2980 3672 3159 3726 videte
3194 3675 3451 3743 quoniam

1856 3755 2039 3810 suavis
2066 3765 2150 3811 est
2193 3756 2455 3812 Dominus
2488 3758 2507 3829 (
2528 3756 2674 3812 Psal.
2722 3759 2961 3832 xxxut);
3007 3779 3024 3811 ι
3061 3770 3115 3815 et
3149 3780 3161 3813 :
3196 3780 3214 3812 ι
3245 3761 3449 3819 Christi

1856 3849 2031 3903 bonus
2050 3848 2186 3903 odor
2211 3864 2398 3903 sumus
2418 3850 2473 3903 in
2506 3850 2591 3905 his
2618 3850 2710 3919 qui
2739 3850 2963 3905 credunt
2996 3850 3093 3922 (ll
3128 3850 3250 3906 Cor.
3275 3852 3383 3925 n);
3419 3873 3438 3905 ι

1854 3951 1911 3997 et
1939 3941 1993 3995 in
2022 3939 2247 3997 Joannis
2282 3941 2508 4012 epistola
2545 3943 2742 3998 dicitur
2773 3960 2785 3996 :
2816 3963 2833 3995 ι
2864 3942 3017 4010 Quod
3062 3945 3366 4001 audivimus
3393 3954 3452 4003 et

1856 4032 2109 4097 vidimus,
2140 4040 2193 4099 et
2221 4047 2414 4087 manus
2435 4042 2635 4087 nostra:
2663 4032 3043 4102 palpaverunt,
3073 4034 3138 4089 de
3160 4036 3323 4091 verbo
3362 4037 3446 4091 vi-

1855 4134 1924 4181 ta:
1953 4125 2009 4197 (I
2028 4126 2190 4181 Joan.
2222 4125 2295 4196 t);
2333 4145 2352 4179 ι
2386 4134 2443 4179 et
2464 4125 2531 4180 ad
2559 4134 2866 4181 extremum
2917 4142 3277 4197 nequaquam,
3303 4141 3362 4183 ut
3387 4130 3443 4184 in

1854 4216 2261 4288 septentrionali
2282 4217 2441 4289 plaga
2465 4224 2671 4288 septem
2697 4226 2907 4272 tantum
2927 4220 3126 4289 gradus
3151 4220 3445 4287 suﬂieiunt,

1854 4309 1947 4365 sed
1974 4318 2095 4380 post
2134 4298 2341 4381 septem
2370 4310 2684 4365 octonarius
2726 4310 2945 4380 ponitur
2970 4326 3249 4378 numerus,
3281 4322 3340 4368 ut
3380 4315 3448 4369 de

1856 4397 2135 4471 Synagoga
2181 4399 2249 4454 ad
2301 4398 2621 4464 Ecclesium,
2653 4400 2719 4454 de
2764 4399 2934 4454 veteri
2980 4401 3339 4458 instrumento
3377 4403 3449 4458 ad

1854 4506 2073 4557 novum,
2109 4492 2176 4546 de
2205 4491 2435 4546 terrenis
2456 4491 2527 4546 ad
2548 4491 2790 4561 etelestia
2820 4501 3177 4548 transeamus.

1924 4598 1950 4631 ι
1986 4581 2051 4635 Ει
2098 4582 2403 4636 introduxit
2432 4597 2519 4636 me
2564 4582 2617 4637 in
2644 4584 2846 4651 atrium
2899 4584 3125 4640 interius
3174 4601 3270 4654 per
3301 4587 3446 4643 viam

1861 4693 1878 4724 ‹
1913 4673 2255 4738 orientalem,
2281 4681 2336 4728 et
2362 4687 2584 4728 mensus
2612 4682 2696 4729 est
2736 4682 2945 4744 portam
2976 4678 3270 4731 secundum
3299 4694 3447 4733 men-

1860 4784 1878 4815 ‹
1912 4779 2069 4818 suras
2097 4766 2405 4834 superiores
2430 4765 2723 4819 thalamum
2750 4762 2866 4832 ejus
2888 4774 2942 4820 et
2973 4764 3206 4822 frontem
3226 4770 3365 4837 ejus,
3388 4780 3445 4825 et

1860 4874 1878 4906 ‹
1911 4855 2177 4910 vestibula
2213 4854 2349 4924 ejus,
2404 4856 2543 4910 sicut
2573 4872 2756 4926 supra,
2800 4867 2855 4910 et
2902 4855 3170 4913 fenestras
3212 4861 3348 4931 ejus,
3386 4873 3444 4917 et

1860 4965 1877 4997 ι
1910 4946 2235 5002 vestibulum
2277 4948 2329 5002 in
2371 4948 2634 5012 circuitu,
2668 4947 3001 5019 longitudine
3051 4951 3442 5023 quinquaginta

1858 5055 1878 5090 ι
1910 5037 2212 5095 cubitorum
2235 5048 2291 5094 et
2318 5040 2604 5097 latitudine
2633 5041 2824 5113 viginti
2846 5042 3085 5114 quinque
3109 5045 3439 5111 cubitorum,

1860 5147 1880 5178 ι
1914 5136 1971 5183 et
1996 5130 2320 5185 vestibulum
2349 5130 2483 5199 ejus,
2521 5131 2574 5186 id
2613 5140 2716 5197 est,
2743 5132 2867 5187 atrii
2916 5134 3221 5189 exterioris.
3254 5154 3273 5187 ι
3311 5134 3441 5203 (Pro

1851 5237 1961 5291 quo
1995 5221 2344 5293 Septuaginta
2393 5232 2448 5277 et
2493 5224 2852 5294 Symmachus
2906 5226 3203 5280 interiorem
3245 5241 3441 5295 posue-

1852 5314 2022 5384 runt.)
2052 5334 2069 5365 ‹
2103 5314 2170 5368 Et
2191 5314 2382 5383 palma:
2401 5315 2605 5370 catlatae
2631 5316 2684 5370 in
2716 5314 2893 5371 fronte
2916 5313 3032 5383 ejus
3055 5317 3182 5371 hinc
3211 5327 3265 5371 et
3291 5318 3437 5383 inde,

1857 5423 1876 5456 ι
1909 5412 1965 5460 et
1999 5405 2050 5459 in
2078 5413 2202 5460 octo
2222 5406 2480 5475 gradibus
2502 5421 2760 5461 ascensus
2782 5406 2919 5477 ejus.
2951 5425 2969 5457 ι
3004 5407 3079 5460 De
3118 5408 3437 5478 septentrio-

1851 5496 1957 5550 nali
1982 5496 2157 5567 plaga,
2193 5498 2245 5551 in
2290 5498 2447 5569 cujus
2476 5499 2673 5553 atrium
2716 5506 2923 5568 septem
2951 5506 3157 5552 tantum
3186 5498 3439 5554 ascende-

1848 5586 2009 5640 batur
2028 5586 2308 5657 gradibus.
2325 5588 2520 5642 transit
2539 5588 2605 5643 ad
2626 5588 2915 5643 australem
2936 5596 3144 5659 portam
3160 5596 3213 5641 et
3236 5588 3435 5643 atrium

1848 5677 2087 5746 ejusdem
2121 5678 2291 5748 plaga:
2319 5697 2331 5731 :
2359 5677 2428 5732 ad
2456 5679 2597 5748 quod
2628 5695 2736 5734 non
2771 5677 2943 5734 solum
2990 5686 3217 5748 septem,
3248 5684 3309 5731 ut
3344 5692 3436 5732 su-

1849 5782 1966 5837 pra.
2006 5768 2100 5823 sed
2129 5776 2186 5822 et
2230 5778 2357 5823 octo
2394 5768 2651 5841 gradibus
2701 5770 3014 5825 ascenditur
3041 5810 3055 5824 .
3083 5768 3335 5825 videlicet
3374 5778 3436 5825 ut

1848 5874 1948 5929 per
1981 5867 2164 5913 vetera
2191 5869 2533 5914 transeamus
2556 5860 2623 5915 ad
2648 5874 2785 5914 nova
2823 5869 2915 5913 :et
2938 5866 2998 5913 ut
3027 5859 3217 5930 loquar
3258 5858 3434 5914 mani-

2870 5950 2951 6011 30
