3950 6370
309 2537 337 2597 I

461 449 570 504 959

1111 448 1166 501 Β.
1214 447 1468 505 RABAM
1505 451 1723 509 MAURl
1763 453 2080 509 ARCHIEP.
2124 452 2434 510 MOGUNT.
2477 453 2768 512 OPERUM
2805 455 2986 512 PARS
3024 456 3089 512 II.

3651 461 3754 517 950

462 553 671 623 ‘estius,
723 575 817 631 per
852 560 1189 631 patriarchas
1232 572 1287 617 ct
1332 566 1627 635 prophetas
1671 567 1951 621 veniamus
1987 567 2053 620 ad
2087 573 2130 630 Λ
2163 565 2312 620 fusus
2340 567 2408 621 sit
2431 576 2484 622 et
2507 567 2940 632 infusus,diceus
2959 583 3056 636 per
3080 572 3422 640 prophetam,
3448 574 3580 643 «qui
3612 583 3755 631 tenet

459 653 764 723 apostolos,
806 663 866 707 ut
909 655 961 708 in
1005 654 1175 708 altero
1211 656 1507 712 hebdomas
1554 659 1605 712 in
1643 659 1814 714 altero
1853 660 2054 729 ogdoas

462 747 553 800 sit.
604 745 756 800 Nunc
806 757 986 802 autem
1018 748 1164 802 venit
1216 749 1283 803 ad
1327 750 1600 813 ultimum,
1633 750 1744 805 imo
1801 751 1868 805 ad
1913 767 2057 804 sum-

458 849 628 897 mum,
658 843 714 888 et
741 834 1034 890 introducit
1066 838 1386 906 prophetam
1414 854 1510 909 per
1543 840 1686 893 viam
1716 848 1887 909 portae
1917 841 2056 894 inle-

458 922 642 986 rioris,
665 924 778 977 sive
806 940 903 993 per
927 926 1150 992 atrium,
1178 929 1247 982 ad
1274 930 1418 998 quod
1449 930 1556 982 itur
1579 945 1677 1000 per
1703 929 1842 984 viam
1869 931 2054 985 orien-

458 1011 640 1066 talem.
675 1013 767 1067 Via
799 1014 952 1082 juxta
985 1014 1337 1088 Septuaginta
1365 1019 1415 1071 in
1450 1019 1554 1073 hoc
1581 1027 1790 1073 tantum
1828 1020 2056 1074 habetur

456 1101 600 1168 loco,
631 1104 683 1158 in
713 1107 1119 1174 septentrionali
1171 1118 1224 1164 et
1250 1110 1472 1164 australi
1518 1109 1674 1180 plaga
1713 1111 1935 1166 omnino
1978 1122 2056 1165 ta-

458 1197 563 1250 cita
593 1206 674 1251 est
703 1216 715 1250 ε
749 1208 805 1252 ιιι
829 1200 1103 1268 possimus
1132 1200 1430 1272 intelligere
1463 1201 1514 1255 in
1564 1202 1816 1257 orientali
1848 1211 2054 1256 tantum

457 1294 611 1354 porta
640 1285 783 1340 illam
811 1287 1212 1358 intelligendam
1236 1289 1401 1354 viam,
1425 1305 1544 1359 qua:
1566 1289 1696 1344 dicit
1723 1307 1734 1343 :
1757 1309 1773 1340 ‹
1804 1289 1916 1360 Ego
1937 1305 2055 1344 sum

457 1377 568 1442 via,
598 1387 651 1431 et
677 1379 806 1442 vita,
836 1388 891 1433 et
918 1381 1121 1434 veritas
1151 1379 1334 1450 (Joan.
1369 1379 1534 1451 κιν).›
1568 1381 1670 1433 Per
1699 1381 1873 1450 ipsum
1912 1382 2055 1434 enim

457 1470 704 1522 venimus
730 1471 794 1524 ad
824 1470 1060 1524 Patrem.
1086 1471 1152 1524 Et
1179 1471 1245 1525 de
1271 1472 1383 1541 ipso
1405 1471 1667 1542 scriptum
1699 1480 1784 1527 est
1809 1491 1820 1527 :
1859 1492 1878 1522 ε
1906 1472 2054 1527 Beati

455 1562 792 1616 iu'imaculati
820 1566 869 1616 in
893 1564 978 1616 via
1002 1562 1174 1635 (Paul.
1198 1564 1412 1636 cum).
1440 1584 1458 1615 ι
1485 1564 1576 1634 qui
1603 1563 1734 1618 nihil
1762 1563 1829 1618 de
1854 1564 2057 1620 Christi

455 1654 739 1708 sinistrum
773 1655 1010 1724 sapiunt,
1044 1655 1138 1710 sed
1172 1654 1308 1709 ﬁdes
1329 1670 1519 1708 eorum
1550 1652 1685 1724 pura
1726 1662 1830 1720 est,
1860 1665 1914 1710 et
1965 1670 2058 1710 ne-

455 1760 725 1813 quaquam
777 1744 1153 1800 liwreticurum
1193 1745 1352 1800 sorde.
1400 1745 1602 1815 polluta
1651 1755 1757 1801 est.
1803 1746 2058 1816 idemque

455 1852 713 1890 numerus
742 1835 1126 1900 thalamorum,
1154 1835 1411 1890 frontium
1456 1847 1510 1892 et
1560 1835 1975 1902 vestibulortttn,
2005 1845 2058 1892 et

2157 657 2352 709 cmlum
2385 657 2565 725 palmo
2591 667 2647 711 et
2675 667 2874 712 terram
2906 659 3104 729 pugillo
3137 659 3271 730 (Ian.
3296 661 3408 735 χι),
3443 683 3459 714 ι
3494 669 3752 720 utomnia

2157 746 2224 798 ab
2253 745 2341 800 illo
2381 747 2670 800 videantur
2697 747 2920 801 includi.
2952 748 3014 801 Et
3041 765 3256 804 rursum
3291 768 3304 804 :
3342 769 3359 801 ι
3387 751 3598 808 C(elum
3625 757 3754 810 mihi

2156 835 2335 901 sedes,
2359 844 2505 890 terra
2557 845 2736 890 autem
2764 837 3056 891 scabellutn
3101 837 3297 907 pedum
3344 855 3586 895 meorum
3614 845 3751 911 (Act.

2155 927 2284 996 vn);
2327 934 2438 980 >ut
2485 926 2627 979 intra
2684 927 2864 980 omnia
2918 926 3221 983 credendus
3271 929 3363 995 sit,
3415 929 3577 999 juxta
3626 931 3755 985 illud

2163 1015 2510 1084 Virgilianum
2540 1013 2696 1087 (Αῖη.
2727 1030 2804 1080 vt,
2837 1015 2963 1085 725)
2996 1034 3013 1069 :

2282 1156 2530 1227 l’rlncipio
2549 1159 2722 1227 omium
2743 1172 2794 1227 ac
2814 1165 2990 1227 terras,
3009 1175 3306 1227 camposque
3327 1165 3599 1227 liquentes,

2285 1219 2652 1286 Lucentemque
2676 1222 2873 1286 globum
2900 1219 3026 1271 lunae
3045 1219 3341 1286 Titaniaque
3364 1219 3493 1274 astra

2282 1282 2492 1346 _Spiritus
2517 1282 2645 1331 intus
2668 1283 2777 1346 alit;
2799 1291 3052 1346 totamque
3081 1287 3236 1335 infusa
3260 1282 3351 1346 per
3373 1297 3511 1337 artus

2284 1297 2492 1392 spiritus
2517 1297 2645 1331 unus
2668 1297 2777 1342 aut;
2799 1297 3052 1346 toramque
3081 1297 3236 1335 lnlUSI
3262 1300 3351 1346 per
3373 1297 3511 1337 artus

2284 1344 2314 1392 Β
2337 1356 2425 1392 ens
2443 1347 2596 1406 agitat
2617 1345 2816 1407 molem,
2842 1353 2896 1395 et
2913 1359 3088 1408 magno
3114 1361 3170 1396 se
3203 1361 3409 1411 corpore
3435 1352 3631 1400 miscet.

2157 1465 2401 1537 Cumque
2429 1481 2529 1537 per
2555 1483 2711 1522 arma.
2729 1467 2957 1536 justitiae
2988 1486 3019 1524 a
3049 1472 3255 1527 dextris
3279 1482 3334 1527 et
3357 1474 3630 1540 sinistris,
3658 1490 3760 1546 per

2159 1561 2384 1632 gloriam
2415 1569 2469 1616 et
2495 1561 2867 1631 ignominiam,
2895 1579 2992 1632 per
3013 1565 3207 1618 bonam
3234 1575 3282 1618 et
3309 1566 3507 1621 malam
3530 1567 3754 1633 famam,

2158 1668 2256 1722 per
2285 1651 2469 1706 laudes
2496 1660 2552 1706 et
2579 1653 3003 1722 vituperationes
3023 1655 3311 1710 victoriam
3335 1657 3401 1711 de
3426 1657 3530 1711 isto
3559 1657 3756 1712 saeculo

2159 1745 2462 1816 ceperimus
2481 1785 2497 1810 ,
2532 1754 2662 1799 tune
2688 1745 2880 1814 palma:
2910 1745 3066 1801 nobis
3091 1747 3290 1801 dantur
3315 1762 3380 1801 ex
3410 1756 3643 1818 utroque
3681 1747 3760 1801 la-

2162 1845 2299 1902 tere,
2332 1851 2468 1905 quos
2507 1851 2607 1891 nec
2648 1835 2843 1906 gaudia
2893 1847 3196 1902 mutavere,
3229 1853 3329 1892 nec
3381 1851 3610 1903 mteror,
3655 1852 3756 1893 nec

449 1926 818 1981 fenestrarum
875 1938 929 1981 et
959 1926 1176 1980 luminis
1225 1941 1436 1990 earum,
1465 1936 1520 1981 et
1568 1927 1756 1982 eadem
1803 1942 2053 1981 mensura
2090 1933 2130 1991 Β
2159 1946 2441 2003 prospera,
2493 1945 2592 1986 nec
2642 1931 2866 1986 adversa
2906 1932 3257 2002 superabunt,
3305 1940 3359 1987 et
3412 1947 3755 2003 nequaquam

442 2020 804 2091 longitudinis
841 2028 896 2073 et
941 2018 1239 2073 latitudinis
1261 2018 1676 2088 quinquaginta,
1711 2017 1964 2090 videlicet
1997 2029 2052 2073 et

447 2110 641 2178 viginti
685 2109 923 2178 quinque
969 2109 1271 2162 cubitorum
1309 2118 1652 2163 sacramenta
1699 2123 2047 2163 conservans.

441 2203 518 2256 Ἰἐι
547 2203 871 2258 vestibulum
900 2204 1016 2274 ejus
1043 2211 1210 2272 porta:
1254 2203 1369 2258 sive
1414 2204 1540 2257 atrii
1577 2203 1876 2269 interioris,
1907 2205 2049 2272 quod

444 2295 599 2363 juxta
653 2294 970 2347 hebraieum
1019 2294 1260 2348 exterius
1309 2295 1548 2364 ponitur,
1575 2303 1634 2348 ut
1683 2293 1933 2349 orientali
1971 2295 2050 2348 lu-

453 2390 598 2442 mine
628 2390 809 2442 munia
838 2397 1125 2441 teneantur
1151 2386 1379 2452 inclusa,
1407 2387 1704 2441 secundum
1734 2386 1882 2451 illud,
1907 2387 2052 2456 quod

450 2479 708 2547 scriptum
743 2488 861 2532 est:
894 2477 1004 2533 Nec
1051 2486 1154 2541 est,
1204 2479 1296 2547 qui
1344 2493 1401 2532 se
1461 2477 1760 2532 abscondat
1795 2493 1823 2531 a
1876 2477 2054 2532 calore

448 2571 584 2639 ejus.
620 2570 714 2624 Sin
764 2577 944 2624 autem
993 2581 1046 2625 et
1090 2570 1330 2624 exterius
1380 2577 1436 2623 et
1466 2569 1696 2624 interius
1733 2563 2051 2640 accipimus,

451 2662 673 2726 atrium,
703 2661 779 2716 sic
804 2653 1215 2720 intelligendum
1243 2668 1326 2714 est
1349 2660 1493 2729 quod
1537 2658 1708 2725 Deus,
1740 2668 1798 2714 et
1821 2660 2055 2714 circum-

454 2822 3273 2846 Mm

2159 2035 2258 2090 per
2286 2030 2409 2076 octo
2450 2021 2671 2092 gradus,
2719 2021 2858 2076 sicut
2902 2021 2956 2075 in
3007 2022 3274 2091 aquilonis
3317 2022 3499 2093 plaga,
3533 2039 3632 2078 nec
3660 2035 3757 2094 per

2159 2121 2364 2181 septem
2392 2122 2444 2166 et
2471 2122 2612 2176 octo,
2644 2112 2784 2167 sicut
2810 2114 2866 2167 in
2910 2115 3135 2168 meridie
3180 2116 3510 2179 continetur,
3538 2117 3632 2170 sed
3659 2131 3756 2186 per

2157 2216 2364 2275 septem
2396 2213 2604 2259 tantum
2643 2207 2849 2276 gradus
2878 2204 2947 2259 ad
2973 2221 3181 2260 summa
3223 2207 3656 2269 conscendimus,
3688 2222 3755 2261 eo

2157 2294 2299 2364 quod
2342 2294 2571 2349 suiliciat
2602 2295 2756 2350 nobis
2796 2295 3063 2348 octonarii
3087 2294 3328 2358 numeri,
3351 2295 3404 2348 id
3442 2304 3546 2358 est,
3586 2309 3751 2347 evan-

2157 2383 2385 2455 gelicum
2417 2392 2836 2448 sacramentum,
2863 2393 2924 2437 ut
2968 2382 3414 2454 possimusjusta
3435 2383 3747 2454 Apostolunt

2159 2474 2338 2528 dicere
2371 2482 2382 2525 ξ
2423 2491 2441 2523 ι
2488 2473 2551 2526 Et
2581 2472 2624 2527 si
2673 2488 2998 2528 noveramus
3023 2474 3318 2526 secundum
3351 2489 3570 2527 carnem
3598 2472 3746 2527 Chri-

2159 2574 2322 2632 stum,
2352 2564 2444 2620 sed
2468 2564 2579 2635 jam
2609 2581 2755 2620 nunc
2784 2581 2891 2620 non
2928 2565 3176 2621 novimus
3211 2581 3334 2620 eum
3365 2565 3446 2637 (II
3471 2564 3595 2620 Cor.
3619 2564 3694 2638 v),
3726 2582 3746 2619 ι

2162 2659 2484 2713 subauditur
2503 2660 2658 2729 juxta
2687 2674 2932 2714 carnem.

3274 2823 3650 2846 ⁴-------.--.ι---..

1445 2976 1744 3054 LIBER
1824 2975 2274 3056 DECIMUS
2352 2977 2772 3055 SEXTUS.

1737 3137 1918 3151 _

1930 3140 2275 3151 _.________—

523 3228 579 3282 Si
623 3239 782 3294 quem
828 3227 1008 3276 movet
1065 3234 1164 3272 cur
1201 3217 1255 3272 in
1309 3217 1624 3288 prophetica
1671 3220 2051 3289 explanatione
2083 3231 2125 3290 ρ
2160 3222 2324 3287 enim,
2372 3222 2512 3291 quod
2565 3224 2618 3277 in
2669 3221 3385 3307 consequentibus.dicitur,
3428 3224 3749 3280 vestibulum

447 3320 712 3390 quasdam
745 3315 913 3368 libros
961 3311 1256 3382 longiores,
1303 3309 1566 3378 quosdam
1621 3325 1750 3365 vero
1778 3312 2055 3367 breviores

454 3408 896 3467 rondiderimus,
959 3405 1238 3471 ipsamque
1305 3402 1644 3470 prophetiam
1703 3419 1809 3457 non
1859 3405 2051 3474 aequali

451 3502 628 3572 spatio
670 3497 1035 3557 diviserimus,
1064 3495 1136 3546 ita
1189 3502 1248 3545 ιιι
1278 3493 1523 3560 quaedam
1571 3508 1696 3561 pars
1724 3495 1905 3563 plures
1934 3511 2054 3549 ver-

450 3607 545 3646 sas
579 3590 803 3651 habere,
832 3585 1078 3655 quaedam
1111 3598 1238 3636 vero
1283 3583 1585 3652 pauciores,
1636 3585 1773 3638 sciat
1820 3587 1923 3640 hoc
1972 3586 2050 3638 fa-

450 3695 578 3734 cere
604 3676 998 3747 evplanationis
1025 3671 1390 3728 difﬁcultatem
1420 3681 1474 3726 et
1502 3674 1883 3743 mysteriorum
1929 3690 2054 3744 pro-

451 3773 794 3828 funditatem.
847 3769 938 3822 Sic
974 3768 1117 3821 enim
1173 3765 1410 3834 majores
1460 3769 1667 3833 nostri,
1699 3785 1928 3838 quorum
1960 3785 2056 3824 au-

452 3863 760 3918 ctoritatem
819 3857 1098 3927 sequimur
1146 3865 1200 3911 et
1261 3856 1458 3926 stylum
1526 3857 1842 3924 imitamur,
1894 3875 2056 3930 agerc

452 3958 874 4014 consueverunt,
933 3949 1082 4002 utin
1132 3948 1542 4003 obscurioribus
1591 3948 1724 4002 locis
1772 3951 2054 4005 tractando

450 4045 655 4098 diutius
710 4049 1077 4105 morarentur,
1133 4048 1188 4093 et
1233 4039 1286 4093 in
1336 4037 1688 4094 lucidioribus
1738 4040 1891 4095 ocius
1935 4056 2053 4094 mo-

451 4138 578 4190 dum
619 4133 974 4204 expositionis
1020 4131 1325 4201 explerent.
1373 4131 1522 4186 Unde
1565 4129 1677 4199 jam
1709 4133 1844 4186 duos
1886 4132 2054 4186 libros

454 4225 520 4278 de
546 4227 856 4280 conditione
884 4222 1063 4292 templi
1096 4229 1560 4286 consummantes,
1587 4223 1679 4292 qui
1711 4230 1835 4276 sunt
1886 4221 1936 4275 in
1960 4239 2051 4276 or-

453 4319 579 4372 dine
632 4318 793 4372 totius
842 4318 1020 4385 operis
1061 4317 1556 4385 quartusdecimus,
1585 4326 1638 4370 et
1691 4318 2055 4386 quintusdeci-

455 4426 593 4470 mus,
647 4409 890 4471 tertium,
915 4410 1005 4475 qui
1045 4408 1095 4460 in
1124 4407 1315 4461 ordine
1350 4407 1600 4463 decimus
1617 4418 1806 4464 sextus
1829 4419 1931 4474 est,
1957 4410 2049 4464 ubi

452 4504 534 4555 vir
559 4502 666 4562 ille.
697 4501 787 4569 qui
824 4501 936 4553 hare
963 4500 1141 4553 omnia
1172 4500 1448 4570 prophetae
1475 4501 1710 4555 ostendit
1734 4502 1905 4571 ipsum
1928 4518 2050 4572 pro-

2158 3314 2276 3383 ejus
2306 3316 2628 3385 respiciebat
2655 3317 2705 3370 in
2759 3316 2954 3370 atrium
2995 3315 3255 3378 exterius,
3312 3317 3620 3370 ostenditur
3649 3317 3747 3370 hoc

2157 3408 2353 3461 atrium
2397 3409 2562 3462 fuisse
2605 3409 2932 3462 intrinsecus
2965 3426 2976 3461 :
3011 3422 3107 3476 per
3131 3421 3250 3477 qua:
3274 3407 3551 3476 profectus
3577 3409 3752 3479 ingre-

2158 3500 2353 3554 dientis
2403 3500 2729 3563 ostenditur,
2782 3499 2910 3552 dum
2967 3499 3021 3552 in
3077 3497 3302 3567 singulis
3351 3498 3485 3552 locis
3533 3499 3750 3552 nomina

2157 3603 2532 3657 mensuraque
2576 3598 2701 3643 sunt
2741 3587 2999 3656 proprize,
3029 3595 3084 3640 et
3133 3585 3386 3641 fenestra:
3422 3601 3520 3656 per
3556 3586 3747 3640 circui-

2161 3687 2270 3732 tum
2302 3679 2521 3732 luminis
2567 3679 2723 3747 plena
2782 3678 3022 3732 scientiae
3061 3677 3314 3731 universa
3360 3686 3746 3742 monstrantes,

2159 3778 2211 3821 et
2233 3785 2328 3839 per
2356 3769 2740 3838 quinquaginta
2769 3778 2823 3822 et
2851 3768 3039 3838 viginti
3065 3769 3299 3837 quinque
3342 3769 3528 3823 cubita
3558 3769 3747 3823 remis-

2160 3867 2327 3921 sionis
2372 3866 2786 3935 divinorumque
2812 3880 3069 3918 sensuum
3101 3873 3442 3919 sacramenta
3483 3873 3609 3918 sunt
3647 3879 3747 3934 po-

2159 3959 2283 4020 sita,
2315 3966 2375 4012 ut
2403 3959 2454 4012 in
2498 3958 2763 4013 vestibulo
2811 3957 2932 4011 atrii
2968 3957 3243 4012 interioris
3272 3958 3430 4027 positi
3473 3959 3744 4012 exteriora

2158 4049 2460 4113 videamus,
2490 4057 2543 4103 et
2581 4049 2992 4117 przeteritorum-
3020 4057 3073 4102 et
3107 4048 3452 4119 praesentium
3500 4050 3743 4103 notitiam

2159 4138 2605 4209 contemplantes,
2635 4153 2729 4208 per
2757 4154 2917 4209 quam
2949 4137 3229 4192 veniamus
3260 4138 3328 4191 ad
3365 4138 3608 4206 duplices
3634 4138 3742 4209 pal-

2159 4246 2275 4285 mas
2301 4239 2464 4299 atque
2499 4230 2778 4293 victorias,
2811 4237 2867 4284 et
2905 4237 3030 4284 octo
3071 4228 3334 4299 graduum
3367 4229 3625 4300 mysteria
3655 4244 3739 4284 co-

2156 4333 2497 4391 gnoscamus,
2528 4319 2840 4388 introgressi
2877 4317 3280 4389 gazophylacia,
3301 4318 3353 4372 in
3385 4319 3582 4386 quibus
3613 4329 3741 4374 tem-

2155 4411 2226 4481 pli
2258 4411 2459 4464 divitiae
2487 4411 2852 4472 continentur,
2883 4417 2937 4462 et
2967 4408 3213 4462 lavantur
3242 4408 3515 4462 orationes
3546 4416 3743 4462 nostra!

2153 4500 2222 4555 ab
2251 4501 2396 4555 omni
2428 4501 2586 4554 sorde
2625 4500 2829 4569 peccati
2863 4514 2877 4552 :
2908 4514 3213 4568 mensatque
3245 4511 3308 4552 ex
3340 4508 3567 4568 utraque
3588 4510 3740 4569 parte

454 4591 669 4660 phetam
715 4565 1016 4643 introduxit
1065 4589 1132 4643 ad
1175 4565 1408 4660 pay—tam,
1442 4605 1563 4659 quze
1614 4565 1940 4660 respiciebat
1983 4592 2047 4645 ad
2080 4565 2127 4623 Ι)
2152 4589 2290 4644 bina:
2336 4597 2459 4644 sunt
2495 4565 2705 4659 positae,
2745 4599 2804 4641 ut
2851 4588 3082 4658 primum
3128 4565 3440 4642 immoletur
3484 4565 3741 4644 holocau-

455 4681 780 4750 aquilonem,
814 4680 891 4734 sic
932 4681 1188 4754 inchoare
1220 4680 1582 4734 decernimus.

855 4837 1205 4906 SEQUITUR
1247 4836 1477 4894 CAPUT
1517 4838 1632 4893 XL.

533 4973 550 5003 ι
587 4953 653 5007 Et
683 4954 978 5007 introduxut
1012 4968 1095 5006 me
1127 4953 1192 5006 ad
1221 4961 1456 5021 portam,
1489 4967 1610 5022 qua:
1634 4954 1955 5024 respiciebat
1981 4956 2049 5010 ad

463 5065 482 5100 ι
518 5047 845 5117 aquilonem.
876 5046 941 5100 Et
972 5061 1189 5103 mensus
1214 5054 1314 5109 est,
1336 5049 1628 5101 secundum
1657 5063 1937 5112 mensuras
1961 5067 2052 5104 su-

458 5157 480 5192 r
516 5154 779 5210 perieres,
806 5139 1100 5194 thalamum
1133 5137 1274 5206 ejus,
1313 5138 1542 5194 frontem
1565 5138 1682 5208 ejus
1719 5151 1772 5194 et
1809 5143 2051 5196 vestibu-

464 5248 483 5281 ι
524 5230 630 5284 lum
670 5229 787 5297 ejus
813 5238 868 5284 et
889 5228 1153 5284 fenestras
1183 5229 1317 5300 ejus,
1346 5245 1441 5300 per
1484 5231 2050 5302 circuitum,longitu-

465 5340 483 5371 ι
523 5322 644 5375 diue
669 5321 1055 5390 quinquaginta
1097 5322 1406 5376 cubitorum
1444 5332 1498 5377 et
1541 5323 1821 5378 latitudine
1863 5325 2051 5395 viginti

470 5429 487 5460 ε
529 5412 766 5480 quinque
790 5413 1118 5474 cubitorum,
1146 5421 1200 5466 et
1229 5411 1551 5466 vestibulum
1584 5413 1700 5483 ejus
1730 5413 2052 5483 respiciebat

463 5519 481 5551 ι
523 5502 588 5553 ad
613 5503 807 5553 atrium
831 5501 1162 5558 exterius.et
1188 5503 1440 5555 czelatura
1464 5502 1768 5571 palmarum
1792 5504 1844 5556 in
1877 5504 2053 5557 fronte

464 5609 482 5640 ‹
523 5590 661 5644 illius
697 5591 820 5644 hinc
859 5601 912 5645 et
948 5591 1092 5650 inde.
1125 5591 1176 5644 in
1231 5600 1434 5660 septem
1488 5593 1744 5661 gradibus
1797 5607 2054 5648 ascensus

468 5700 485 5730 ε
527 5680 664 5748 ejus.
701 5699 717 5730 ι
748 5690 852 5734 etc.
880 5679 1148 5750 (Ηὶιννοη.)
1180 5680 1542 5734 introducitur
1564 5695 1693 5752 ergo
1731 5698 1946 5736 rursum
1987 5683 2054 5736 ad

460 5781 692 5840 portam,
723 5787 842 5842 qua:
891 5771 1211 5842 respiciebat
1258 5772 1324 5824 ad
1368 5771 1690 5840 aquilonem,
1725 5773 1816 5826 sed
1849 5787 2052 5840 nequa-

463 5877 620 5930 quam
643 5871 697 5916 ut
723 5878 882 5934 supra
914 5864 979 5916 ad
1008 5863 1204 5916 atrium
1229 5862 1491 5925 exterius,
1511 5861 1605 5915 sed
1630 5862 1875 5916 interius.
1905 5860 1960 5914 ιη
1990 5878 2054 5916 eo

2153 4690 2318 4747 stum,
2341 4682 2482 4750 quod
2511 4689 2679 4734 totum
2708 4695 2861 4735 sacer
2890 4679 3027 4750 ignis
3051 4689 3309 4745 assumat,
3335 4680 3458 4735 dein
3489 4696 3586 4750 pro
3609 4695 3732 4750 pec-

2153 4784 2297 4839 cato,
2344 4782 2398 4828 et
2444 4774 2510 4827 ad
2557 4782 2856 4828 extremum
2915 4788 3012 4842 pru
3071 4772 3393 4843 ignorantia,
3457 4775 3598 4842 quod
3652 4772 3737 4826 vel

2153 4865 2386 4920 scientes
2417 4864 2805 4927 commisimus,
2831 4863 2914 4917 vel
2963 4863 3291 4934 ignorantes.
3320 4862 3402 4918 Ad
3443 4861 3583 4918 latus
3607 4878 3739 4933 quo—

2151 4969 2255 5024 que
2296 4955 2554 5017 exterius,
2579 4951 2733 5020 juxta
2766 4951 3276 5024 Septuaginta,erat
3325 4953 3473 5007 rivus
3502 4952 3740 5008 fabrefa-

2153 5057 2290 5111 ctus,
2320 5046 2412 5114 qui
2435 5044 2871 5100 holocaustorum
2901 5045 3119 5099 cineres
3142 5053 3197 5098 et
3226 5044 3470 5099 carnium
3493 5045 3739 5114 jurulen-

2155 5138 2258 5191 tias
2285 5135 2544 5191 eil'erebat
2591 5138 2876 5191 exterius:
2925 5137 3038 5192 sive
3077 5146 3234 5192 erant
3267 5137 3385 5191 dua:
3427 5151 3643 5203 mensae,
3683 5147 3740 5193 et

2154 5227 2220 5279 ad
2253 5225 2392 5279 latus
2418 5226 2646 5279 alterum
2680 5225 2928 5279 vestibuli
2978 5225 3217 5296 ejusdem
3246 5234 3414 5293 porta:
3439 5225 3553 5279 dum
3583 5240 3734 5279 men-

2154 5332 2245 5381 sar,
2282 5316 2330 5369 id
2360 5323 2464 5380 est,
2489 5331 2552 5369 es
2596 5325 2824 5384 utraque
2854 5324 3006 5386 parte
3035 5323 3310 5384 quaterna:
3357 5323 3586 5383 quatuor
3612 5313 3739 5368 hinc

2153 5417 2205 5462 et
2227 5419 2456 5476 quatuor
2484 5407 2626 5461 inde.
2661 5406 2726 5458 Et
2753 5416 2871 5475 post
2902 5415 3110 5475 tergum
3138 5405 3249 5459 sive
3278 5405 3344 5458 ad
3376 5404 3514 5457 latus
3549 5417 3738 5456 earum

2153 5501 2270 5554 alia:
2297 5511 2418 5554 octo
2448 5514 2671 5563 mensae,
2695 5507 2751 5550 ut
2787 5496 2943 5550 simul
2975 5495 3174 5548 faciant
3205 5509 3418 5549 mensas
3465 5491 3733 5554 sedecim;

2153 5605 2259 5659 quo
2298 5605 2522 5643 numero
2551 5590 2929 5658 prophetarum
2971 5586 3226 5657 mysteria
3257 5586 3735 5639 demonstrantur:

2155 5691 2211 5735 ut
2239 5681 2494 5749 quidquid
2516 5678 2791 5733 offerimus
2821 5694 2917 5747 per
2945 5675 3310 5746 evaz~gelieam
3348 5673 3739 5742 dignationem,

2153 5770 2464 5840 praedictum
2483 5783 2667 5824 eorum
2684 5766 3160 5821 vaticinationibus
3176 5765 3492 5833 approbemt'
3505 5778 3550 5815 ς.
3568 5761 3744 5828 Quod~

2156 5877 2260 5930 que
2301 5859 2603 5914 inferuntur
2632 5869 2858 5929 quatuor
2896 5873 3091 5912 mensae
3120 5858 3186 5911 de
3227 5856 3486 5925 lapidibus
3519 5853 3747 5923 quadris
