3950 6370
152 489 253 547 ιιιι

1088 476 1436 538 COMMENT.
1479 474 1543 530 IN
1584 469 2035 529 EZECHIELEM.
2078 500 2147 510 —
2183 469 2311 525 LIB.
2354 468 2491 526 ιινι.

3308 468 3415 526 91.3

150 607 465 663 exstructte,
494 607 552 652 et
574 598 658 651 hae
688 596 814 665 ipsa:
841 594 908 649 ad
930 593 1255 649 sacrificium
1277 589 1735 647 holocaustorum,
1769 588 1815 645 Α
1843 578 1965 633 lone
1994 578 2410 633 describuntur?
2440 576 2727 645 Aspirante
2756 576 2866 630 Deo
2895 589 3087 645 magna
3120 575 3418 631 intentione

149 694 243 748 isti
274 698 400 747 sunt
428 689 531 742 vivi
564 688 785 757 lapides,
814 685 904 755 qui
930 684 1218 739 volvuntur
1248 695 1408 750 super
1440 688 1659 739 terram,
1683 683 1738 729 et

150 789 352 842 habent
406 798 589 839 secum
636 780 947 851 angularem
1001 776 1258 846 lapidem,
1307 789 1413 842 quo
1459 769 1657 825 veteris
1686 774 1740 822 et

151 881 279 935 novi
316 874 659 932 lnstrumenti
700 872 935 943 parietes
978 868 1341 924 continentur.
1379 863 1613 930 Quartus
1643 874 1739 912 au-

153 980 265 1024 tem
322 981 579 1022 numerus
624 962 933 1032 evangelica
993 965 1330 1015 sacramenta
1379 956 1737 1015 demonstrat,

154 1057 489 1128 longitudine
510 1063 564 1109 et
585 1053 869 1108 latitudine
890 1050 1094 1105 habens
1115 1063 1279 1103 unum
1309 1046 1551 1118 cubitum
1576 1052 1631 1098 et
1652 1041 1739 1096 di-

154 1148 401 1211 midinm,
427 1147 477 1200 id
507 1160 603 1215 per
630 1144 893 1214 quadrum
924 1160 937 1196 :
968 1157 1087 1210 quae
1112 1137 1270 1195 simul
1295 1138 1483 1208 juncta
1507 1142 1618 1187 tres
1647 1146 1741 1186 en-

156 1240 300 1293 bitos
336 1236 558 1291 faciunt.
594 1235 695 1301 Qui
740 1242 851 1288 tres
894 1232 1081 1297 cubiti,
1128 1232 1330 1286 habent
1372 1228 1423 1281 in
1459 1224 1741 1280 altitudine

156 1327 396 1381 cubitum
427 1341 593 1379 unum
622 1342 636 1377 :
666 1333 725 1378 ut
754 1323 1010 1394 mysteria
1044 1319 1325 1375 Trinitatis
1356 1315 1514 1371 unius
1552 1313 1738 1378 cubiti,

155 1417 262 1475 hoc
289 1429 392 1483 est,
438 1418 633 1471 divinae
671 1415 971 1486 majestatis
1022 1429 1275 1469 mensura
1329 1415 1633 1471 conservet,
1662 1405 1743 1461 di-

156 1519 318 1565 cente
345 1508 575 1562 Domino
606 1509 673 1562 ad
696 1505 987 1577 discipulos
1020 1523 1032 1557 :
1072 1524 1090 1555 ‹
1120 1506 1216 1569 lte,
1248 1502 1516 1572 baptizate
1554 1510 1744 1554 omnes

158 1605 351 1667 gentes
402 1597 455 1649 in
500 1595 717 1649 nomine
748 1593 925 1647 Patris
954 1602 1008 1647 et
1050 1591 1171 1646 Filii
1198 1598 1255 1646 et
1287 1590 1521 1660 Spiritus
1574 1585 1745 1642 sancti

155 1686 377 1756 (Matth.
404 1684 621 1755 ιιι-ιιι).
662 1704 680 1736 ι
715 1683 920 1738 Nomen
947 1690 1125 1736 autem
1156 1682 1249 1736 Dei
1280 1680 1433 1749 quasi
1461 1692 1598 1733 unus
1625 1675 1745 1730 alti-

156 1778 363 1833 tudinis
391 1777 606 1832 cubitus
630 1784 736 1841 est,
765 1776 857 1847 qui
888 1783 998 1829 tres
1042 1774 1415 1843 complectitur
1442 1769 1742 1841 proprieta-

156 1876 243 1923 tes
276 1878 329 1923 et
355 1868 668 1923 holocausta
701 1868 1031 1923 oblationum
1079 1873 1384 1919 nostrarum
1415 1877 1627 1931 semper
1654 1876 1744 1915 as-

1841 683 1978 738 opus
1995 678 2077 723 est
2112 669 2288 722 sinum
2314 675 2474 721 tanta:
2500 665 2877 736 profunditatis
2898 666 3172 735 indagare.
3192 664 3250 719 Si
3272 667 3419 720 enim

1839 770 2116 831 portarum
2163 761 2377 817 nomine
2423 770 2636 815 sanctos
2664 760 3044 829 praxdicatores
3088 760 3418 829 accepimus,

1841 852 2116 907 sciendum
2148 852 2303 907 nobis
2330 859 2432 916 est,
2464 851 2588 920 quia
2634 864 2737 903 una
2768 858 2851 903 est
2878 849 3114 904 Ecclesia
3146 849 3200 902 in
3227 850 3423 920 praedi-

1840 947 2115 1001 catoribus
2137 943 2464 1000 Testamenti
2489 942 2697 998 Veteris
2732 958 2796 997 ac
2837 941 2989 997 Novi.
3017 942 3192 997 Porta:
3241 953 3422 996 autem

1842 1044 2049 1104 septem
2070 1035 2154 1090 vel
2175 1044 2297 1090 octo
2320 1034 2518 1107 gradus
2536 1034 2738 1089 habent
2774 1051 2787 1086 :
2821 1034 2946 1103 quia
2986 1034 3157 1089 sancti
3189 1033 3423 1105 Spiritus

1843 1127 2211 1197 septiformem
2246 1129 2473 1200 gratiam
2520 1126 2861 1183 concorditer
2897 1128 3207 1195 praedicant.
3259 1124 3423 1181 Octa-

1848 1234 1973 1273 vum
1998 1235 2129 1275 vero
2167 1220 2391 1289 gradum
2433 1218 2753 1273 annnntiant
2789 1217 3159 1271 retributionis
3185 1227 3423 1271 aeternae.

1851 1306 2002 1362 Unde
2037 1308 2299 1378 scriptum
2321 1317 2407 1363 est
2432 1326 2446 1363 :
2486 1326 2504 1360 ι
2541 1308 2617 1362 Da
2645 1314 2853 1377 partem
2874 1316 3077 1376 septem
3106 1322 3206 1361 nec
3235 1324 3340 1361 non
3371 1315 3429 1361 et

1845 1406 1968 1451 octo
1999 1396 2190 1468 (Eccli.
2222 1396 2323 1467 ιι).
2362 1417 2379 1448 ι
2405 1397 2543 1463 Quid
2566 1397 2745 1466 itaque
2767 1396 2948 1451 dicere
2977 1411 3261 1466 possumus
3280 1406 3428 1451 exte-

1848 1488 2020 1543 riores
2045 1497 2229 1558 portas
2250 1490 2351 1544 nisi
2381 1491 2629 1559 antiquos
2652 1497 2833 1559 patres
2854 1488 3039 1555 fuisse,
3059 1490 3149 1561 qui
3176 1504 3274 1560 per
3294 1506 3432 1559 pra:-

1848 1587 2001 1649 cepta
2025 1579 2155 1649 legis
2185 1590 2447 1635 noverant
2467 1596 2629 1651 Opera
2654 1579 2835 1650 populi
2866 1580 3055 1652 magis,
3078 1596 3239 1650 quam
3264 1580 3430 1635 corda

1847 1668 2162 1724 custodire?
2190 1677 2250 1723 ut
2289 1670 2575 1725 interiores
2608 1678 2790 1739 portas
2818 1671 3197 1739 przedicatores
3229 1681 3431 1725 sancta:

1848 1758 2104 1815 Ecclesia:
2133 1748 2427 1816 debeamus
2448 1763 2715 1830 accipere,
2735 1762 2825 1831 qui
2850 1762 3178 1830 spiritalibus
3212 1765 3433 1819 monitis

1850 1849 2235 1919 discipulorum
2260 1866 2479 1904 suorum
2500 1852 2660 1905 corda
2684 1851 3011 1916 custodiunt,
3039 1866 3107 1905 ne
3134 1851 3289 1906 malis
3314 1868 3433 1920 qua:

156 1958 344 2012 sumit.
380 1956 555 2027 super
598 1958 743 2028 ipsas
771 1967 952 2012 autem
984 1965 1217 2025 quatuor
1249 1969 1465 2008 mensas
1491 1951 1746 2007 holocau-
1773 1946 1821 2005 B
1850 1957 1954 1996 non
1986 1942 2214 2009 faciunt,
2240 1942 2323 1997 vel
2371 1944 2426 1996 in
2460 1942 2877 2012 cogitationibus
2922 1941 3276 2023 delectentur.
3328 1943 3434 1997 Per

152 2055 372 2101 storum
405 2046 471 2101 de
491 2047 633 2101 vivis
671 2045 937 2117 lapidibus
978 2054 1302 2108 exstructas,
1326 2058 1553 2112 quarum
1575 2042 1749 2113 longi-

158 2138 294 2193 tudo
334 2148 389 2193 et
428 2139 656 2195 altitudo
690 2149 743 2194 et
778 2138 1006 2193 latitudo
1032 2137 1300 2207 descripta
1336 2138 1449 2199 est,
1476 2127 1749 2205 ponuntur

160 2244 310 2289 vasa,
334 2229 389 2283 in
415 2230 609 2299 quibus
631 2228 943 2284 immolatur
961 2228 1328 2283 holocaustum
1346 2235 1663 2295 martyrum,
1682 2222 1748 2278 de

159 2320 357 2388 quibus
384 2319 580 2375 dicitur
610 2337 623 2374 :
659 2338 677 2370 ι
708 2320 948 2375 Pretiosa
979 2320 1031 2372 in
1056 2325 1343 2387 conspectu
1365 2315 1576 2370 Domini
1603 2329 1749 2368 mors

158 2420 479 2465 sanctorum
527 2411 643 2477 ejus
690 2409 871 2481 (Psal.
909 2410 1083 2479 cxv);
1127 2429 1144 2461 ι
1181 2417 1236 2463 et
1277 2420 1463 2461 eorum
1496 2404 1747 2468 victimae,

160 2501 257 2569 qui
297 2500 627 2554 continentia
664 2509 719 2555 et
754 2500 995 2569 corporis
1030 2499 1316 2554 sanctitate
1370 2497 1579 2551 animas
1626 2503 1752 2549 snas

159 2588 450 2645 immolant
496 2588 744 2643 Domino.
798 2589 1207 2659 Mensarumque
1256 2588 1484 2641 istarum
1534 2585 1751 2640 nomina

160 2688 297 2749 puto
347 2680 401 2733 in
434 2678 686 2735 Matthaao
734 2689 788 2734 et
828 2679 995 2745 Luca,
1044 2680 1246 2743 Marco,
1280 2686 1335 2731 et
1375 2676 1582 2731 Joanne
1627 2692 1754 2746 apo-

160 2771 323 2826 stolis
369 2771 637 2825 contineri
670 2789 683 2824 :
722 2786 949 2839 quarum
998 2785 1197 2824 corona
1229 2769 1460 2837 desuper
1489 2766 1623 2821 llcxa
1672 2767 1754 2820 in-

162 2862 444 2916 trinseeus
472 2877 569 2930 per
597 2863 883 2916 circuitum
927 2862 1197 2931 margines
1242 2859 1527 2921 ambiebat,
1566 2868 1623 2912 ut
1655 2858 1751 2913 ho-

164 2951 409 3007 locausta
439 2953 737 3007 contineret
777 2954 1121 3017 intrinsecus,
1149 2964 1202 3007 et
1233 2968 1336 3007 non
1365 2952 1561 3019 passim
1590 2950 1755 3006 liuere

164 3046 528 3115 permitteret,
579 3053 892 3113 teneretque
940 3059 1131 3098 carnes
1178 3043 1482 3105 oblationis,
1532 3042 1644 3096 sive
1698 3050 1757 3095 ut

167 3133 316 3187 LXX
342 3135 750 3199 transtulerunt,
782 3153 799 3185 ι
835 3135 900 3188 Et
927 3136 1055 3205 ipsa:
1082 3124 1280 3188 mensae
1307 3142 1460 3187 tectae
1487 3140 1641 3186 erant
1668 3131 1758 3185 de-

166 3241 360 3295 super,
393 3246 411 3277 i
446 3235 663 3294 propter
692 3226 945 3279 imbrium
975 3226 1286 3279 violentiam
1318 3232 1371 3277 et
1417 3222 1587 3276 aestivi
1629 3222 1758 3276 solis

164 3316 395 3369 nimiam
425 3316 744 3381 siccitatem,
774 3325 834 3370 ut
863 3328 1056 3371 carnes
1083 3317 1311 3384 desuper
1332 3315 1519 3383 positm
1550 3314 1758 3383 possint
1784 3296 1828 3357 C

163 3405 353 3459 dicere
380 3420 500 3459 cum
526 3407 788 3479 propheta
818 3420 833 3457 :
868 3423 887 3455 ι
930 3404 1032 3459 Per
1060 3405 1201 3459 diem
1228 3404 1307 3458 sol
1336 3418 1439 3457 non
1471 3411 1590 3456 uret
1623 3418 1752 3467 nos,

163 3514 347 3568 neque
390 3498 514 3551 luna
540 3512 636 3566 per
672 3506 882 3552 noctem
911 3495 1082 3567 (Psal.
1108 3497 1265 3567 cxx);
1312 3516 1329 3547 ι
1372 3510 1599 3564 quorum
1628 3494 1756 3547 alte-

165 3604 294 3643 rum
346 3588 527 3642 nimiis
554 3589 746 3656 pluviis
790 3598 844 3643 et
894 3591 1303 3658 tempestatibus
1348 3587 1757 3642 tribulationum

163 3678 418 3733 dissolvit
447 3678 763 3742 oblationes,
810 3678 1037 3733 alterum
1066 3680 1367 3733 vehementi
1417 3687 1546 3732 aestu
1579 3693 1759 3747 perse-

164 3776 450 3828 cutionum
483 3788 729 3827 arescere
756 3772 884 3827 facit
911 3773 1168 3841 quidquid
1206 3772 1443 3825 oblatum
1477 3780 1577 3825 est.
1685 3750 1695 3761 ’

241 3862 449 3935 (στας.)
482 3864 608 3918 Haec
633 3864 925 3933 prophetiae
960 3864 1120 3917 verba
1152 3862 1383 3918 lectione
1416 3863 1583 3932 magis
1614 3861 1757 3915 indi-

163 3964 322 4033 gent,
350 3970 509 4022 quam
540 3954 891 4024 expositione.
920 3954 993 4008 Ea
1023 3954 1166 4007 enim
1206 3955 1255 4007 in
1285 3952 1453 4007 tribus
1487 3951 1657 4023 portis
1681 3966 1761 4005 re-

162 4045 467 4116 plicantur,
496 4060 615 4116 quae
643 4046 878 4101 secundo
914 4045 1026 4113 jam
1059 4046 1143 4099 vel
1184 4047 1342 4099 tertio
1383 4044 1449 4098 de
1476 4044 1758 4099 exteriori-

163 4143 274 4193 bus
312 4138 457 4193 dicta
502 4150 648 4201 sunt,
672 4154 844 4209 pauca
880 4154 1009 4193 vero
1059 4138 1112 4191 in
1163 4152 1348 4191 earum
1400 4136 1758 4205 descriptione

162 4239 573 4301 permutantur.
610 4230 763 4285 Nunc
789 4244 917 4300 ergo
945 4230 1294 4298 qurerendum
1330 4228 1483 4282 nobis
1514 4236 1617 4291 est,
1640 4242 1758 4294 quae

163 4325 291 4379 istm
325 4333 437 4378 tres
489 4330 657 4392 porta)
705 4321 991 4375 interiores
1014 4320 1160 4375 sint:
1192 4319 1275 4373 vel
1308 4318 1435 4388 quid
1466 4327 1568 4383 est,
1617 4317 1758 4385 quod

161 4415 487 4469 earumdem
513 4424 794 4483 portarum
821 4412 1082 4467 vestibula
1118 4412 1303 4480 viginti
1332 4409 1569 4479 quinque
1609 4409 1758 4463 cubi-

165 4509 242 4561 tis
269 4508 322 4559 in
346 4505 695 4575 longitudine,
719 4514 773 4559 et
794 4504 1032 4572 quinque
1055 4502 1250 4556 cubitis
1273 4501 1326 4554 in
1350 4500 1629 4555 latitudine
1654 4514 1761 4553 me-

164 4600 387 4653 tiuntur
420 4615 431 4649 :
461 4595 540 4650 vel
580 4611 677 4650 cur
706 4596 774 4649 ad
801 4610 895 4649 eas
921 4611 1024 4649 non
1063 4603 1289 4663 septem,
1324 4592 1464 4648 sicut
1493 4593 1558 4647 de
1584 4594 1756 4662 portis

162 4687 537 4741 exterioribus
583 4686 785 4741 dictum
817 4684 1023 4757 fuerat,
1073 4685 1165 4738 sed
1214 4693 1335 4738 octo
1374 4684 1627 4752 gradibus
1668 4699 1757 4737 as-

163 4780 444 4833 cenditur.
501 4776 662 4832 Porta
708 4776 851 4830 enim
914 4776 1036 4829 atrii
1085 4775 1390 4838 interioris,
1444 4789 1561 4842 quae
1606 4788 1762 4842 snpe-

166 4870 293 4923 rius
328 4867 472 4921 dieta
500 4873 597 4926 est,
648 4866 713 4920 de
743 4866 829 4919 his
860 4866 1032 4919 tribus
1063 4866 1233 4934 portis
1281 4864 1625 4918 interioribus
1655 4880 1761 4917 non

164 4967 284 5022 est,
315 4957 443 5025 quia
476 4955 564 5009 illa
588 4965 779 5010 contra
808 4955 1035 5010 orientis
1062 4962 1117 5009 et
1154 4954 1421 5024 aquilonis
1446 4963 1652 5024 portam
1686 4971 1765 5009 re-

166 5048 389 5120 spicere
419 5047 632 5101 dieitur.
662 5046 783 5101 Istae
820 5056 998 5101 autem
1036 5046 1259 5115 singulm
1300 5046 1527 5099 interius
1570 5048 1636 5099 ad
1672 5062 1764 5099 au—

164 5148 356 5193 strum
401 5137 481 5192 vel
511 5138 771 5193 orientem
814 5147 869 5192 et
910 5137 1215 5205 aquilonem
1265 5138 1453 5205 posita:
1487 5152 1606 5191 esse
1654 5153 1766 5190 mc-

165 5237 482 5284 morantur.
517 5227 673 5283 Unde
703 5236 846 5282 recte
894 5243 991 5297 per
1023 5227 1165 5280 illam
1190 5228 1383 5281 aditus
1416 5227 1641 5281 interior
1676 5228 1766 5281 de—

167 5320 609 5392 signatur,quia,
629 5320 766 5373 sicut
790 5317 1115 5388 praecedenti
1142 5316 1538 5384 locutionejam
1562 5318 1761 5370 dictum

169 5420 287 5473 est,
316 5409 400 5462 vel
448 5408 598 5462 Judm
629 5419 683 5461 et
725 5408 1037 5479 gentilitati,
1068 5408 1150 5464 .vel
1199 5409 1574 5463 inchoantibus
1604 5418 1766 5476 atque

170 5504 235 5559 in
268 5502 408 5556 bono
442 5504 930 5570 perseverantibus,
968 5500 1052 5554 vel
1090 5517 1119 5553 a
1141 5502 1281 5555 bono
1310 5500 1641 5561 cadentibus,
1675 5500 1767 5554 sed

172 5601 305 5665 post
333 5591 517 5660 culpas
539 5606 634 5659 per
664 5593 1033 5659 ptenitentiam
1063 5592 1405 5659 surgentibus
1430 5599 1591 5659 patet.
1618 5588 1770 5643 Nunc

173 5692 367 5739 autem
412 5691 695 5751 postquam
741 5683 964 5749 singula:
1008 5682 1061 5733 in
1093 5682 1299 5734 oriente
1326 5689 1379 5733 et
1422 5680 1772 5747 aquilone,ct

174 5782 376 5829 austro
431 5782 600 5841 porta:
651 5774 935 5843 descriptae
986 5782 1134 5836 sunt,
1185 5789 1281 5826 cur
1325 5772 1593 5826 interioris
1649 5774 1773 5826 atrii

175 5880 403 5921 rursum
424 5874 594 5932 porta:
620 5864 842 5933 singula:
869 5866 922 5916 in
946 5874 1129 5918 austro
1152 5864 1423 5918 ctorientc
1448 5872 1607 5930 atque
1628 5864 1777 5932 aqui-

1789 4642 1837 4701 D

1852 2030 1972 2086 illas
2000 2032 2143 2087 enim
2196 2042 2401 2102 septem
2430 2032 2683 2103 gradibus
2709 2031 2923 2085 ascendi
2955 2016 3182 2096 dicitur;
3207 2032 3433 2085 istarum

1852 2134 1981 2175 vero
2005 2131 2128 2177 octo
2148 2124 2413 2193 graduum
2434 2139 2691 2180 ascensus
2712 2140 2832 2179 esse
2858 2125 3189 2195 perhibetur,
3217 2125 3342 2193 quia
3379 2133 3437 2180 et

1851 2211 1905 2266 in
1917 2214 2265 2268 veneratione
2279 2214 2411 2285 legis
2424 2214 2538 2270 dies
2554 2216 2812 2285 septimus
2825 2214 2943 2279 fuit,
2959 2217 3078 2270 etin
3093 2215 3239 2269 Novo
3253 2215 3439 2271 Testa-

1851 2312 2038 2357 mento
2061 2312 2289 2358 octavus
2310 2306 2424 2359 dies
2444 2321 2563 2360 cum
2592 2315 2935 2361 sacramento
2958 2314 3041 2361 est
3065 2324 3077 2359 :
3102 2307 3148 2360 is
3166 2306 3433 2372 videlicet,

1852 2391 1944 2459 qui
1970 2391 2270 2446 dominicus
2295 2393 2615 2463 appellatur,
2646 2395 2735 2463 qui
2775 2395 2967 2450 tertius
2988 2412 3017 2449 a
3051 2396 3319 2466 passione,
3342 2395 3439 2451 sed

1852 2491 2077 2537 octavus
2099 2499 2130 2535 a
2157 2484 2461 2539 conditione
2490 2494 2593 2550 est,
2624 2487 2749 2554 quia
2773 2494 2827 2541 et
2856 2486 3141 2556 septimum
3170 2488 3433 2556 sequitur.

1927 2592 2021 2647 Sin
2059 2610 2186 2649 vero
2215 2605 2495 2665 portarum
2525 2598 2740 2650 nomine
2767 2596 2909 2651 solos
2940 2596 3285 2667 intelligimus
3310 2613 3435 2653 sano

1854 2694 1971 2740 etus
2010 2687 2278 2756 apostolos
2315 2688 2605 2759 designari,
2673 2690 2763 2758 qui
2798 2689 3048 2744 videlicet
3084 2690 3241 2758 primi
3282 2690 3434 2745 nobis

1854 2786 1980 2831 sunt
2036 2789 2236 2834 sancta:
2285 2780 2539 2836 Ecclesiae
2588 2781 2992 2851 praedicatores,
3025 2791 3077 2837 et
3110 2782 3267 2837 ﬁdem
3318 2798 3433 2847 nos,

1855 2883 2007 2939 spem
2046 2878 2208 2939 atque
2236 2872 2554 2925 charitatem
2583 2887 2793 2926 summo
2831 2886 2993 2941 opere
3024 2882 3202 2927 tenere
3244 2873 3438 2927 docue-

1854 2970 2020 3015 runt:
2052 2962 2149 3031 ipsi
2178 2963 2359 3032 itaque
2385 2965 2539 3017 nobis
2580 2964 2629 3016 in
2660 2964 2743 3017 his
2777 2963 3064 3016 virtutibus
3096 2973 3262 3031 porta:
3293 2972 3437 3026 sunt,

1857 3053 2077 3122 quinos
2112 3071 2208 3125 per
2235 3057 2452 3110 easdem
2495 3057 2724 3109 virtutes
2762 3055 2827 3107 ad
2878 3055 3190 3108 interiorem
3231 3054 3443 3110 intelle-

1858 3152 2003 3199 ctum
2027 3156 2243 3202 reterns:
2263 3147 2537 3217 sapientiae
2552 3146 2850 3215 perducunt
2872 3164 2884 3199 :
2910 3146 3002 3199 sed
3023 3146 3067 3199 si
3089 3134 3187 3215 ipsi
3210 3146 3433 3199 exterio-

1861 3252 1949 3291 res
1978 3246 2105 3291 sunt
2133 3248 2319 3307 portae,
2370 3253 2503 3308 quos
2539 3237 2844 3306 accepimus
2876 3237 3201 3291 interiores?
3229 3236 3285 3291 Si
3313 3250 3443 3291 vero

1861 3330 1960 3400 ipsi
1980 3331 2263 3385 interiores
2286 3342 2431 3395 sunt,
2448 3346 2583 3401 quos
2605 3329 2949 3400 intelligimus
2979 3330 3309 3384 exteriores?
3326 3329 3437 3395 Qua

1861 3419 1912 3472 in
1943 3434 2001 3473 re
2039 3419 2257 3490 intelligi
2302 3421 2505 3473 utiliter
2533 3428 2728 3489 potest,
2788 3419 2913 3487 quia
2956 3418 3055 3488 ipsi
3088 3420 3239 3473 nobis
3293 3428 3443 3475 exte-

1861 3512 2031 3565 riores
2084 3511 2242 3565 simul
2288 3521 2343 3565 et
2373 3511 2657 3565 interiores
2708 3518 2877 3579 porta:
2908 3518 3048 3563 sunt.
3112 3508 3243 3563 Cum
3298 3511 3443 3564 enim

1862 3600 2039 3653 adhuc
2087 3600 2465 3655 inchoantibus
2504 3616 2606 3654 non
2638 3600 2743 3653 alta
2780 3607 2834 3652 et
2864 3600 3111 3669 mystica,
3165 3598 3257 3652 sed
3297 3614 3440 3667 qna:-

1861 3694 1983 3746 dam
2012 3708 2130 3761 qum
2158 3693 2272 3762 capi
2295 3692 2588 3761 praevalent
2614 3692 2929 3761 praedicant,
2956 3702 3120 3760 porta:
3147 3691 3442 3745 exteriores

1860 3792 2003 3838 sunt.
2056 3782 2188 3838 Cum
2240 3799 2368 3838 vero
2412 3783 2666 3854 perfectis
2711 3782 2975 3851 profunda
3006 3792 3060 3837 et
3087 3784 3314 3853 mystica
3359 3784 3437 3839 lo-

1860 3883 2121 3944 quuntur,
2156 3883 2326 3943 porta:
2356 3874 2658 3929 interiores.
2714 3874 3004 3928 Videamus
3040 3873 3271 3942 qualiter
3290 3882 3443 3942 porta

1860 3967 2101 4022 exterior
2127 3976 2311 4037 pateat
2344 3984 2357 4019 :
2392 3985 2410 4017 ι
2457 3965 2571 4019 Non
2599 3966 2745 4036 potui
2776 3965 2929 4019 vobis
2956 3965 3121 4033 loqui,
3156 3966 3307 4033 quasi
3338 3967 3446 4034 spi—

1860 4056 2125 4120 ritalibus,
2156 4057 2249 4111 sed
2278 4057 2430 4125 quasi
2456 4056 2781 4110 carnalibus.
2810 4055 3086 4125 Tanquam
3117 4055 3352 4125 parvulis
3391 4056 3445 4108 in

1860 4147 2095 4211 Christo,
2154 4148 2237 4203 lac
2273 4149 2426 4203 vobis
2474 4156 2659 4219 potum
2696 4148 2840 4212 dedi,
2890 4164 2994 4202 non
3022 4164 3198 4201 escam
3226 4146 3275 4217 (I
3315 4146 3438 4200 Cor.

1860 4237 1983 4309 ιιι).
2023 4258 2041 4289 ι
2096 4236 2388 4293 Videamus
2442 4237 2673 4308 qualiter
2731 4248 2885 4307 porta
2941 4237 3167 4291 interior
3220 4246 3442 4306 pateat:

1866 4350 1882 4380 ι
1931 4328 2263 4399 Sapientiam
2291 4328 2719 4397 loquimurinter
2745 4326 3011 4397 perfectos
3061 4326 3111 4397 (l
3153 4325 3273 4379 Cor.
3304 4326 3384 4396 ιι).
3422 4347 3438 4375 ι

1860 4416 2149 4471 Videamus
2189 4425 2367 4471 utrum
2426 4418 2612 4471 eadem
2653 4416 2766 4485 ipsa
2812 4417 2883 4469 sit
2927 4424 3077 4485 porta
3126 4415 3350 4470 interior
3394 4426 3449 4468 et

1859 4508 2096 4562 exterior
2146 4524 2157 4559 :
2226 4525 2244 4556 ι
2291 4506 2637 4577 Sapientibus
2700 4514 2756 4560 et
2806 4505 3180 4574 insipientibus
3237 4503 3449 4557 debitor

1862 4615 1978 4654 sum
2035 4596 2296 4669 (30:11.1).
2340 4618 2357 4650 ι
2412 4597 2512 4665 Qui
2565 4612 2778 4651 rursum
2822 4596 2994 4650 dicit:
3034 4613 3051 4644 ι
3100 4595 3223 4647 Sive
3270 4604 3450 4648 mente

1867 4694 2176 4748 excedimus
2225 4693 2355 4755 Deo,
2413 4692 2529 4745 sive
2570 4690 2735 4744 sobrii
2774 4704 2960 4744 sumus
3002 4687 3154 4743 vobis
3194 4685 3277 4755 (Il
3324 4684 3446 4738 Cor.

1868 4782 1944 4854 v).
1987 4802 2003 4834 ι
2058 4782 2114 4835 In
2140 4782 2239 4836 hoc
2269 4782 2436 4845 enim,
2480 4781 2622 4851 quod
2653 4779 3067 4848 contemplando
3094 4786 3149 4831 et
3180 4776 3447 4846 loquendo

1870 4872 2203 4940 sapientibus
2266 4881 2446 4925 mente
2502 4870 2731 4933 excedit,
2783 4878 2936 4938 porta
2984 4868 3209 4921 interior
3241 4867 3451 4921 estzin

1872 4964 1975 5017 hoc
2012 4976 2160 5021 vero,
2218 4962 2358 5028 quod
2398 4960 2634 5028 parvulis
2674 4960 2853 5013 sobrie
2900 4959 2951 5011 in
2987 4957 3367 5028 prmdicatione
3394 4972 3453 5011 se

1876 5059 2157 5119 temperat,
2199 5058 2251 5101 et
2291 5057 2488 5116 quanta
2520 5049 2779 5102 ebrietate
2819 5048 3038 5117 spiritus
3064 5046 3374 5100 infundatur
3397 5047 3452 5101 in

1872 5150 2051 5194 mente
2073 5154 2192 5192 cum
2215 5138 2471 5208 praedicat
2492 5154 2595 5192 non
2613 5139 2866 5202 ostendit,
2890 5138 3213 5192 exteriorem
3239 5146 3455 5207 portam

1871 5246 1929 5285 se
1964 5245 2082 5284 esse
2110 5229 2437 5283 manifestat.
2477 5229 2579 5299 Ipsi
2633 5230 2813 5297 itaque
2850 5237 2905 5283 ct
2927 5229 3227 5283 exteriores
3279 5236 3449 5295 porte

1873 5322 2028 5377 nobis
2056 5330 2181 5375 sunt
2207 5330 2261 5375 et
2291 5321 2593 5385 interiores,
2644 5337 2762 5389 qua:
2794 5336 2891 5375 nos
2928 5330 2983 5375 et
3006 5321 3057 5374 in
3111 5322 3284 5389 primo
3308 5320 3456 5373 aditu

1876 5412 2022 5475 ﬁdei,
2047 5411 2158 5481 spei
2175 5420 2334 5479 atque
2358 5412 2636 5465 charitatis
2665 5411 2968 5473 instituunt,
2984 5419 3182 5464 etcum
3202 5409 3312 5478 jam
3334 5422 3457 5479 pro-

1878 5501 2181 5555 ﬁcientibus
2218 5500 2456 5556 cmlestis
2504 5500 2653 5570 regni
2706 5499 2963 5570 mysteria
3016 5499 3315 5569 praedicant
3360 5512 3459 5568 per

1878 5594 2209 5648 subtiliorem
2270 5610 2485 5649 sensmn
2556 5610 2653 5648 nos
2704 5595 2769 5649 ad
2821 5594 3077 5647 interiora
3132 5593 3454 5662 perducunt.

1884 5684 2038 5740 Unde
2075 5694 2127 5738 et
2171 5700 2265 5753 per
2306 5694 2508 5755 septem
2547 5686 2744 5754 gradus
2787 5684 2939 5753 prius
2980 5699 3235 5738 ascensus
3274 5697 3455 5735 earum

1882 5774 2221 5836 describitur,
2282 5784 2336 5829 et
2377 5775 2714 5843 postmodum
2745 5789 2840 5841 per
2864 5783 2985 5827 octo
3013 5792 3025 5826 :
3059 5789 3153 5842 per
3205 5782 3455 5826 octavum

1882 5866 2080 5920 ctenim
2106 5865 2331 5928 gradum
2359 5866 2498 5920 illius
2529 5866 2650 5919 vitae
2678 5865 2936 5922 mvsteria
2967 5865 3266 5924 signantur.
3298 5878 3458 5931 quam
