3950 6362
474 494 577 550 ιιιδ

1533 581 1554 626 f

1107 494 1165 548 Β.
1208 493 1466 551 ΒΑΒᾹΝΙ
1505 494 1728 587 M'AURI
1763 492 2061 550 ARCHIEP

2168 494 2436 552 [OGUNT.
2479 495 2769 553 OPERUM
2806 494 2987 552 PARS
3029 496 3095 551 ll.

3653 496 3760 549 9H

472 612 532 666 iu
557 608 783 665 secretis
809 606 922 663 suis
952 598 1179 676 perfecti
1215 598 1549 677 intelligunt:
1597 606 1686 677 qui
1717 604 1829 674 jam
1860 616 2054 661 cuncta
2086 611 2133 670 Α
2160 608 2555 678 cognoscimus.
2598 607 2749 662 llanc
2777 618 2956 662 autem
3007 607 3214 679 antiqui
3246 606 3436 664 Pal-es
3477 615 3760 663 venturam

470 701 787 772 temporalia
812 708 991 755 mente
1020 701 1405 757 transcendere
1438 706 1707 755 noverunt
1739 714 1751 750 :
1786 699 1874 765 qui
1915 714 2057 768 pra?-

472 802 679 848 sentem
704 792 870 846 vitam
888 807 1006 859 qua:
1021 799 1227 862 septem
1250 791 1458 846 dierum
1477 792 1749 847 curriculo
1771 791 2058 858 evolvitur,

473 887 633 957 plene
653 885 957 956 despiciunt
988 905 999 938 :
1033 885 1125 954 qui
1147 885 1213 939 de
1236 884 1424 940 intima
1457 884 1913 956 contemplatione
1941 902 2049 956 pas

473 986 691 1031 cuntur.
721 975 930 1031 Habent
957 968 1124 1047 igitur
1142 985 1311 1047 porta:
1341 977 1599 1047 spiritalis
1621 978 1833 1033 azdilicii
1852 987 2059 1048 septem

470 1070 843 1140 graduszquia
865 1070 1111 1124 timorem
1137 1070 1369 1136 Domini,
1390 1071 1645 1141 pietatem
1672 1080 1729 1125 et
1757 1072 2057 1137 scientiam,

475 1158 846 1217 fortitudinem
874 1169 928 1215 et
957 1162 1265 1225 consilium,
1291 1161 1623 1231 intellectum
1651 1170 1705 1217 et
1739 1163 2062 1233 sapientiam

478 1252 592 1307 suis
624 1253 959 1308 auditoribus
988 1254 1305 1323 praedicant.
1353 1253 1459 1309 Sed
1485 1270 1608 1309 cum
1629 1253 1743 1324 jam
1770 1255 1950 1310 omnia
1979 1257 2061 1310 di—

472 1344 613 1399 mitti
640 1345 977 1415 praecipiunt,
1034 1362 1155 1401 cum
1185 1347 1257 1402 nil
1306 1347 1358 1401 in
1396 1348 1499 1402 hoc
1521 1348 1721 1407 mundo
1779 1348 1925 1419 diligi
1970 1348 2065 1403 ad-

472 1442 747 1497 moneant,
766 1434 840 1488 nil
864 1449 961 1503 per
979 1433 1232 1491 affectant
1260 1435 1446 1497 teneri,
1473 1451 1595 1490 cum
1624 1436 2062 1505 contemplationi

471 1525 711 1581 caelestis
753 1525 941 1593 patriae
992 1524 1198 1580 intendi
1248 1531 1410 1595 atque
1453 1526 1504 1578 in
1544 1524 1660 1593 ejus
1688 1525 1914 1580 suadent
1944 1540 2061 1595 my-

469 1617 653 1673 steriis
683 1616 962 1681 delectari,
999 1617 1225 1686 gradum
1257 1618 1459 1672 addunt
1487 1626 1541 1671 et
1566 1615 1634 1670 ad
1666 1615 1923 1669 interiora
1949 1624 2059 1668 tra-

468 1707 679 1779 jiciunt.
705 1710 810 1764 lste
835 1710 1066 1779 gradus,
1100 1708 1326 1763 docente
1344 1708 1584 1762 Veritate
1605 1749 1617 1771 ,
1645 1707 1856 1762 cuidam
1886 1715 2065 1762 osten—

463 1816 564 1855 sus
592 1809 675 1856 est
704 1819 718 1855 :
747 1802 832 1855 cui
863 1816 983 1855 cum
1015 1800 1149 1870 legis
1176 1808 1445 1868 prmeepta
1480 1799 1813 1863 dicerentur,
1842 1813 2065 1869 respon-

469 1890 585 1946 dit-
617 1911 635 1946 ι
664 1891 788 1946 Βερο
809 1891 989 1945 omnia
1046 1889 1311 1945 custodivi
1336 1904 1365 1941 a
1385 1888 1671 1957 juventute
1702 1902 1819 1942 mea
1844 1887 2060 1959 (Manli.

2165 712 2287 752 esse
2310 698 2610 753 certissime
2636 698 2986 753 crediderunt
3004 716 3016 751 :
3032 706 3085 753 et
3109 698 3272 753 etiam
3294 715 3417 752 eum
3443 698 3651 753 nullum
3674 700 3766 753 ad-

2165 789 2268 843 huc
2294 788 2535 858 ejusdem
2565 790 2976 845 resurrectionis
3004 789 3310 859 exemplum
3340 798 3613 845 tenerent.
3642 790 3764 857 Qua

2167 880 2327 949 igitur
2364 881 2710 936 damnatione
2734 881 2879 951 digni
2916 891 3076 945 sunt,
3109 881 3201 951 qui
3234 890 3289 936 et
3316 881 3626 951 exemplum
3647 879 3761 950 jam

2167 970 2458 1026 Dominicaa
2482 972 2898 1026 resurrectionis
2920 983 3270 1042 acceperunt,
3288 983 3342 1028 et
3363 983 3547 1029 tamen
3571 973 3638 1027 de
3662 987 3767 1027 sua

2163 1064 2566 1118 resurrectione
2593 1062 2873 1118 dillidunt?
2902 1064 3103 1135 Pignus
3141 1072 3345 1127 tenent,
3370 1073 3428 1119 et
3461 1064 3623 1117 ﬁdem
3655 1077 3769 1117 non

2165 1156 2365 1210 habent
2393 1174 2406 1208 :
2436 1156 2696 1210 ecclesias
2738 1155 2970 1224 replent,
2994 1155 3087 1209 sed
3120 1156 3245 1224 quia
3269 1156 3334 1209 de
3364 1155 3769 1210 resurrectione

2166 1261 2263 1299 sua
2301 1247 2573 1309 dubitant,
2636 1256 2818 1301 mente
2872 1262 3041 1301 vacua
3090 1254 3257 1300 stant.
3311 1246 3524 1300 Habent
3580 1254 3771 1298 autem

2166 1339 2452 1394 interiores
2498 1348 2667 1410 porta:
2702 1339 2987 1402 vestibula,
3020 1354 3141 1409 qua:
3191 1338 3377 1409 viginti
3423 1347 3480 1391 et
3528 1338 3772 1407 quinque

2166 1431 2364 1486 cubitis
2393 1432 2447 1486 in
2478 1431 2868 1502 longitudinem
2902 1433 3221 1485 metiuntur.
3256 1430 3312 1485 Si
3353 1432 3501 1486 enim
3529 1438 3653 1485 octo
3685 1437 3771 1484 ter

2168 1523 2413 1578 ducimus
2435 1523 2502 1579 ad
2531 1523 2721 1592 viginti
2746 1531 2979 1593 quatuor
3001 1522 3370 1594 pervenimus,
3391 1524 3479 1577 cui
3502 1538 3642 1577 unus
3667 1521 3770 1575 ad-

2167 1613 2335 1678 ditur,
2364 1614 2631 1685 utviginti
2657 1623 2711 1667 et
2734 1614 2973 1685 quinque
2996 1623 3297 1669 teneamus.
3346 1613 3641 1667 Auditores
3681 1621 3769 1667 et-

2167 1704 2312 1758 enim
2342 1704 2489 1767 boni,
2534 1704 2625 1774 qui
2652 1706 2806 1774 quasi
2839 1704 3102 1759 vestibula
3139 1705 3383 1775 qutedam
3423 1712 3550 1759 sunt
3579 1712 3767 1773 porta-

2168 1810 2315 1858 rum,
2346 1804 2563 1850 teternaa
2592 1797 2707 1865 spei
2748 1796 3211 1865 longanimitatem
3262 1804 3471 1859 tenent,
3509 1802 3769 1849 octavum

2170 1884 2313 1939 diem
2338 1885 2391 1939 in
2416 1885 2699 1939 Trinitatis
2728 1884 2831 1940 fide
2857 1880 3125 1941 sustinent
3154 1904 3167 1939 ι
3194 1901 3315 1956 qua:
3341 1885 3605 1950 Trinitas,
3641 1886 3770 1954 quia

469 1998 582 2047 xix;
606 1981 1362 2050 Luc..\vni),iquasienimin
1378 1992 1580 2052 septem
1596 1979 1850 2052 gradibus
1868 1980 2067 2041 stabat,
2103 1979 2145 2037 B
2175 1993 2313 2032 unus
2352 1985 2436 2031 est
2466 1975 2626 2041 Deus,
2675 1986 2798 2031 octo
2823 1977 3038 2046 quidem
3084 1992 3181 2047 per
3217 1984 3299 2031 ter
3322 1976 3548 2040 ducunt,
3589 1976 3683 2030 sed
3717 1975 3770 2029 ia

467 2085 637 2125 cuma
652 2068 934 2138 iuventute
961 2084 1057 2123 sua
1088 2085 1147 2124 se
1170 2070 1349 2125 omnia
1380 2071 1679 2124 custodisse
1703 2070 1925 2125 diceret.
1957 2068 2065 2123 Sed

468 2159 518 2213 ei
549 2174 668 2213 mox
696 2158 920 2213 dicitur:
942 2177 958 2208 ι
978 2159 1168 2213 Adhuc
1192 2174 1357 2212 unum
1388 2160 1481 2213 tibi
1508 2160 1680 2225 deest,
1706 2161 1751 2213 si
1781 2159 1863 2212 vis
1882 2157 2062 2227 perfe-

466 2260 589 2307 ctus
610 2266 752 2315 esse,
777 2250 932 2314 vade,
957 2250 1128 2306 vende
1153 2251 1335 2306 omnia
1358 2267 1478 2321 quae
1505 2251 1675 2307 habes
1697 2261 1751 2305 et
1776 2252 1841 2305 da
1861 2266 2064 2321 paupe-

469 2343 641 2408 ribus,
668 2352 722 2398 et
747 2342 970 2398 habebis
1000 2328 1316 2398 thesaurum
1341 2343 1391 2397 in
1424 2342 1582 2408 caelo,
1613 2352 1668 2397 et
1689 2342 1810 2396 veni
1839 2356 2066 2411 sequere

468 2448 575 2487 me.
630 2451 648 2484 ι
704 2432 761 2488 ln
793 2433 991 2503 quibus
1028 2433 1214 2487 verbis
1254 2440 1506 2487 octavum
1547 2432 1795 2500 equidem
1841 2432 2065 2501 gradum

471 2523 622 2587 vidit,
681 2523 774 2577 sed
820 2523 1116 2579 ascendere
1153 2523 1341 2588 noluit,
1396 2525 1521 2593 quia
1565 2524 1737 2579 tristis
1781 2523 2064 2578 abscessit.

469 2613 724 2683 Quisquis
788 2614 968 2683 itaque
1035 2615 1364 2684 contemptis
1444 2614 1605 2669 rebus
1682 2614 2068 2684 temporalibus

467 2703 789 2758 aeternitatis
818 2704 1271 2773 contemplatione
1319 2703 1581 2774 pascitur,
1643 2703 1880 2758 caelestis
1918 2704 2067 2773 regni

471 2795 665 2867 gaudia
716 2796 963 2859 rimatur,
1023 2804 1146 2865 post
1182 2804 1389 2866 septem
1419 2796 1619 2865 gradus
1668 2811 1807 2863 quos
1832 2795 2069 2849 timendo

466 2895 526 2943 et
549 2887 823 2957 operando
851 2895 1014 2956 atque
1052 2886 1331 2941 intellectu
1363 2887 1644 2956 sapientia:
1673 2886 2069 2941 succrescendo

468 2976 663 3040 tenuit,
703 2983 897 3030 octavo
936 2976 1101 3045 gradu
1136 2975 1414 3030 interioris
1436 2984 1606 3045 porta:
1654 2976 1857 3031 aditum
1902 2977 2073 3030 intra-

471 3066 568 3119 vit.
622 3064 726 3120 Per
753 3074 1005 3120 octavum
1034 3081 1248 3136 quoque
1290 3080 1604 3131 numerum,
1652 3077 1707 3122 et
1739 3068 1856 3122 dies
1882 3070 2070 3123 aeterni

464 3156 660 3227 judicii
711 3164 767 3211 et
813 3156 992 3211 carnis
1042 3157 1374 3212 resurrectio
1425 3157 1755 3226 designatur.
1820 3156 1971 3213 Unde
2019 3168 2075 3214 et

472 3247 712 3317 psalmus
760 3247 849 3315 qui
891 3262 989 3316 pro
1018 3256 1211 3301 octavo
1247 3247 1521 3309 scribitur,
1579 3263 1605 3300 a
1647 3263 1847 3316 pavore
1882 3248 2071 3317 judicii

2165 2068 2328 2123 unius
2357 2068 2453 2122 Dei
2495 2067 2835 2143 confessione
2883 2067 3199 2123 solidantur.
3236 2067 3407 2121 Plana
3442 2076 3569 2122 sunt
3601 2067 3774 2121 vesti-

2166 2160 2290 2213 bula
2318 2177 2330 2213 :
2357 2160 2483 2227 quia
2511 2160 2732 2213 humilia
2759 2166 2887 2214 sunt
2918 2160 3085 2214 corda
3126 2159 3435 2213 auditorum
3475 2159 3770 2212 bonorum.

2168 2247 2379 2303 Habent
2406 2247 2793 2317 longitudinem
2826 2265 2839 2302 :
2875 2249 2999 2317 quia
3025 2248 3081 2302 in
3110 2248 3231 2317 spei
3256 2256 3615 2317 perseverant
3652 2247 3775 2300 lon-

2169 2337 2503 2409 ganimitate.
2548 2338 2747 2408 Viginti
2775 2349 2831 2392 et
2859 2339 3099 2408 quinque
3129 2339 3329 2393 cubitis
3370 2339 3768 2409 earumlongi~

2172 2429 2299 2482 ludo
2351 2421 2697 2483 inensuratur
2735 2444 2749 2482 :
2788 2429 2914 2498 quia
2972 2431 3427 2485 resurrectionem
3476 2432 3658 2485 carnis
3720 2432 3778 2484 in

2170 2528 2356 2574 octava
2384 2536 2479 2589 per
2518 2520 2840 2575 Trinitatem
2866 2523 3117 2586 credunt,
3154 2530 3211 2576 et
3232 2522 3483 2577 eamdem
3522 2530 3773 2577 sanetam

2173 2612 2492 2673 Trinitatem
2530 2629 2695 2667 unum
2722 2628 2846 2668 esse
2878 2614 3045 2669 Deum
3078 2613 3333 2668 fatentur.
3394 2614 3609 2669 Habent
3633 2630 3773 2684 quo-

2173 2721 2277 2772 que
2306 2706 2545 2775 quinque
2574 2706 2785 2761 cubitos
2826 2707 2879 2760 in
2907 2706 3247 2761 latitudinem
3280 2726 3294 2761 :
3320 2708 3448 2777 quia
3478 2723 3577 2777 per
3604 2709 3775 2762 vitam

2174 2795 2471 2864 simplicem
2505 2812 2624 2865 qua:
2650 2796 2888 2866 quinque
2916 2796 3166 2851 sensibus
3189 2797 3426 2861 ducitur,
3452 2799 3600 2853 circa
3628 2814 3776 2852 amo-

2175 2901 2289 2940 rem
2308 2888 2534 2957 proximi
2560 2887 2872 2943 dilatantur.
2906 2890 2971 2944 Et
2996 2891 3310 2956 notandum,
3336 2893 3463 2961 quia
3484 2902 3775 2962 postquam

2175 2983 2452 3043 portarum
2484 2976 2749 3031 vestibula
2772 2980 3018 3048 superius
3050 2981 3152 3034 alia
3186 2982 3328 3037 dicta
3356 2992 3504 3047 sunt,
3532 2994 3778 3052 postmo—

2178 3067 2305 3121 dum
2334 3068 2677 3133 vestibulum,
2729 3071 2872 3139 quod
2907 3073 3147 3142 quinque
3178 3074 3488 3128 cubitorum
3525 3076 3691 3131 habet
3719 3077 3773 3131 ir:

2179 3158 2538 3223 latitudinem,
2572 3161 2811 3215 exterius
2838 3163 3113 3231 respicere
3140 3163 3359 3218 dicitur.
3416 3164 3555 3231 Quia
3606 3167 3771 3220 nimi-

2182 3266 2301 3304 rum
2332 3260 2455 3304 sunt
2488 3252 2763 3305 auditores
2793 3252 2899 3317 alii,
2964 3254 3055 3323 qui
3108 3254 3440 3310 intellectum
3494 3257 3776 3312 interioris

478 3349 563 3395 est
610 3340 919 3403 inchoatus,
976 3356 1098 3394 cum
1131 3339 1333 3394 dicitur
1362 3359 1373 3392 :
1411 3357 1428 3389 ι
1498 3340 1742 3404 Domine,
1809 3356 1875 3396 ne
1906 3342 1957 3395 in
1989 3343 2067 3396 ira
2097 3344 2141 3406 ρ
2174 3340 2297 3391 vitae
2317 3339 2488 3409 magis
2507 3340 2800 3395 virtutibus
2841 3340 3173 3409 proficiendo
3200 3355 3511 3413 penetrant.
3548 3346 3616 3402 Et
3642 3360 3772 3403 sunt

477 3442 567 3486 tua
618 3448 814 3502 arguas
856 3448 963 3493 me,
1021 3448 1195 3501 neque
1247 3433 1300 3487 in
1334 3431 1516 3488 furore
1545 3443 1637 3487 tuo
1685 3435 1946 3506 corripias
1981 3451 2067 3490 me

471 3523 645 3597 (Psal.
688 3524 785 3594 vn).
822 3544 839 3576 ι
898 3523 1049 3578 Nune
1095 3525 1239 3579 enim
1279 3534 1490 3595 tempus
1518 3533 1602 3579 est
1628 3526 2012 3582 misericordia:
2050 3546 2068 3581 τ

470 3617 525 3671 in
564 3617 653 3670 illo
685 3626 863 3670 autem
904 3617 1109 3685 judicio
1144 3617 1259 3672 dies
1289 3617 1418 3682 ira),
1464 3618 1515 3671 in
1554 3633 1661 3687 quo
1688 3617 1937 3693 videlicet
1980 3618 2069 3674 die

470 3723 631 3763 omne
661 3709 759 3763 hoc
795 3717 1005 3777 tempus
1049 3708 1260 3775 linitur,
1310 3710 1452 3779 quod
1477 3718 1682 3778 septem
1705 3710 1895 3766 diebus
1921 3712 2067 3767 evol-

474 3802 622 3853 vitur
656 3818 668 3853 :
704 3808 757 3854 ct
780 3800 921 3869 quod
949 3808 1069 3869 post
1099 3809 1305 3871 septem
1336 3802 1450 3855 dics
1481 3802 1745 3871 sequitur,
1772 3800 1895 3869 jure
1920 3812 2068 3858 octa-

471 3906 589 3946 vus-
621 3892 943 3962 appellatur,
995 3893 1045 3945 in
1087 3907 1193 3961 quo
1237 3902 1290 3947 et
1321 3908 1450 3947 caro
1486 3901 1669 3947 nostra
1717 3902 1961 3963 resurget
1998 3909 2067 3949 ex

470 3982 713 4055 pulvere,
748 3992 807 4038 ut
833 3984 947 4038 sive
971 3984 1109 4038 bona
1144 3986 1258 4039 sive
1287 3984 1426 4037 mala
1461 3984 1570 4054 egit
1605 3983 1829 4053 recipiat
1858 4000 1887 4039 a
1928 3986 2065 4039 veri-

474 4081 605 4129 tate.
672 4072 820 4129 Undc
854 4090 950 4144 per
986 4074 1161 4146 legem
1198 4089 1413 4145 quoque
1462 4086 1653 4131 octavo
1694 4076 1779 4130 die
1811 4073 1925 4130 fieri
1958 4076 2066 4130 cir-

469 4163 732 4218 cumcisio
756 4161 997 4232 jubetur.
1035 4163 1167 4219 Nam
1194 4180 1291 4235 per
1317 4165 1637 4228 membrum,
1668 4166 1811 4236 quod
1834 4166 2066 4220 circum-

471 4252 693 4319 ciditur,
726 4254 969 4309 mortalis
997 4254 1312 4327 propagatio
1340 4265 1649 4325 generatur,
1688 4256 2063 4311 deced'entiui‘n

471 4351 525 4395 et
570 4343 969 4397 succedentium
1012 4360 1271 4400 numerus
1300 4355 1546 4418 augetur.
1601 4347 1707 4401 Sed
1738 4348 1863 4417 quia
1896 4350 1949 4401 in
1974 4364 2062 4403 re-

473 4433 811 4487 surrectione
851 4442 1188 4488 mortuorum
1231 4450 1332 4490 nec
1378 4438 1559 4492 carnis
1603 4436 1716 4506 jam
1747 4439 2063 4509 propagatio

473 4521 668 4592 agitur,
712 4531 767 4576 et
798 4524 1043 4578 decessio
1086 4531 1249 4595 atque
1280 4528 1554 4582 successio
1585 4529 1727 4583 nulla
1751 4530 1876 4592 erit,
1932 4532 2059 4599 quia

477 4630 495 4663 ε
546 4626 720 4681 neque
762 4613 985 4678 nubent,
1043 4630 1219 4687 neque
1250 4616 1543 4681 nubentur,
1612 4620 1703 4673 sed
1728 4630 1886 4674 erunt
1917 4622 2060 4677 sicut

2173 3431 2390 3500 quidam
2418 3432 2710 3501 simplices,
2733 3433 2825 3503 qui
2849 3433 2985 3488 bene
3013 3434 3248 3502 quidem,
3266 3436 3369 3505 sed
3389 3436 3548 3504 juxta
3577 3453 3776 3493 sensus

2171 3539 2462 3593 corporcos
2487 3526 2690 3579 vivunt.
2729 3526 2880 3580 Unde
2905 3533 2959 3579 et
2989 3527 3231 3580 exterius
3259 3529 3533 3598 respicere
3577 3529 3774 3584 dicun-

2174 3624 2261 3669 tur
2294 3633 2307 3669 :
2340 3617 2493 3685 quasi
2539 3616 2684 3670 enim
2716 3625 2868 3671 extra
2902 3617 3220 3686 respiciunt,
3249 3619 3374 3687 quia
3393 3618 3547 3686 juxta
3580 3635 3775 3677 sensus

2171 3722 2469 3775 corporeos
2499 3707 2705 3761 vivunt.
2768 3706 2873 3762 Sed
2906 3717 3085 3762 tamen
3132 3712 3376 3766 exteiius
3412 3713 3772 3781 respicientes

2170 3798 2316 3852 intus
2342 3806 2468 3852 sunt
2500 3816 2510 3849 :
2541 3799 2666 3867 quia
2715 3799 2813 3852 ctsi
2860 3814 3053 3853 sensus
3081 3813 3374 3869 eorporeos
3419 3802 3771 3871 intelligendo

2169 3888 2551 3943 transcendere
2573 3890 2844 3952 nesciunt,
2870 3888 3027 3945 (idem
3056 3899 3232 3945 tamen
3259 3901 3425 3961 atque
3446 3893 3767 3947 cbaritatem

2167 3977 2444 4032 humiliter
2473 3987 2674 4033 tenent.
2704 3980 2769 4033 Et
2798 3979 2947 4036 intus
2978 3995 3106 4052 ergo
3128 3990 3255 4037 sunt
3299 3982 3353 4036 in
3381 3983 3610 4052 spiritali
3633 3984 3768 4037 acdi-

2167 4069 2290 4125 ticio
2321 4085 2418 4141 per
2448 4087 2713 4138 amorem,
2744 4081 2798 4128 et
2822 4074 2979 4143 quasi
3008 4074 3159 4129 foras
3185 4074 3489 4143 respiciunt
3513 4091 3610 4145 per
3635 4077 3769 4129 sim-

2168 4163 2485 4233 plicitatem.
2517 4166 2704 4221 Potest
2734 4182 2833 4237 per
2854 4167 3183 4223 vestibulum
3204 4168 3347 4238 quod
3386 4168 3627 4223 exterius
3678 4181 3768 4221 re-

2166 4254 2347 4322 spicit,
2402 4254 2536 4311 tides
2574 4256 2946 4312 inchoantium
2973 4259 3274 4329 designari,
3322 4268 3378 4315 et
3399 4275 3499 4331 per
3525 4260 3769 4314 VCSlllttl~

2165 4342 2274 4397 lum
2316 4344 2456 4413 quod
2501 4353 2586 4400 est
2632 4346 2891 4412 interius,
2938 4347 3072 4403 fides
3115 4346 3477 4418 perfectorum
3517 4350 3608 4419 qui
3644 4350 3767 4419 jam

2165 4452 2258 4506 per
2300 4451 2423 4490 eam
2456 4436 2509 4491 in
2542 4438 2838 4493 virtutibus
2867 4439 3126 4494 emicant.
3186 4440 3417 4495 Possunt
3445 4440 3607 4495 etiam
3662 4456 3767 4509 per

2165 4529 2485 4584 vestibulum
2512 4530 2738 4586 interius
2762 4540 3030 4602 praecepta
3057 4532 3276 4596 altiora,
3300 4548 3399 4603 per
3427 4533 3756 4588 vestibulum

2165 4637 2297 4677 vero
2323 4624 2467 4692 quod
2499 4625 2717 4694 respicit
2741 4625 2981 4681 exterius
3018 4635 3285 4696 prmcepta
3312 4627 3490 4682 adhuc
3532 4626 3763 4680 minima

473 4701 648 4790 angeli
685 4702 777 4757 Dei
819 4703 871 4757 in
894 4703 1033 4760 cwlo
1074 4703 1289 4777 (Matth.
1316 4707 1450 4780 χχιι)
1471 4748 1485 4771 ,
1519 4728 1539 4759 ι
1586 4716 1778 4764 octavo
1811 4710 1899 4765 die
1928 4727 2062 4780 pnc-
2094 4699 2142 4758 Ι)
2169 4710 2406 4783 ﬁgurari.
2466 4712 2571 4768 Per
2603 4713 2928 4769 vestibulum
2954 4714 3153 4786 quippe
3198 4716 3307 4771 itur
3328 4716 3408 4771 ad
3448 4715 3649 4786 gradus
3704 4725 3767 4770 et

473 4794 670 4863 cipitur
692 4796 1009 4865 praeputium
1035 4796 1198 4852 incidi
1224 4817 1235 4850 :
1270 4798 1514 4853 ibi‘enim
1540 4799 1715 4855 locum
1739 4800 1850 4871 jam
1881 4804 2062 4858 carnis

473 4888 790 4959 propagatio
832 4904 937 4943 non
971 4889 1150 4956 liabet,
1199 4891 1286 4946 ubi
1324 4908 1619 4968 resurgens
1647 4910 1782 4952 caro
1808 4911 2059 4966 persevc-

474 4978 707 5034 rantiam
736 4980 1056 5034 reternitatis
1083 4982 1261 5036 habet.
1301 4982 1404 5038 Per
1434 4984 1536 5039 hoc
1561 4988 1862 5040 membrum
1892 4999 2051 5041 mare:

470 5069 626 5140 virgo
657 5069 955 5135 descendit,
998 5086 1118 5142 qua:
1151 5072 1317 5129 Deum
1350 5074 1400 5128 in
1435 5084 1589 5129 utero
1615 5076 1732 5131 sine
1755 5076 1923 5131 virilis
1945 5094 2063 5132 car-

472 5161 562 5218 nis
597 5163 926 5219 admixtione
954 5167 1231 5236 concepit,
1283 5168 1374 5237 qui
1404 5169 1613 5238 primus
1650 5170 1804 5225 nobis
1844 5179 2061 5225 interna:

474 5257 664 5331 patria:
686 5257 911 5329 gloriam
938 5260 989 5313 in
1017 5275 1112 5314 sua
1148 5262 1544 5316 resurrectione
1572 5264 1891 5318 monstravit
1920 5281 1933 5316 :
1968 5265 2059 5331 qui

475 5363 707 5421 surgens
730 5364 760 5403 a
784 5350 1012 5405 mortuis
1029 5350 1141 5418 jam
1165 5366 1269 5407 non
1297 5351 1553 5419 moritur,
1596 5361 1650 5409 et
1673 5368 1820 5425 mors
1839 5354 1889 5409 ei
1917 5355 2058 5407 ultra

473 5456 585 5498 non
625 5442 1025 5498 dominabitur:
1059 5443 1320 5513 nobisque
1363 5442 1668 5515 exemplum
1693 5436 1859 5510 dedit,
1912 5452 1971 5498 ut
1994 5458 2059 5498 ca

476 5531 594 5586 fieri
621 5532 676 5585 in
701 5530 789 5586 die
815 5531 1003 5587 ultimo
1056 5532 1129 5587 de
1155 5542 1336 5587 nostra
1379 5548 1544 5589 carne
1587 5533 1897 5598 credamus,
1940 5550 2062 5604 quae

478 5620 616 5677 facta
645 5621 709 5676 de
726 5636 890 5675 carne
911 5620 1054 5676 illius
1080 5620 1132 5675 in
1163 5621 1249 5676 die
1276 5622 1691 5679 resurrectionis
1723 5623 2057 5694 agnovimus.

477 5710 583 5765 Sed
610 5710 745 5781 quia"
763 5726 944 5767 sermo
970 5712 1125 5767 nobis
1150 5711 1218 5767 de
1244 5712 1425 5768 carnis
1448 5714 1846 5768 resurrectione
1883 5728 1941 5767 se
1981 5715 2060 5766 in-

479 5801 620 5867 tulit,
645 5802 797 5857 triste
828 5802 988 5858 uimis
1007 5810 1063 5858 et
1085 5802 1239 5857 valde
1258 5802 1483 5873 lugubre
1512 5811 1617 5871 est,
1637 5803 1779 5872 quod
1796 5803 2059 5874 quosdam

476 5890 531 5945 in
556 5891 801 5948 Ecclesia
820 5901 988 5958 stare,
1012 5893 1154 5948 etde
1182 5893 1363 5949 carnis
1388 5892 1785 5949 resurrectione
1809 5892 2059 5948 dubitare

2170 4814 2379 4875 portam
2411 4824 2423 4859 :
2454 4805 2580 4875 quia
2611 4820 2708 4876 per
2743 4816 3011 4878 praecepta
3046 4808 3446 4879 praedicationis
3495 4808 3760 4880 pertingi-

2171 4904 2256 4950 tur
2297 4897 2364 4952 ad
2392 4899 2621 4953 virtutes
2672 4907 2833 4969 atque
2871 4900 3077 4955 aditum
3099 4902 3285 4972 gratim
3313 4901 3567 4958 ccelestis.
3616 4900 3763 4956 Cum

2166 5000 2298 5041 vero
2338 4988 2561 5057 jubelur
2586 4989 2706 5043 aliis
2744 4990 2798 5043 in
2830 4990 3158 5061 cogitatione
3200 5006 3299 5047 sua
3334 5001 3535 5048 mtema
3581 4994 3759 5046 medi-

2171 5077 2293 5139 tari,
2359 5080 2598 5133 cmlcstia
2658 5095 2874 5150 sapere,
2917 5083 3107 5151 eisque
3148 5083 3351 5139 dicitur
3406 5084 3457 5138 in
3508 5083 3754 5153 psalmis

2171 5168 2384 5238 hymnis
2413 5177 2470 5223 et
2495 5170 2727 5226 canticis
2746 5170 3079 5241 spiritalibus
3108 5174 3311 5236 vivere,
3338 5173 3491 5243 quasi
3522 5174 3759 5228 interius

2166 5260 2495 5316 vestibulum
2511 5263 2814 5317 ostenditur
2843 5264 2984 5333 quod
3014 5264 3403 5335 quinquaginta
3441 5264 3640 5319 cubitis
3675 5264 3755 5318 la-

2166 5351 2417 5417 titudine,
2439 5361 2494 5407 et
2520 5353 2709 5424 viginti
2736 5363 2789 5409 et
2812 5356 3053 5426 quinque
3075 5355 3358 5411 latitudine
3382 5364 3749 5411 mensuratur.

2166 5439 2242 5494 De
2273 5440 2469 5509 quibus
2488 5442 2733 5497 timueris
2754 5458 2899 5499 nunc
2929 5454 3196 5507 tacemus,
3220 5445 3349 5515 quia
3376 5460 3447 5501 ex
3466 5445 3551 5499 bis
3576 5445 3759 5499 multa

2159 5528 2271 5599 jam
2327 5532 2573 5599 superius
2612 5532 2865 5591 diximus.
2917 5533 3053 5590 Cum
3102 5548 3233 5590 vero
3271 5535 3394 5590 aliis
3440 5533 3755 5605 pmipilltl!

2170 5622 2322 5677 uxori
2365 5622 2448 5675 vir
2488 5622 2726 5677 debitum
2756 5624 2965 5691 reddat,
3021 5625 3273 5685 similiter
3312 5634 3490 5679 autem
3535 5632 3590 5677 et
3616 5639 3757 5679 onr

2168 5712 2305 5776 viro,
2362 5713 2530 5780 quasi~
2560 5714 2903 5780 vestibulum,
2958 5717 3101 5785 quod
3137 5717 3377 5772 exterius
3404 5715 3626 5787 respicit
3662 5716 3757 5772 ἀει

2166 5804 2429 5873 signatur.
2488 5804 2639 5871 Quod
2666 5808 2915 5874 quamvis
2951 5817 3105 5864 extra
3152 5809 3423 5879 respiciat,
3482 5816 3541 5863 et
3568 5816 3760 5862 tamen

2168 5894 2311 5950 intus
2340 5904 2442 5956 est,
2486 5896 2612 5967 quia
2642 5896 2790 5953 rudis
2819 5898 3032 5954 auditor
3071 5898 3244 5956 adhuc
3271 5900 3403 5972 agit,
3455 5899 3602 5970 quod
3630 5914 3758 5955 ως

3144 6146 3153 6179 i
