3950 6330
206 383 318 440 955

1145 386 1500 444 COMMENT.
1546 387 1610 442 l-N
1653 388 2108 446 I'IZECIIIELEM.
2150 422 2221 432 —
2260 387 2387 447 LIB.
2427 392 2564 450 XVI.

3375 398 3483 454 M6

206 499 296 556 nis
321 507 444 565 est;
473 507 530 554 et
569 507 746 556 tamen
797 516 828 555 a
875 501 1137 557 honorum
1177 517 1403 558 numero
1443 502 1652 558 alienus
1696 520 1802 560 non
1831 508 1882 568 Α
1910 507 2059 562 taciti
2082 508 2504 578 reprehendunt,
2542 509 2874 584 et'lacrymis
2906 514 3260 586 insequuntur
3306 535 3490 588 omne,

205 600 318 646 est.
351 591 539 646 Potest
576 599 756 647 autem
783 603 840 648 et
869 608 968 663 per
996 593 1225 648 orientis
1267 604 1479 664 portam
1515 596 1795 663 Dominus,

208 688 267 736 et
302 695 400 751 per
444 682 614 737 austri
649 681 832 738 .indtea
857 725 872 748 ,
922 699 1020 753 per
1061 685 1331 754 aquilonis
1363 700 1492 740 vero
1540 702 1800 742 conversa

207 772 485 842 gentilitas
513 773 804 844 designari.
858 773 966 829 Sed
994 775 1096 829 hac
1126 777 1177 839 in
1200 792 1279 841 re,
1308 778 1536 846 qutestio
1559 780 1798 833 animum

208 860 411 932 pulsat,
455 879 553 918 cur
587 863 640 918 in
680 865 945 934 superiori
985 867 1296 922 narratione
1326 869 1602 938 propheta:
1651 870 1803 939 prius

207 952 488 1007 orientalis
507 954 852 1022 postmodum
865 955 1152 1025 aquilonis,
1171 971 1236 1012 ae
1250 949 1442 1012 deinde
1457 957 1625 1012 austri
1644 968 1798 1028 porta

209 1044 482 1115 descripta
507 1054 593 1101 est
635 1064 650 1100 :
696 1061 929 1118 cumque
965 1048 1181 1103 easdem
1218 1058 1403 1118 portas
1442 1050 1498 1103 in
1540 1049 1801 1104 anteriori

206 1141 352 1196 atrio
381 1150 652 1208 narraret,
679 1142 832 1213 prius
852 1151 1064 1213 portam
1095 1143 1288 1208 austri,
1334 1142 1524 1198 deinde
1552 1142 1800 1207 orientis,

206 1240 265 1288 et
285 1235 443 1288 tertio
482 1233 538 1287 in
567 1232 686 1289 loco
704 1234 988 1305 descripsit
1017 1234 1303 1304 aquilonis.
1358 1234 1470 1288 Cur
1493 1242 1672 1288 autem
1698 1249 1803 1288 non

204 1322 458 1378 eumdem
505 1323 776 1387 ordinem,
812 1341 975 1395 quem
1005 1333 1249 1396 coeperat
1295 1325 1488 1389 tenuit,
1531 1325 1628 1380 sed
1657 1325 1804 1381 hunc

206 1415 264 1468 in
298 1425 573 1484 portarum
622 1407 988 1486 descriptione
1040 1416 1414 1485 permutavit;
1462 1424 1522 1470 ut
1562 1422 1618 1469 et
1653 1415 1804 1486 prius

205 1505 416 1562 diceret
440 1505 667 1560 orientis
685 1515 918 1576 portam,
946 1505 1217 1575 aquilonis
1243 1515 1300 1560 et
1333 1504 1528 1570 austri,
1572 1513 1630 1560 et
1657 1511 1804 1574 post-

204 1595 427 1652 modum
458 1598 652 1663 austri,
676 1598 905 1653 orientis
922 1608 978 1652 et
1007 1598 1308 1669 aquilonis?
1332 1597 1438 1654 Sed
1463 1598 1506 1652 si
1535 1596 1803 1668 aquilonis

207 1684 432 1740 nomine
477 1686 752 1757 gentilitas
787 1687 1123 1759 designatur,
1167 1689 1380 1744 cunctis
1433 1689 1673 1744 studiose
1718 1686 1800 1742 le-

198 1775 458 1845 gentibus
516 1763 707 1846 liquet,
777 1778 906 1848 quia
959 1787 1084 1834 ante
1123 1776 1464 1850 Synagogam
1528 1777 1803 1848 gentilitas

1901 603 2044 669 quod
2071 615 2131 655 se
2152 599 2327 671 egisse
2358 601 2541 672 inique
2571 604 2951 660 meminerunt.
2983 607 3134 664 Unde
3162 610 3252 666 hic
3276 627 3492 683 quoque

1903 692 1968 745 de
2000 693 2161 758 ostio,
2191 693 2336 762 quod
2363 702 2448 749 est
2488 695 2541 749 in
2565 693 2834 752 frontibus
2889 709 3165 769 portarum
3195 702 3439 759 subditur
3471 723 3488 762 :

1908 801 1925 831 ι
1982 782 2057 837 lbi
2107 782 2359 840 lavabant
2406 785 2798 842 holocaustum.
2864 808 2882 840 ι
2943 790 3044 856 Qui
3076 793 3237 847 'enim
3288 807 3350 851 se
3397 809 3494 864 per

1904 873 2063 928 fidem
2115 876 2167 931 in
2197 878 2607 933 conversatione
2646 888 2832 935 sancta
2867 880 3093 936 Domino
3131 885 3486 953 devoverant,

1905 963 2279 1028 holocaustum
2326 967 2555 1024 Domino
2602 969 2730 1026 facti
2784 982 2930 1026 sunt.
2991 972 3096 1029 Sed
3144 975 3270 1045 quia
3308 977 3486 1034 adhuc

1903 1055 2071 1110 multa
2105 1057 2157 1110 in
2209 1072 2267 1113 se
2323 1060 2389 1114 de
2439 1061 2772 1131 corruptibili
2813 1078 2911 1118 sua
2962 1079 3130 1139 carne
3189 1068 3491 1137 patiuntur,

1905 1148 2029 1218 quia
2057 1149 2235 1205 adhuc
2269 1150 2321 1206 in
2349 1151 2429 1208 eis
2449 1155 2626 1210 cordis
2657 1156 2918 1212 munditia
2943 1161 3174 1233 sordidis
3205 1165 3489 1233 cog'ta'tio-

1905 1238 2062 1293 nibus
2095 1238 2427 1310 inquinatur,
2457 1245 2696 1313 quotidie
2722 1247 2790 1302 ad
2815 1232 3084 1320 lacrymas
3116 1232 3364 1319 redeunt,
3395 1273 3486 1315 as-

1904 1327 2073 1384 siduis
2102 1328 2317 1388 ﬂetibus
2363 1331 2673 1405 affliguntur
2701 1328 3060 1396 :sanctomm
3099 1344 3244 1399 enim
3268 1345 3491 1405 Patrum

1903 1416 2046 1472 dicta
2081 1428 2136 1475 et
2154 1418 2298 1476 facta
2322 1424 2693 1492 considerant,
2755 1435 2810 1483 et
2851 1443 2974 1484 eum
3000 1448 3058 1487 se
3083 1433 3328 1506 indignos
3358 1452 3491 1510 pen-

1904 1517 2044 1573 sant,
2097 1510 2150 1565 in
2181 1520 2461 1581 portarum
2504 1517 2644 1572 ostio
2678 1518 3051 1578 holocaustum
3089 1525 3291 1583 lavant.
3353 1529 3492 1591 Ecce

1903 1604 2104 1660 etenim
2123 1607 2244 1677 quis
2265 1610 2576 1678 pro-timore
2605 1614 2992 1684 omnipotentis
3015 1618 3227 1676 Domini
3252 1638 3374 1681 esse
3393 1641 3493 1697 pa-

1905 1696 2046 1784 tiens
2072 1699 2288 1756 devovit
2313 1721 2326 1756 :
2353 1702 2484 1758 nulli
2514 1705 2816 1762 convicium
2847 1725 2945 1779 pro
2967 1714 3214 1770 convicio
3242 1696 3490 1787 reddere,

1905 1788 2087 1842 omnia
2136 1792 2518 1862 mquanimiter
2564 1795 2813 1852 tolerare.
2861 1799 2929 1854 Et
2973 1809 3152 1858 tamen
3184 1819 3310 1861 cum
3348 1807 3490 1865 liene

200 1868 334 1922 (υίιο
365 1867 500 1923 Nai“
533 1868 713 1925 "01’3"
744 1870 892 1940 ipse:
930 1886 961 1925 ³
989 1886 1096 1940 (Ιιιο
1112 1871 1330 1926 πουτωῖ
1366 1870 1617 1942 appellati
1647 1876 1793 1967 δξιῐιῐ,
1829 1863 1874 1922 Β
1906 1880 2231 1935 contumelia
2271 1883 2340 1936 ab
2367 1897 2463 1938 ore
2485 1886 2716 1955 proximi
2745 1887 2891 1945 illata
2931 1893 3111 1948 subito
3136 1863 3488 1967 percusserit,

198 1973 274 2014 ex
304 1958 552 2029 gentibus
585 1959 792 2015 electus
829 1971 930 2016 est.
984 1961 1204 2016 Dicatur
1252 1977 1382 2033 ergo
1429 1970 1585 2032 porta
1615 1961 1797 2016 orien-

205 2050 334 2106 talis
361 2059 487 2105 aute
514 2061 724 2122 portam
747 2053 1019 2123 aquilonis
1045 2061 1102 2108 et
1130 2053 1322 2118 austri,
1375 2055 1499 2123 quia
1523 2055 1578 2108 in
1605 2055 1798 2113 divini-

205 2151 322 2199 tate
349 2161 444 2200 sna
479 2146 736 2201 Dominus
757 2156 883 2201 ante
911 2145 1267 2217 gentilitatem
1295 2153 1349 2201 et
1371 2144 1610 2201 Judaeum
1643 2155 1800 2203 natus

201 2245 315 2301 est,
350 2235 476 2305 quia
503 2243 557 2289 et
583 2246 713 2298 ante
739 2237 921 2291 omnia
949 2237 1168 2291 srecula.
1208 2237 1430 2292 Dicatur
1459 2253 1587 2293 vero
1615 2252 1800 2294 narra-

201 2327 354 2381 tione
375 2328 725 2397 subscqueuti
752 2338 907 2397 porta
945 2330 1138 2394 austri,
1169 2329 1396 2385 orientis
1420 2339 1473 2384 et
1495 2331 1794 2401 aquilonis:

196 2418 333 2486 quia
366 2418 695 2489 Redemptor
723 2431 907 2480 noster
932 2421 986 2474 iu
1021 2421 1255 2476 humana
1294 2429 1490 2476 natura
1532 2422 1675 2477 inter
1704 2423 1800 2478 Ju-

199 2508 383 2562 tlazam
418 2518 474 2563 et
518 2511 874 2581 gentilitatem
924 2512 1070 2567 nasci
1114 2512 1365 2580 dignatus
1391 2522 1495 2580 est,
1538 2514 1630 2584 qui
1658 2523 1712 2570 et
1741 2515 1798 2569 in

204 2602 316 2654 tine
343 2601 643 2672 Synagogae
672 2603 832 2666 venit,
863 2610 916 2656 ct
938 2612 1063 2656 ante
1095 2601 1304 2656 initium
1333 2602 1606 2669 Ecclesim,
1633 2618 1798 2674 quam

196 2707 270 2745 ex
302 2692 557 2762 gentibus
583 2691 816 2764 Collegit.
875 2684 934 2746 in
958 2694 1134 2762 prima
1157 2707 1310 2766 ergo,
1363 2693 1544 2758 idest,
1595 2693 1798 2749 descri-

200 2781 412 2853 ptione,
485 2784 556 2837 sit
589 2784 872 2839 orientalis
908 2792 1063 2854 porta
1121 2796 1247 2838 ante
1285 2794 1496 2855 portam
1533 2784 1798 2854 aquilonis

197 2883 262 2928 et
283 2874 475 2928 austri.
530 2875 587 2929 In
620 2875 854 2930 secunda
900 2883 1079 2930 autem
1131 2875 1271 2930 inter
1293 2883 1502 2947 portam
1529 2876 1699 2931 austri
1741 2885 1798 2931 et

199 2965 496 3034 aquilonis,
545 2966 773 3021 orientis
797 2974 956 3036 porta
1002 2965 1332 3020 nominetur.
1380 2965 1517 3032 Quia
1548 2975 1604 3021 et
1622 2980 1690 3021 ex
1710 2965 1794 3020 di-

202 3058 432 3113 vinitate
476 3057 770 3113 antecessit
817 3057 1020 3123 ouinia,
1081 3065 1137 3112 et
1164 3073 1228 3114 ex
1263 3058 1598 3113 humanitate
1648 3057 1798 3113 venit

201 3149 349 3204 inter
388 3148 566 3202 omnia
602 3167 616 3202 :
671 3149 762 3218 qui
795 3157 848 3202 et
882 3148 1192 3203 decedentis
1225 3147 1423 3204 Judteze
1460 3148 1582 3204 linis
1617 3147 1796 3204 factus

1910 1970 2157 2027 turbatus
2185 1971 2322 2028 forte
2349 1974 2557 2044 aliquid
2584 1976 2845 2048 loquitur,
2893 1985 3035 2052 quod
3066 1985 3210 2056 loqui
3249 2005 3353 2044 non:
3395 1991 3488 2046 :le—

1905 2058 2022 2115 bnit
2069 2080 2083 2115 :
2128 2071 2279 2119 certe
2323 2064 2427 2121 iste
2475 2067 2586 2137 jam
2617 2069 2989 2128 holocaustum
3015 2086 3119 2143 est,
3167 2080 3260 2134 sed
3312 2083 3490 2140 athuc

1907 2149 2303 2219 inquinatum:
2353 2154 2582 2214 fortasse
2644 2169 2831 2216 contra
2898 2163 3076 2222 illatas
3137 2173 3490 2234 contumelias

1905 2245 2218 2312 patientiam
2247 2248 2511 2317 exhibuit,
2555 2253 2750 2310 tacitus
2805 2261 3120 2327 permansit,
3174 2265 3267 2320 sed
3311 2277 3488 2327 tamen

1906 2341 2094 2388 contra
2121 2336 2339 2393 easdem
2361 2341 2740 2409 contumelias,
2769 2360 2904 2415 quas
2934 2359 3129 2418 portat,
3162 2353 3345 2412 dolore
3373 2371 3493 2413 tan-

1906 2423 2070 2492 gitur,
2124 2425 2347 2497 ejusque
2390 2430 2602 2486 animus
2650 2432 2705 2487 in
2744 2434 3011 2494 charitate
3057 2442 3350 2500 sauciatur.
3393 2445 3492 2504 Pa—

1909 2513 2094 2568 tientia
2123 2516 2265 2569 enim
2294 2533 2418 2572 vera
2438 2527 2539 2583 est,
2566 2536 2686 2590 quae
2707 2531 2762 2578 ct
2790 2522 2962 2593 ipsum
2991 2539 3155 2595 amat,
3184 2545 3344 2600 quem
3368 2541 3491 2606 por-

1909 2611 1987 2656 tat
2034 2621 2046 2658 :
2099 2619 2223 2659 nam
2250 2607 2483 2663 tolerare
2514 2611 2609 2666 sed
2637 2612 2838 2679 odisse,
2881 2630 2986 2669 non
3016 2626 3100 2672 est
3136 2620 3305 2675 virtus
3339 2629 3490 2680 man.

1905 2696 2224 2760 suetudinis,
2254 2699 2348 2753 sed
2374 2699 2734 2758 velamentum
2757 2701 2975 2762 furoris.
3008 2707 3107 2764 Hic
3140 2710 3321 2780 itaque
3350 2708 3492 2785 satpu

1908 2787 1958 2840 iu
1990 2788 2320 2859 cogitatione
2373 2806 2468 2846 sua
2518 2808 2577 2848 se
2611 2793 2842 2863 iudicat,
2893 2799 3240 2868 reprehendit
3287 2816 3488 2860 seruet-

1907 2878 2079 2948 ipsum
2130 2882 2256 2951 quia
2309 2883 2452 2939 dolet
2500 2905 2512 2939 :
2555 2902 2654 2942 nec
2708 2891 2888 2944 tamen
2936 2892 3076 2961 apud
3128 2907 3188 2949 se
3236 2896 3495 2966 prtuvalet

1903 2971 2150 3028 obtinere
2179 2988 2246 3028 ne
2281 2974 2478 3031 doleat.
2509 2974 2628 3032 Jam
2653 2993 2785 3050 ergo
2806 2995 2903 3050 per
2929 2982 3124 3038 bonam
3151 2985 3491 3044 devotionem

1903 3063 2272 3119 holocaustum
2302 3073 2405 3130 est,
2453 3069 2546 3123 sed
2581 3077 2758 3124 tamen
2797 3087 2894 3142 per
2918 3073 3178 3141 dolorem,
3228 3093 3336 3147 quo
3372 3087 3494 3134 tau-

1903 3157 2047 3226 gitur
2071 3156 2248 3212 adhuc
2281 3156 2639 3228 inquinatum.
2664 3160 2816 3217 Alius
2841 3179 2903 3216 ea
2943 3180 3062 3234 qua:
3080 3167 3319 3236 possidet
3348 3168 3488 3238 apud

197 3253 290 3297 est
311 3251 417 3308 ,‘ct
456 3243 835 3310 subsequentis
861 3241 1180 3311 gentilitatis
1207 3241 1439 3295 initium.
1467 3240 1635 3313 Igitur
1671 3241 1796 3311 quia
1825 3230 1882 3328 C_
1902 3248 2251 3318 semetipsum
2291 3251 2530 3306 decrevit
2571 3253 2935 3324 indigentibus
2959 3230 3172 3314 'cun-cta
3219 3230 3488 3326 tribuere,

197 3348 302 3398 ea,
338 3348 458 3403 qua:
516 3335 742 3388 necdum
797 3335 936 3388 dicta
980 3332 1230 3398 fuerant,
1290 3341 1347 3385 ut
1402 3331 1628 3386 Domino
1685 3331 1795 3384 lar-

192 3426 383 3498 giente
414 3424 708 3494 potuimus,
767 3425 944 3498 rimati
985 3439 1194 3488 sumus,
1260 3432 1316 3478 et
1347 3438 1410 3478 ea
1439 3439 1560 3493 quae
1599 3424 1796 3493 sacpius

195 3497 314 3572 eiut
349 3516 604 3586 replicata
659 3497 1121 3571 transcurrimus:
1161 3531 1304 3568 nunc
1345 3515 1413 3569 ad
1437 3530 1497 3570 ea
1528 3515 1793 3580 venimus,

192 3625 324 3679 qua:
368 3608 446 3662 sit:
478 3606 584 3674 iam
625 3623 719 3677 per
755 3607 1000 3662 ordinem
1040 3606 1309 3669 dicuntur,
1368 3614 1427 3659 ut
1465 3605 1519 3659 in
1543 3605 1623 3660 eis
1661 3619 1797 3674 pene

198 3699 335 3753 nihil
365 3699 431 3752 de
461 3699 564 3763 his,
607 3715 726 3768 qua:
754 3698 895 3752 dicta
925 3707 1072 3761 sunt,
1130 3697 1438 3766 rcplicctur.

278 3810 296 3842 ι
351 3791 409 3845 ΕΙ
435 3807 530 3861 per
560 3790 766 3861 singula
801 3789 1184 3861 gazophylacia
1207 3789 1405 3844 ostium
1446 3789 1496 3843 in
1526 3789 1794 3845 frontibus

201 3908 223 3938 ι
269 3898 575 3957 portarunt,
602 3887 670 3940 ibi
709 3887 965 3941 iuvabant
1003 3886 1396 3940 holocaustum.
1440 3906 1459 3938 ι
1525 3884 1790 3959 (Cregor.)

191 3977 596 4048 Gazophylacia
626 3977 877 4047 superius
900 3977 1133 4032 diximus
1160 3978 1323 4033 corda
1346 3978 1652 4043 doctorum,
1675 3993 1793 4046 quae

192 4070 442 4125 scientia:
485 4069 699 4124 divitias
753 4081 974 4126 servant
1006 4087 1016 4124 :
1051 4072 1256 4126 frontes
1280 4081 1459 4126 autem
1512 4081 1791 4141 portarum

190 4172 326 4217 sunt
385 4163 549 4216 verba
602 4171 765 4232 atque
813 4178 978 4232 opera
1017 4164 1460 4233 prtedicatorum,
1501 4164 1554 4217 in
1593 4164 1791 4232 quibus

191 4269 294 4308 eos
345 4251 474 4307 foris
512 4253 880 4324 agnoscimus,
929 4253 1125 4322 quales
1171 4254 1311 4323 apud
1347 4269 1405 4309 se
1464 4254 1792 4310 intrinsecus

194 4343 404 4396 vivant.
455 4341 551 4397 Est
579 4353 760 4396 autem
801 4342 1000 4397 ostium
1037 4357 1132 4412 per
1160 4341 1545 4413 gazophylacia
1577 4343 1790 4413 singula

189 4437 251 4491 in
292 4433 561 4488 frontibus
588 4444 866 4502 portarum
896 4451 908 4486 :
942 4434 1066 4502 quia
1110 4434 1480 4502 unusquisque
1515 4434 1704 4489 doctor
1732 4434 1786 4488 in

191 4542 295 4580 cur
319 4527 363 4580 'c
394 4526 656 4580 auditoris
687 4525 1018 4580 intellectum
1045 4527 1219 4595 aperit
1249 4526 1300 4579 in
1329 4527 1487 4581 dictis
1520 4536 1576 4581 et
1599 4528 1782 4597 operi-

192 4617 300 4670 bus
334 4615 578 4669 Patrum.
629 4616 761 4670 (Iunt
802 4616 946 4670 enim
979 4616 1125 4672 Petri
1165 4617 1390 4686 apostoli
1441 4619 1781 4687 praedicatio-

192 4723 322 4762 nem
359 4707 700 4770 discutimus,
764 4723 886 4761 eum
937 4706 1089 4761 Pauli
1143 4709 1304 4763 verba
1352 4719 1780 4778 perscrutamur,

187 4813 319 4852 cum
345 4795 567 4850 Joannis
596 4797 941 4868 Evangelium
971 4798 1389 4868 investigamus,
1445 4810 1606 4871 atque
1645 4803 1786 4857 inter

191 4888 314 4962 haec
366 4889 542 4942 verbis
582 4890 857 4944 auditores
894 4898 1108 4946 nostros
1151 4893 1215 4945 ad
1244 4893 1520 4949 meliorem
1577 4897 1784 4952 intelle-

189 4989 341 5035 ctum
375 4980 655 5045 trahimus,
718 4983 846 5050 quid
885 4983 1029 5037 aliud
1057 4985 1267 5053 agimus
1326 4987 1429 5042 nisi
1477 4991 1675 5044 ostium
1731 4993 1781 5046 in

190 5080 475 5143 portarum
531 5072 798 5127 frontibus
849 5076 1176 5144 aperimus?
1229 5077 1452 5132 Dicatur
1495 5095 1624 5150 ergo
1688 5098 1783 5151 per

190 5164 402 5236 singula
452 5165 831 5236 gazophylacia
875 5167 1073 5221 ostium
1107 5168 1159 5221 in
1184 5167 1454 5224 frontibus
1481 5179 1776 5240 portarum,

190 5259 321 5331 quia
349 5259 391 5312 si
423 5260 609 5312 ductor
637 5260 757 5322 hoc,
783 5261 924 5330 quod
944 5259 1200 5330 loquitur,
1230 5262 1593 5330 apostolorum
1623 5264 1780 5318 dictis

192 5351 418 5406 tninimc
468 5349 774 5415 confirmat,
828 5352 880 5404 in
921 5350 1192 5405 frontibus
1247 5361 1526 5421 portarum
1578 5355 1774 5408 ostium

191 5460 300 5498 non
321 5442 482 5495 habet
510 5457 522 5492 :
549 5440 649 5493 ct-i
680 5442 876 5494 ostium
905 5458 1008 5494 non
1038 5441 1216 5506 habet,
1245 5442 1347 5495 dici
1370 5440 1481 5508 jam
1509 5444 1778 5513 gazophy-

189 5537 390 5591 lacium
416 5533 676 5603 spiritalis
709 5534 918 5588 aedilicii
945 5549 1049 5587 non
1091 5544 1268 5602 potest
1297 5555 1308 5588 :
1340 5536 1464 5604 quia
1500 5536 1543 5589 si
1586 5536 1668 5590 his
1698 5536 1776 5590 iu-

190 5627 465 5683 tellcctnm
525 5640 630 5678 non
661 5625 851 5694 aperit,
911 5625 1102 5679 doctor
1149 5641 1254 5679 non
1297 5633 1401 5680 est.
1456 5625 1588 5680 Cum
1646 5641 1774 5680 vero

188 5721 469 5776 auditores
498 5718 621 5771 boui
659 5732 755 5785 per
777 5732 868 5769 ora
903 5717 1208 5772 docentium
1239 5717 1600 5787 apostolorum
1631 5718 1771 5772 dicta

185 5820 241 5865 ct
271 5824 432 5881 t‘prra
481 5814 836 5875 cognoscunt,
887 5805 1070 5876 culpas
1116 5824 1242 5861 suas
1280 5807 1418 5876 apud
1453 5807 1773 5875 semctipsos

1898 3339 2032 3392 nihil
2075 3339 2292 3396 sibimet
2335 3358 2640 3418 reservare,
2687 3346 2856 3400 vitam
2892 3363 3045 3404 suam
3089 3351 3187 3406 soli
3241 3368 3490 3423 supernae

1897 3429 2273 3499 gubernationi
2320 3434 2678 3489 committere.
2721 3434 2828 3491 Sed
2879 3439 3003 3492 dum
3049 3442 3250 3510 praebet
3290 3461 3490 3516 paupe~

1898 3519 2050 3574 ribus
2076 3529 2197 3592 qua:
2223 3522 2404 3589 habet,
2437 3523 2665 3580 fortasse
2718 3529 2973 3598 cogitatio
3008 3535 3202 3590 mentis
3233 3537 3483 3609 subripit,

1897 3625 2016 3679 quae
2040 3611 2171 3667 dicit
2196 3629 2209 3666 :
2244 3613 2388 3670 unde
2414 3617 2562 3671 vives
2591 3617 2635 3672 si
2662 3628 2855 3674 cuncta
2879 3620 3126 3678 dederis?
3150 3625 3258 3681 Nec
3305 3637 3487 3685 tamen

1897 3703 2106 3757 desistit
2157 3705 2398 3762 tribuere
2445 3725 2456 3760 :
2512 3710 2605 3763 sed
2645 3711 2787 3780 quod
2837 3711 2990 3769 laetus
3033 3717 3164 3772 dare
3223 3733 3486 3790 cmpewt,

1896 3795 2237 3862 postmodum
2291 3797 2462 3852 tristis
2517 3801 2739 3868 prtehet.
2797 3801 2935 3870 Quid
2984 3805 3140 3874 hujus
3189 3825 3340 3865 mens
3382 3813 3486 3870 nisi

1895 3885 2279 3941 misericordias
2326 3887 2698 3946 holocaustum
2747 3902 2861 3958 est,
2908 3898 3000 3950 sed
3048 3906 3226 3953 tamen
3261 3892 3357 3970 per
3386 3907 3482 3958 tli-

1892 3976 2095 4030 stitiam
2121 3977 2463 4048 cogitationis
2485 3979 2863 4050 inquinatum?
2882 3985 2987 4038 Aut
3017 3988 3158 4042 enim
3184 3989 3485 4049 deliberare

1892 4084 2102 4123 summa
2148 4086 2253 4125 non
2285 4071 2494 4136 debuit,
2549 4082 2642 4127 aut
2685 4083 2808 4145 post
2835 4076 3280 4146 deliberationem
3337 4083 3488 4138 nullo

1892 4161 2053 4216 modo
2099 4162 2370 4219 dubitare.
2430 4164 2584 4222 Alius
2629 4175 2938 4239 contempta
2997 4173 3181 4227 nutndi
3230 4175 3482 4244 superbia

1893 4251 2127 4306 honores
2164 4259 2327 4321 atque
2355 4253 2642 4323 dignitates
2677 4256 2835 4326 hujus
2880 4260 3060 4313 saeculi
3115 4262 3353 4317 decrevit
3400 4266 3483 4318 vi-

1891 4351 2040 4396 tare:
2072 4341 2320 4397 ultimum
2364 4345 2565 4415 appetit
2611 4347 2753 4401 inter
2775 4348 3022 4420 homines
3064 4350 3239 4407 locum
3274 4362 3477 4416 tenere,

1889 4442 1945 4487 ut
1988 4443 2132 4489 tanto
2168 4435 2436 4490 excelsior
2475 4437 2780 4492 inveniatur
2817 4439 2868 4493 in
2909 4444 3246 4510 permanenti
3277 4446 3473 4515 gloria,

1888 4535 2090 4593 quanto
2132 4525 2386 4582 lmmilior
2427 4529 2686 4597 aspicitur
2719 4530 2773 4585 in
2806 4535 3102 4587 transeunti
3129 4533 3258 4587 vita.
3291 4533 3338 4589 Is
3369 4535 3469 4590 fur-

1894 4626 2035 4670 tasse
2071 4633 2193 4672 cum
2226 4633 2344 4672 sese
2385 4619 2561 4673 subito
2615 4635 2645 4672 a
2675 4621 2925 4690 proximo
2956 4623 3156 4693 despici
3208 4627 3472 4695 agnoscit,

1885 4708 2203 4776 dedignatur
2232 4723 2331 4761 cur
2367 4709 2657 4778 despicitur
2687 4730 2701 4764 ι
2734 4711 2846 4765 vult
2867 4711 3083 4781 quidem
3123 4729 3242 4769 esse
3274 4716 3324 4768 in
3358 4715 3473 4772 loco

1890 4797 2096 4862 humili,
2121 4799 2214 4852 sed
2254 4807 2435 4854 tamen
2485 4801 2688 4854 attendi
2730 4803 3148 4872 contemptibilis
3195 4819 3299 4857 non
3338 4805 3470 4860 vult.

1891 4891 2041 4944 llunc
2081 4891 2192 4960 jam
2222 4892 2433 4946 devotio
2464 4891 2660 4956 elevat,
2704 4893 2796 4947 sed
2818 4885 2992 4948 adhuc
3033 4894 3319 4950 infirmitas
3349 4911 3472 4966 grav

1891 4993 1996 5036 vat.
2038 4982 2156 5037 Jam
2186 4999 2316 5052 ergo
2335 4984 2430 5053 per
2455 4984 2793 5040 devotionem
2833 4986 3203 5042 holocaustum
3231 4998 3332 5053 est,
3375 4990 3466 5048 sed

1887 5074 2063 5128 adhuc
2089 5090 2155 5129 cx
2193 5072 2507 5128 infirmitate
2553 5074 2910 5143 inquinatum.
2955 5075 3018 5130 lli
3051 5078 3246 5145 itaque.
3291 5080 3468 5147 quiin

1883 5167 1982 5229 eis,
2008 5183 2126 5236 qua:
2157 5166 2358 5236 optime
2393 5166 2740 5231 dcvoverunt,
2790 5166 2967 5236 aliqua
3000 5167 3330 5223 infirmitatis
3357 5185 3466 5225 sute

1882 5258 2037 5326 culpa
2063 5265 2372 5328 tanguntur,
2419 5271 2539 5310 cum
2563 5272 2658 5325 per
2686 5258 2850 5311 verba
2881 5257 3156 5312 doctorum
3191 5259 3332 5313 dicta
3362 5259 3462 5314 Pa-

1885 5357 2024 5402 trum
2072 5345 2394 5413 intelligunt,
2443 5346 2583 5399 etin
2620 5354 2817 5415 quanta
2840 5336 2994 5415 culpa
3042 5345 3259 5414 jacennt
3301 5363 3462 5418 agun-

1881 5447 2058 5500 scunt,
2124 5453 2288 5508 seque
2333 5438 2477 5507 ipsos
2523 5438 2852 5507 pmnitentite
2896 5437 3457 5494 laniemis‘alficiunt:

1880 5531 2247 5584 lmlocaustutn
2291 5529 2342 5582 in
2379 5528 2517 5582 ustio
2553 5536 2833 5595 portarum
2891 5527 3097 5581 lavant.
3159 5526 3448 5582 Sciendum

1879 5637 2007 5674 vero
2037 5629 2139 5682 est,
2175 5620 2296 5690 quia
2322 5619 2424 5672 hoc
2463 5619 2602 5672 inter
2634 5618 2957 5673 sacrificium
2995 5627 3155 5688 atque
3195 5618 3450 5674 holocau-

1877 5722 2017 5767 stum
2069 5712 2232 5765 distat
2273 5730 2286 5764 :
2325 5710 2466 5779 quod
2515 5725 2673 5763 omne
2713 5709 3082 5764 bolocanstmu
3127 5710 3448 5764 sacriliaieun

1875 5814 1975 5866 est,
2008 5803 2098 5856 sed
2129 5819 2230 5854 non
2274 5817 2431 5855 omne
2459 5799 2781 5853 sacrificium
2821 5801 3210 5856 holocaustum.
3263 5800 3317 5854 la
3361 5817 3416 5855 sa
