3950 6334
558 384 659 441 ΜῚ

1191 383 1251 437 Β.
1294 382 1544 438 ΒΛΒᾹΝΙ
1579 383 1799 438 ΜΑυιιι
1834 383 2130 438 Αιιιλιιιιειτ

2244 339 2499 438 unum.
2544 382 2829 439 Ol’EllUM
2867 383 3047 439 mus
3085 380 3151 437 ιι.

3731 383 3817 439 θιι

562 501 762 559 criﬁcio
790 501 930 554 enim
969 515 1093 570 pars
1111 500 1369 571 pecudis:
1406 500 1460 554 in
1488 499 1857 555 holocaustum
1884 513 2011 552 vero
2057 507 2136 552 to-
2166 501 2211 559 Α
2242 498 2396 551 nobis
2429 507 2511 553 est
2556 514 2693 568 opus
2718 508 2964 553 nostrum
3013 500 3169 568 quale
3205 500 3294 563 sit,
3342 515 3462 569 quae
3492 500 3748 572 cogitatio
3772 503 3817 556 in
3902 478 3903 485 γ

555 606 669 648 tum
690 608 849 663 pecus
876 590 1055 646 offerri
1082 598 1455 645 consueverat.
1503 590 1653 645 Unde
1676 598 1731 643 et
1759 576 2136 643 holocaustum

548 684 748 740 Latina
778 684 954 753 lingua
984 690 1151 735 totum
1180 680 1459 736 incensum
1493 680 1707 734 dicitur.

626 771 919 827 Pensemus
964 758 1113 843 ergo,
1158 771 1288 840 quid
1339 782 1425 826 est
1471 770 1823 832 sacriﬁcium,
1867 769 1995 838 quid
2046 769 2139 823 ho-

554 861 852 916 locaustmn
880 880 892 915 :
920 877 1040 917 cum
1080 862 1227 916 enim
1254 862 1377 932 quis
1398 877 1554 916 suum
1607 860 1806 928 aliquid
1838 860 1947 913 Deo
1970 859 2133 923 vovit,

556 962 613 1007 et
649 953 849 1023 aliquid
906 968 1010 1007 non
1059 952 1225 1015 vovit.
1285 951 1609 1007 sacriﬁcium
1651 959 1754 1004 est.
1828 949 1960 1004 Cum
2008 964 2137 1003 vero

555 1058 716 1097 omne
762 1042 903 1111 quod
947 1042 1131 1107 habet,
1183 1056 1343 1096 omne
1392 1041 1532 1109 quod
1578 1039 1742 1102 vovit,
1794 1054 1953 1092 omne
1995 1039 2135 1107 quod

554 1133 715 1204 sapit,
787 1121 1140 1201 omnipotenti
1195 1132 1306 1185 Deo
1352 1129 1582 1193 voverit,
1617 1128 1989 1181 holocaustum
2032 1134 2132 1179 est.

555 1221 688 1277 Nam
721 1230 849 1276 sunt
885 1221 1125 1290 quidam,
1166 1222 1256 1289 qui
1287 1220 1463 1274 adhuc
1490 1227 1670 1272 mente
1720 1217 1773 1271 in
1803 1217 1904 1270 hoc
1937 1214 2136 1269 mundo

558 1313 876 1377 retinentur,
929 1321 984 1366 et
1031 1319 1213 1366 tamen
1263 1327 1329 1365 ex
1362 1310 1636 1381 possessis
1687 1311 1847 1363 rebus
1896 1308 2134 1361 subsidia

554 1404 837 1475 egentibus
857 1404 1184 1466 ministrant,
1212 1416 1497 1473 oppressos
1524 1400 1810 1456 defendere
1834 1399 2088 1454 festinant
2121 1419 2132 1450 :

556 1495 645 1548 isti
685 1494 738 1547 in
761 1494 933 1559 bonis,
972 1509 1093 1563 quas
1116 1493 1320 1548 faciunt
1366 1490 1688 1546 sacriﬁcium
1715 1489 1969 1553 oll'erunt,
2013 1490 2135 1558 quia

556 1596 607 1638 et
642 1584 840 1654 aliquid
863 1585 928 1639 de
953 1600 1049 1640 sua
1094 1584 1450 1647 actioneDeo
1503 1582 1799 1645 immolant,
1848 1593 1902 1635 et
1933 1582 2134 1650 aliquid

556 1676 905 1746 sibimetipsis
965 1683 1261 1730 reservant.
1317 1675 1381 1729 Et
1415 1682 1539 1728 sunt
1583 1674 1821 1742 quidam,
1868 1672 1959 1742 qui
2006 1671 2135 1726 nihil

556 1766 903 1835 sibimetipsis
930 1774 1169 1829 servant,
1232 1766 1326 1820 sed
1354 1780 1596 1828 sensum,
1643 1764 1902 1833 linguam,
1943 1763 2132 1826 vitam,

2240 604 2421 658 Opere,
2452 604 2570 658 quae
2614 591 2839 645 intentio
2884 590 2936 643 in
2985 592 3307 659 cogitatione
3342 610 3353 643 :
3386 602 3440 645 et
3473 608 3599 645 eum
3648 604 3817 647 nostro

2239 681 2380 736 bono
2413 682 2563 750 operi
2613 682 2849 736 admixta
2899 682 3101 751 aliquid
3135 684 3352 739 malitia'
3400 685 3485 739 vel
3520 701 3703 755 pravae
3743 688 3816 741 di-

2239 771 2487 826 lectionis
2544 772 2907 843 agnoscimus,
2952 774 3238 829 redeamus
3279 776 3345 829 ad
3389 775 3664 846 lacrymas
3691 819 3704 836 ,
3750 778 3815 830 la-

2239 876 2427 915 vemus
2456 862 2849 916 holocaustum.
2879 861 3015 916 Sunt
3038 873 3217 918 autem
3249 866 3467 933 quidam
3498 867 3592 935 qui
3626 876 3814 921 semet-

2241 952 2385 1021 ipsos
2438 954 2489 1007 in
2559 954 2766 1021 magnis
2821 954 3128 1009 actionibus
3177 956 3406 1011 Domino
3457 959 3812 1019 devoverunt.

2239 1054 2400 1112 atque
2427 1044 2494 1097 ad
2525 1031 2726 1097 tantam
2766 1044 3153 1112 perfectionem
3184 1050 3522 1115 perveniunt,
3553 1058 3609 1101 ut
3643 1049 3712 1103 ab
3746 1056 3817 1105 eis

2240 1133 2383 1186 nulla
2444 1149 2680 1202 unquam
2737 1132 3049 1188 dillicultate
3105 1134 3438 1190 flectantur:
3485 1141 3742 1207 quatinus
3770 1141 3813 1193 in

2238 1212 2626 1279 deliberatione
2683 1226 2971 1290 castitatis,
3014 1242 3353 1296 nequaquam
3388 1245 3515 1283 caro
3562 1232 3616 1284 in
3661 1248 3814 1300 prava

2239 1313 2580 1383 cogitationis
2622 1314 2977 1368 delectatione
3014 1316 3253 1369 animum
3305 1327 3534 1373 sternat.
3599 1320 3730 1374 Nam
3771 1332 3815 1375 et

2239 1403 2500 1473 signando
2528 1418 2625 1472 per
2652 1406 3049 1472 suggestionem
3082 1405 3276 1473 pulsat,
3315 1423 3541 1479 surgere
3570 1426 3677 1463 non
3707 1426 3814 1481 per-

2240 1494 2492 1556 mittitur,
2510 1494 2635 1562 quia
2662 1494 2843 1563 vigore
2862 1494 3050 1564 judicii
3079 1496 3335 1549 calcatur.
3355 1497 3409 1550 ln
3437 1498 3812 1553 deliberatione

2238 1602 2453 1659 quoque
2480 1586 2753 1656 patientia:
2775 1602 2873 1640 nec
2903 1602 3082 1641 sermo
3112 1588 3448 1644 inordinatus
3479 1592 3548 1643 ab
3580 1606 3675 1645 ore
3704 1607 3811 1659 pro-

2239 1679 2382 1743 deat,
2402 1694 2501 1733 nec
2521 1678 2673 1732 dolor
2695 1679 2889 1732 tacitus
2910 1680 3149 1732 animum
3172 1689 3403 1747 premat,
3418 1692 3479 1733 ut
3500 1682 3554 1734 in
3580 1681 3814 1751 largitate

2239 1768 2590 1837 eleemosyna:
2605 1767 2746 1820 nulla
2765 1769 2955 1836 inopiae
2970 1768 3202 1836 suspicio
3219 1769 3495 1823 tristitiam
3510 1780 3750 1840 generet,
3767 1780 3814 1823 ut

554 1868 719 1927 atque
746 1855 1101 1911 substantiam
1154 1870 1316 1926 quam
1368 1862 1747 1925 perceperunt,
1780 1853 2134 1922 omnipotenti
2156 1873 2214 1931 Β
2243 1858 2296 1911 in
2322 1857 2710 1912 deliberatione
2732 1858 3055 1912 humilitatis
3077 1858 3254 1911 nullus
3282 1859 3571 1927 despectus
3588 1860 3811 1912 animum

555 1948 668 2003 Deo
696 1946 995 2001 immolant.
1057 1944 1197 2012 Quid
1218 1945 1306 1999 isti
1345 1945 1449 1999 nisi
1481 1944 1854 1998 holocaustum
1883 1942 2136 2006 oli'erunt,

556 2040 669 2094 imo
699 2038 868 2108 magis
894 2035 1266 2090 holocaustum
1294 2035 1428 2088 ﬁunt
1451 2035 1473 2087 ?
1512 2032 1837 2088 lsraeliticus
1864 2034 2008 2086 enim
2044 2048 2139 2101 po-

553 2130 713 2201 pulus
750 2129 983 2198 primum
1031 2126 1359 2181 sacriﬁcium
1406 2127 1457 2181 in
1493 2126 1728 2197 Egypto
1779 2126 1991 2190 obtulit,
2056 2142 2140 2181 se-

556 2221 790 2275 cundum
818 2234 949 2273 vero
994 2218 1045 2271 in
1075 2233 1277 2273 eremo.
1340 2216 1440 2285 Qui
1474 2218 1655 2285 itaque
1697 2217 1874 2272 adhuc
1904 2227 2138 2271 mentem

559 2312 722 2368 habet
756 2311 809 2365 in
833 2309 1051 2374 szeculo,
1079 2310 1171 2363 sed
1199 2309 1325 2362 boni
1348 2307 1461 2377 jam
1493 2308 1693 2377 aliquid
1717 2316 1993 2377 operatur,
2028 2308 2140 2362 Deo

556 2402 881 2459 sacriﬁcium
932 2400 1126 2456 obtulit
1176 2401 1228 2453 in
1276 2399 1532 2471 IEgypto.
1584 2400 1683 2466 Qui
1728 2416 1856 2455 vero
1907 2414 2143 2471 praesens

558 2491 814 2548 saeculum
837 2489 1062 2554 deserit,
1111 2496 1167 2544 et
1192 2490 1303 2559 agit
1326 2490 1463 2543 bona
1492 2503 1610 2557 qua:
1635 2488 1799 2552 valet,
1846 2487 1998 2557 quasi
2026 2486 2140 2555 jam

559 2580 798 2653 Egypto
844 2580 1142 2643 derelicta,
1198 2578 1526 2633 sacriﬁcium
1575 2579 1780 2648 prtebet
1826 2578 1879 2632 in
1911 2593 2138 2632 eremo:

558 2673 685 2742 quia
732 2670 945 2741 repulso
995 2671 1221 2741 strepitu
1284 2670 1677 2725 desideriorum
1725 2669 2021 2724 carnalium
2089 2668 2143 2721 in

559 2764 758 2819 mentis
802 2777 913 2818 sua:
952 2762 1133 2831 quiete
1195 2770 1359 2831 atque
1415 2761 1703 2817 solitudine
1748 2762 1859 2817 Deo
1904 2761 2146 2816 immolat

559 2856 818 2926 quidquid
847 2864 1120 2925 operatur.
1186 2852 1443 2919 Quamvis
1467 2867 1617 2923 ergo,
1650 2852 1789 2907 sicut
1817 2853 2018 2907 dictum
2038 2859 2140 2915 est,

561 2945 883 3001 sacriﬁcium
922 2946 989 2999 sit
1018 2945 1414 3009 holocaustum,
1472 2943 1649 3012 majus
1686 2953 1863 2998 tamen
1890 2952 1974 2997 est
1988 2942 2143 3006 holo-

558 3046 807 3098 caustum
836 3036 1101 3091 sacriﬁcio
1133 3052 1145 3088 :
1182 3037 1307 3105 quia
1337 3051 1366 3089 a
1396 3045 1594 3100 mente,
1624 3050 1743 3104 quae
1769 3033 1928 3104 hujus
1960 3033 2142 3087 mtindi

561 3128 848 3187 dilectione
883 3142 987 3179 non
1012 3125 1299 3195 premitur,
1339 3132 1510 3177 totum
1544 3123 1596 3175 in
1621 3121 2008 3191 omnipotentis
2044 3121 2139 3175 Dei

2242 1952 2507 2005 mordeat.
2531 1948 2636 2004 Sed
2658 1964 2779 2005 cum
2799 1951 2908 2019 jam
2928 1950 2980 2004 in
3012 1951 3120 2014 his,
3148 1966 3268 2018 qua:
3297 1960 3447 2004 recte
3468 1950 3811 2013 devoveruut.

2240 2056 2359 2097 sese
2394 2040 2605 2095 fortiter
2652 2041 2931 2103 exhibent,
2976 2041 3157 2109 priora
3207 2052 3383 2093 tamen
3417 2053 3664 2107 peccata,
3710 2060 3813 2112 qua:

2241 2136 2306 2189 ah
2333 2136 2463 2205 ipsis
2489 2142 2615 2187 autc
2643 2135 2839 2188 bonam
2864 2133 3306 2187 deliberationem
3340 2145 3652 2202 perpetrata
3681 2146 3810 2194 sunt.

2240 2227 2308 2280 ad
2335 2224 2649 2280 memoriam
2681 2220 2959 2279 deducunt
2986 2232 3040 2277 et
3072 2225 3327 2293 plangunt
3356 2226 3622 2294 quidquid
3649 2226 3813 2280 illicitc

2240 2320 2415 2389 egisse
2436 2318 2812 2373 meminerunt.
2843 2316 2904 2370 lli
2930 2318 3109 2386 itaque
3132 2333 3227 2386 per
3242 2318 3404 2370 vitam
3424 2306 3601 2385 quam
3625 2328 3810 2379 tenent.

2242 2410 2611 2465 holocaustum
2666 2418 2809 2472 sunt,
2866 2410 2961 2464 sed
3015 2425 3113 2478 per
3154 2410 3340 2473 vitam,
3384 2427 3550 2479 quam
3590 2422 3713 2466 ante
3750 2424 3813 2466 te-

2241 2511 2504 2563 nuerant,
2553 2500 2912 2569 inquinatum.
2946 2500 3156 2554 Lavaut
3195 2516 3323 2569 ergo
3362 2502 3736 2558 holocaustum
3769 2506 3809 2557 in

2241 2590 2382 2645 o.~tio
2428 2598 2746 2659 portarum,
2801 2590 2925 2658 quia
2981 2591 3036 2643 in
3107 2590 3376 2644 intellectu
3432 2608 3599 2659 quem
3660 2594 3810 2661 perci~

2242 2680 2397 2751 piunt
2425 2677 2491 2732 de
2517 2678 2672 2732 dictis
2698 2677 2918 2731 Patrum
2940 2720 2952 2742 ,
2992 2680 3240 2733 lamentis
3266 2697 3323 2734 se
3358 2683 3692 2749 quotidianis
3718 2683 3811 2734 ιιΠί-

2244 2770 2414 2834 ciunt,
2445 2778 2497 2823 et
2528 2769 2789 2823 inundant
2815 2770 2979 2823 vitam
3020 2770 3292 2840 lacrymis,
3323 2787 3485 2840 quam
3524 2774 3707 2841 pravis
3731 2774 3811 2825 ali-

2244 2861 2459 2930 quando
2482 2860 2691 2914 actibus
2722 2861 3157 2930 inquinaverunt.
3204 2861 3310 2916 Nos
3338 2864 3521 2931 itaque
3554 2866 3694 2916 inter
3718 2868 3809 2917 lucc

2244 2952 2312 3006 ad
2341 2952 2501 3005 vitam
2535 2950 2861 3020 pneteritam
2898 2954 3094 3007 mentis
3136 2954 3321 3005 oculos
3366 2955 3709 3012 reducamus,
3740 2970 3807 3007 re-

2246 3045 2599 3099 miniscamur
2649 3043 2742 3114 qui
2786 3043 3004 3105 fuimus,
3057 3060 3178 3097 cum
3209 3045 3389 3097 mundi
3436 3045 3598 3112 hujus
3637 3061 3810 3098 concu-

2245 3135 2534 3205 piscentias
2559 3149 2908 3204 sequeremur
2933 3153 2943 3187 :
2983 3144 3036 3188 et
3068 3137 3110 3187 si
3135 3134 3360 3189 Domino
3392 3146 3504 3189 toto
3532 3137 3694 3189 conte
3716 3151 3809 3188 sero

558 3216 829 3276 sacriﬁcio
858 3215 1183 3279 incenditur,
1220 3214 1363 3283 quod
1386 3211 1639 3266 habetur.
1700 3212 1809 3266 Sed
1856 3210 2135 3295 sciendan

2245 3224 2419 3277 vimus
2452 3264 2466 3287 ,
2525 3225 2653 3294 quia
2709 3239 2807 3278 nos
2881 3239 3135 3293 peccasse
3182 3227 3530 3279 meminimus
3562 3268 3578 3289 ,
3629 3226 3804 3280 deﬂua-

556 3310 715 3365 nobis
740 3316 849 3371 est,
893 3308 1016 3375 quia
1042 3315 1169 3360 sunt
1194 3305 1435 3375 quidam,
1465 3306 1553 3374 qui
1584 3304 1745 3358 etiam
1776 3303 2030 3357 saaculum
2061 3318 2143 3356 re-

556 3399 886 3471 linquentes.
938 3404 1106 3451 totum
1165 3396 1406 3467 quidem,
1451 3397 1592 3464 quod
1635 3396 1857 3459 habent,
1890 3394 2143 3459 oderunt,

555 3488 652 3546 sed
685 3498 865 3543 tamen
889 3487 942 3540 in
968 3486 1144 3551 bonis,
1176 3502 1296 3557 quas
1317 3495 1501 3555 agunt,
1532 3486 1751 3540 minime
1779 3501 2148 3554 compunguuo

556 3592 669 3645 tur,
714 3588 771 3634 et
801 3580 1003 3635 bonum
1065 3578 1206 3648 quod
1241 3572 1415 3647 agunt
1478 3577 1849 3632 holocaustum
1896 3586 1979 3630 est
2008 3596 2020 3628 :
2054 3574 2147 3628 sed

555 3670 682 3738 quia
730 3667 859 3723 ﬁere
914 3683 981 3722 ac
1026 3669 1345 3736 semctipsos
1382 3664 1627 3735 judicare
1664 3668 1933 3730 nesciunt,
1982 3680 2146 3733 seque

558 3774 627 3814 ex
671 3773 858 3813 amore
899 3757 965 3812 ad
1002 3756 1271 3827 lacrymas
1316 3772 1420 3809 non
1460 3755 1783 3820 accendunt,
1846 3754 2140 3825 perfectum

554 3865 743 3907 eorum
767 3850 1139 3905 holocaustum
1165 3865 1271 3903 non
1315 3859 1418 3903 est.
1461 3847 1595 3902 Hinc
1626 3849 1769 3902 enim
1801 3864 1897 3917 per
1922 3846 2147 3904 Psalmi-

555 3948 700 3998 stam
737 3941 972 3996 dicitur:
1016 3958 1034 3990 ι
1082 3939 1286 3995 Memor
1331 3941 1398 3993 sit
1448 3940 1703 3993 Dominus
1745 3942 1994 3994 sacriﬁcii
2044 3946 2141 4009 tui,

554 4037 613 4085 et
642 4024 1020 4085 holocaustum
1054 4036 1201 4081 tuum
1232 4027 1427 4097 pingue
1456 4028 1547 4081 ﬁat
1578 4026 1748 4098 (Psal.
1784 4031 1919 4099 xix).
1963 4050 1979 4082 ι
2034 4033 2143 4087 llo—

556 4119 861 4175 locaustum
892 4119 1092 4189 quippe
1131 4117 1335 4171 siccum
1384 4125 1487 4183 est,
1544 4117 1742 4171 bonum
1782 4134 1937 4187 opus,
2002 4123 2143 4189 quo!

558 4211 822 4265 orationis
840 4209 1100 4278 lacrymte
1122 4224 1228 4262 non
1261 4206 1565 4260 infundunt.
1616 4206 1994 4262 llolocaustum
2020 4227 2145 4264 vero

564 4302 762 4371 pingue
810 4307 916 4365 est,
968 4297 1189 4372 quando
1234 4299 1358 4362 hoc,
1388 4298 1531 4367 quod
1569 4298 1704 4351 bene
1736 4300 1935 4368 agitur,
1986 4302 2145 4353 corde

563 4390 755 4445 humili
790 4392 951 4447 etiam
984 4404 1083 4459 per
1114 4389 1384 4459 lacrymas
1420 4388 1692 4458 irrigatur.
1746 4388 1896 4444 Unde
1930 4406 2141 4443 rursum

557 4482 758 4535 dicitur
788 4498 803 4535 :
844 4500 863 4532 ι
918 4481 1245 4535 Hotocausta
1277 4479 1561 4534 medullata
1579 4478 1799 4533 oﬁ‘eram
1832 4480 1924 4535 tibi
1966 4479 2139 4551 (Psal.

2247 3329 2366 3367 mus
2398 3316 2449 3367 in
2496 3314 2731 3379 ﬂetibus,
2774 3314 3019 3369 lavemus
3060 3316 3452 3369 holocaustum.
3490 3318 3629 3371 Ecce
3659 3319 3808 3371 omni—

2245 3408 2451 3478 potenti
2487 3408 2594 3462 Deo
2638 3408 2951 3463 devovimus
2999 3409 3302 3462 castitatem
3354 3420 3625 3473 nostram,
3652 3412 3737 3463 sed
3772 3410 3807 3464 si

2247 3499 2423 3553 adhuc
2456 3500 2730 3553 immunda
2774 3500 3030 3570 cogitatio
3079 3509 3309 3554 mentem
3343 3501 3612 3569 inquinat,
3648 3504 3808 3555 redea-

2247 3609 2367 3647 mus
2390 3594 2457 3647 ad
2494 3592 2784 3663 laerymas,
2831 3592 3073 3647 lavemus
3105 3593 3500 3647 holocaustum.
3546 3595 3683 3649 Ecce
3724 3609 3805 3662 pa-

2248 3686 2491 3738 tientiam
2523 3700 2622 3739 nos
2651 3700 2869 3739 servare
2893 3686 3250 3749 decrevimus,
3302 3686 3347 3738 si
3396 3686 3575 3739 adhuc
3604 3686 3678 3738 ira
3707 3702 3808 3754 per-

2249 3777 2449 3843 turbat,
2483 3779 2525 3832 si
2556 3786 2790 3832 mentem
2823 3779 3017 3831 tacitus
3038 3776 3188 3830 dolor
3208 3778 3513 3841 excruciat,
3550 3779 3807 3832 redeamus

2248 3871 2312 3923 ad
2362 3869 2671 3940 lacrymas:
2707 3869 2945 3922 lavemus
2974 3868 3368 3922 holocaustum.
3419 3867 3563 3921 Ecce
3591 3867 3698 3934 jam
3728 3883 3805 3919 ιυ-

2248 3962 2423 4015 vimus
2461 3976 2707 4031 possessa
2739 3960 3008 4021 tribuere,
3035 3958 3266 4025 atquein
3297 3959 3397 4011 hoc
3427 3959 3630 4011 mundo
3655 3958 3805 4011 humi-

2247 4056 2351 4109 lem
2386 4056 2561 4109 locum
2592 4064 2799 4113 tenere,
2825 4053 2889 4106 de
2919 4068 3024 4120 qua
3047 4052 3221 4105 adhuc
3243 4052 3484 4103 animum
3520 4051 3706 4118 inopia:
3730 4064 3803 4101 su-

2248 4147 2413 4214 spicio
2436 4144 2708 4213 deprimit,
2728 4144 2770 4195 si
2795 4144 3079 4212 despectus
3104 4142 3333 4212 proximi
3360 4143 3411 4194 in
3433 4142 3615 4210 aliqua
3639 4156 3725 4194 nos
3745 4141 3811 4191 in-

2247 4235 2554 4305 dignatione
2573 4233 2872 4297 confundit,
2890 4233 3172 4286 redeamus
3187 4233 3252 4284 ad
3276 4231 3567 4300 lacrymas,
3590 4230 3804 4283 lavemus

2248 4326 2641 4379 holocaustum.
2680 4324 2900 4393 Magnus
2917 4332 3001 4376 est
3044 4322 3242 4376 etenim
3281 4322 3516 4375 creatori
3546 4332 3723 4375 nostro
3746 4320 3800 4371 ad

2249 4417 2587 4486 recipiendos
2638 4416 2795 4469 ﬂetus
2851 4406 3136 4469 humiliuin
3196 4414 3585 4468 misericordia:
3654 4417 3801 4467 sinus.

2250 4505 2349 4560 Ubi
2380 4509 2523 4559 enim
2581 4504 3054 4559 innumerabilium
3080 4503 3357 4557 hominum
3398 4502 3559 4557 ﬂetus
3592 4502 3800 4570 suscepti

554 4576 701 4643 uv).
756 4592 775 4624 ι
829 4570 1093 4640 Quisquis
1130 4572 1273 4625 enim
1321 4571 1516 4625 bonum
1566 4586 1700 4641 opus
1743 4571 1871 4639 agit,
1939 4573 2031 4625 sed
2077 4588 2138 4626 ex

2248 4608 2393 4660 sunt,
2450 4598 2519 4649 ibi
2568 4596 2742 4650 locum
2781 4610 2937 4647 suum
2986 4594 3283 4648 inventura:
3321 4602 3448 4646 sunt
3479 4605 3535 4647 et
3579 4592 3803 4661 lacryaa:

555 4664 939 4733 onmipotcntis
970 4664 1067 4718 Dei
1098 4678 1282 4717 amore
1302 4671 1461 4731 atque
1489 4663 1756 4717 desiderio
1797 4662 1921 4717 ﬁere
1952 4666 2140 4728 nescit,

558 4756 931 4813 holocaustum
966 4756 1157 4817 habet,
1214 4755 1305 4808 sed
1353 4753 1637 4809 medullam
1682 4756 1734 4809 in
1765 4756 2139 4811 holoCaustum

556 4865 665 4905 non
690 4848 871 4903 habet.
912 4847 1014 4914 Qui
1047 4863 1175 4900 vero
1208 4846 1346 4899 bona
1380 4854 1660 4914 operatur,
1695 4854 1749 4900 et
1790 4847 1986 4901 visioni
2016 4846 2134 4914 jam

552 4937 826 4993 Creatoris
869 4938 949 4991 sui
985 4936 1179 5000 inhiat,
1250 4946 1414 5005 atque
1447 4937 1513 4990 ad
1546 4945 1762 4990 teternre
1810 4937 2142 5006 contempla-

553 5027 718 5083 tionis
765 5028 955 5097 gaudia
1010 5028 1294 5097 pervenire
1339 5026 1577 5092 festinat,
1636 5043 1801 5097 seque
1844 5029 2017 5098 ipsum
2071 5045 2139 5083 ex

555 5133 763 5183 amore,
815 5134 922 5187 quo
961 5118 1301 5181 accenditur,
1348 5117 1401 5170 in
1445 5115 1656 5172 fletibus
1704 5128 1926 5183 mactat,
1981 5120 2136 5174 holo-

552 5219 741 5266 causta
775 5210 1008 5263 Domino
1044 5208 1330 5263 medullata
1362 5208 1528 5263 dedit.

624 5318 963 5374 Stuuendum
992 5334 1121 5387 ergo
1150 5319 1311 5374 nobis
1352 5327 1435 5374 est
1461 5328 1516 5373 et
1544 5320 1682 5373 mala
1714 5319 1953 5374 funditus
1976 5323 2138 5374 relin-

552 5426 741 5481 quere,
768 5421 825 5466 et
841 5412 987 5467 bona
1021 5426 1141 5480 quae
1186 5411 1484 5466 sullicimus
1511 5414 1729 5481 operari
1757 5431 1769 5464 :
1801 5421 1963 5481 atque
1992 5421 2051 5466 ut
2082 5415 2133 5467 in

546 5501 681 5569 ipsis
703 5501 857 5554 bonis
881 5516 1007 5570 qua:
1028 5500 1260 5570 agimus,
1292 5516 1477 5556 amore
1504 5503 1692 5556 aeterni
1738 5502 1958 5558 luminis
1986 5520 2135 5557 com-

548 5606 853 5661 pnngamur
881 5610 893 5643 :
928 5591 1039 5658 ipse
1066 5590 1208 5643 enim
1241 5591 1420 5645 cordis
1450 5592 1707 5646 tenebras
1736 5592 1956 5645 discutit
1980 5608 2134 5645 amor

550 5682 705 5743 luris,
743 5688 803 5732 ut
847 5679 1099 5733 subtilius
1135 5680 1317 5733 videre
1344 5679 1638 5743 valeamus,
1673 5697 1739 5734 nc
1768 5696 1872 5749 qua
1906 5681 1955 5734 in
1980 5683 2134 5735 bouis

543 5783 660 5837 qtae
686 5768 889 5836 agimus
908 5784 1067 5834 prava
1095 5768 1437 5821 misceantur.
1456 5770 1915 5823 Considerandum
1942 5773 2133 5841 quippe

2243 4700 2458 4744 llOSll‘ﬂ).

2319 4804 2335 4833 ι
2372 4782 2434 4836 Et
2464 4783 2515 4836 in
2547 4782 2810 4837 vestibulo
2858 4793 3024 4853 porta:
3060 4783 3176 4835 dua.-
3225 4798 3425 4836 mensa:-
3470 4783 3596 4835 hinc
3628 4791 3677 4835 et
3702 4782 3803 4832 dua:

2252 4893 2270 4923 c
2310 4889 2507 4927 mensa:
2542 4874 2681 4935 inde,
2708 4883 2768 4927 ut
2807 4874 3113 4927 iuuuoletur
3142 4889 3304 4942 super
3326 4888 3421 4926 eas
3456 4873 3800 4926 holocaustum

2251 4981 2269 5012 ι
2305 4970 2361 5015 et
2383 4976 2481 5030 pro
2517 4971 2742 5029 peccato
2768 4970 2823 5016 et
2858 4978 2956 5031 pro
2987 4962 3202 5015 delicto.
3229 4960 3295 5014 Et
3324 4962 3391 5015 ad
3422 4962 3563 5015 latus
3586 4962 3800 5016 exterius

2251 5069 2269 5101 ι
2300 5053 2443 5120 quod
2488 5052 2731 5106 ascendit
2778 5053 2845 5106 ad
2879 5052 3078 5105 ostium
3129 5060 3317 5120 portae,
3355 5066 3477 5119 qum
3529 5052 3695 5122 pergit
3743 5052 3797 5100 ad

2246 5156 2266 5188 ι
2302 5138 2626 5207 aquilonem,
2662 5139 2779 5193 dum
2827 5154 3055 5203 mensae;
3083 5148 3140 5192 et
3163 5140 3229 5192 ad
3253 5139 3395 5191 latus
3442 5138 3663 5191 alterum
3691 5147 3798 5189 ante

2241 5253 2262 5288 ι
2296 5235 2619 5289 vestibulum
2666 5243 2854 5304 portae,
2883 5234 3001 5287 dum
3056 5248 3275 5287 mensm.
3328 5232 3571 5298 Quatuor
3623 5246 3796 5284 mensa.-

2242 5343 2261 5377 ι
2290 5326 2414 5379 hinc
2434 5334 2488 5378 et
2510 5334 2743 5392 quatuor
2772 5340 2971 5378 mensa:
2995 5324 3115 5378 inde
3147 5340 3245 5392 per
3275 5323 3442 5376 latera
3468 5335 3648 5393 portae.
3680 5322 3795 5376 Orto

2244 5435 2261 5467 ι
2305 5431 2505 5470 mensa:
2532 5425 2689 5469 erant
2719 5431 2879 5485 super
2909 5431 3045 5484 quas
3070 5415 3441 5469 immolabant.
3484 5435 3503 5467 ι
3534 5411 3725 5485 (ϐνεθ.)
3746 5412 3791 5467 lu

2234 5506 2430 5574 quibus
2462 5505 2713 5559 videlicet
2742 5506 2921 5559 verbis
2968 5520 3162 5574 magna
3209 5506 3384 5575 caligo
3407 5505 3687 5559 dubietatis
3713 5503 3792 5557 ob-

2235 5599 2428 5661 oritur,
2462 5607 2639 5650 utrum
2683 5598 2797 5651 lia-c
2844 5598 2911 5651 dc.
2956 5615 3059 5650 una
3108 5610 3259 5665 porta
3300 5597 3574 5667 qualibet,
3630 5614 3694 5650 an
3737 5597 3789 5649 de

2238 5684 2469 5749 duabus,
2525 5701 2589 5737 an
2638 5686 2705 5739 de
2736 5686 2960 5755 singulis
3000 5689 3170 5754 portis
3219 5688 3505 5741 dicantur:
3554 5688 3638 5741 sed
3682 5688 3789 5738 dum

2240 5772 2512 5845 iptatct'tm‘
2538 5792 2733 5829 mensae
2764 5776 3042 5847 pct‘lalcra
3072 5777 3469 5843 tlcst‘t‘ilntttlur,
3495 5793 3551 5829 av
3577 5785 3779 5845 anIIH'J-
