3950 6338
209 372 328 429 949

1149 378 1501 436 COMMENT.
1543 378 1606 433 IN
1652 377 2104 433 EZECHIELEM.
2147 412 2214 420 —
2256 379 2380 434 [ΑΒ.
2430 379 2566 434 XVI.

3389 385 3416 438 9
3429 381 3490 434 ’λθ

210 488 343 541 dum
374 487 424 542 in
455 505 664 544 summa
715 491 1076 547 conclusionis
1107 494 1305 549 dicitur
1332 511 1345 549 :
1389 515 1406 543 ι
1437 495 1571 551 Octo
1601 510 1801 548 mensa:
1831 497 1878 554 Α
1907 494 2160 562 possibile
2206 504 2290 549 est
2335 495 2549 564 placere
2605 496 2712 550 Deo
2739 495 2922 566 (Hebr.
2958 496 3053 565 xi).
3107 516 3122 546 ι
3164 497 3226 550 Et
3279 515 3492 552 rursum

207 587 374 631 erant
403 593 564 647 super
591 595 726 648 quas
762 581 1170 648 immolabant,»
1204 594 1352 654 patet
1382 587 1506 656 quia
1548 587 1653 642 hoc
1695 589 1805 658 spi-

210 669 356 725 ritus
388 687 492 724 non
531 673 596 726 de
646 674 872 743 singulis
907 676 1076 744 portis
1132 691 1269 744 quas
1307 678 1554 746 superius
1603 679 1805 732 descri-

209 772 399 831 pserat
437 763 598 818 dicat.
646 766 780 832 Quia
812 766 855 820 si
888 776 1055 837 porta:
1103 784 1196 822 sex
1248 771 1496 838 superius
1535 782 1802 826 enarrata:

207 863 511 921 quaternas
539 870 752 911 mensas
775 872 876 926 per
900 858 1065 913 latera
1105 859 1391 924 haberent,
1424 861 1582 914 simul
1609 878 1800 917 omnes

212 959 322 998 non
352 954 494 1008 octo,
531 946 624 1000 sed
654 949 1016 1018 quadraginta
1047 959 1099 1003 et
1142 931 1267 1005 octo
1299 951 1628 1007 dicerentur.
1659 954 1801 1007 Rur-

209 1050 334 1088 sum
379 1036 421 1089 si
456 1036 556 1091 lIoc
598 1037 664 1092 de
692 1054 794 1091 una
833 1039 1050 1105 didtur,
1075 1056 1271 1108 magno
1306 1041 1585 1098 obstaculo
1616 1052 1797 1098 nostra

210 1127 568 1200 intelligentia
638 1132 1055 1198 reverberatur,
1101 1133 1242 1202 quod
1300 1142 1423 1202 post
1465 1135 1797 1205 descriptum

204 1230 383 1287 porta:
410 1221 751 1286 vestibulum,
775 1223 866 1276 ubi
907 1224 1026 1279 duae
1057 1240 1255 1281 mensa:
1281 1227 1408 1281 hinc
1439 1235 1496 1281 et
1521 1227 1637 1281 dua:
1677 1227 1799 1282 inde

205 1326 334 1366 esse
363 1323 597 1368 narrata:
641 1325 792 1379 sunt,
854 1317 1033 1371 adhuc
1071 1319 1138 1372 ad
1189 1317 1330 1374 latus
1358 1320 1618 1383 exterius,
1656 1323 1800 1387 quod

205 1405 460 1458 ascendit
487 1406 554 1460 ad
578 1407 776 1461 ostium
801 1417 991 1477 portzc,
1021 1425 1140 1478 quze
1170 1411 1349 1480 pergit
1377 1409 1459 1465 ad’
1467 1410 1796 1480 aquilonem,

205 1493 333 1547 dua:
362 1509 482 1548 esse
508 1511 709 1551 mensa:
747 1510 1118 1554 memorantur
1153 1519 1165 1553 :
1209 1510 1371 1570 atque
1409 1502 1795 1572 subiungitur:

210 1601 238 1633 ι
273 1583 338 1637 Et
367 1586 431 1638 ad
470 1585 610 1640 latus
642 1588 867 1642 alterum
902 1601 1025 1646 ante
1068 1592 1390 1646 vestibulum
1435 1603 1632 1662 portaz,
1681 1596 1798 1649 dum

205 1689 441 1740 mensae;
468 1697 486 1728 ι
512 1678 557 1731 si
583 1679 726 1732 enim
758 1680 894 1734 intra
924 1683 1246 1737 vestibulum
1263 1693 1432 1752 porta:
1448 1685 1585 1740 bina:
1602 1701 1701 1754 per
1722 1685 1798 1738 la-

205 1773 326 1820 tera
349 1783 544 1822 mensa:
568 1779 740 1836 erant,
771 1787 894 1825 cum
927 1775 1207 1838 subditur,
1246 1795 1262 1824 ε
1290 1775 1358 1829 Ει
1380 1776 1450 1829 ad
1474 1776 1612 1832 latus
1641 1786 1794 1832 exte-

1907 585 2167 655 seriptnm
2211 595 2292 640 est
2331 604 2342 639 :
2400 607 2415 636 ‹
2468 585 2628 641 Fides
2673 587 2792 641 sine
2846 587 3104 656 Operibus
3157 603 3368 642 mortua
3408 598 3490 642 est

1907 674 2048 744 (Jac.
2081 676 2165 746 II).
2213 695 2230 728 ι
2266 677 2362 732 Est
2400 686 2580 731 autem
2642 677 2691 730 in
2722 678 3011 732 dilectione
3054 680 3284 747 proximi
3338 678 3491 731 nobis

1907 765 2163 832 patientia
2190 775 2246 820 et
2275 767 2586 836 benignitas
2614 771 2985 822 conservanda
3018 788 3029 822 :
3066 771 3188 839 quia
3214 769 3278 824 de
3303 770 3493 823 eadem

1905 856 2191 912 dilectione
2247 859 2512 927 scriptum
2563 867 2681 912 est:
2735 878 2769 923 ι,
2807 860 3056 914 Charitas
3111 862 3325 929 patiens
3387 872 3490 922 est,

1904 948 2132 1020 benigna
2186 960 2269 1005 est
2326 951 2388 1021 (Ι
2448 950 2575 1005 Cor.
2610 951 2769 1023 XIII).
2822 971 2840 1004 ›
2888 952 3107 1006 Patiens
3164 954 3375 1008 scilicet
3433 962 3493 1004 ut

1905 1039 2050 1093 illata
2118 1056 2148 1094 a
2207 1043 2470 1111 proximis
2516 1043 2656 1096 mala
2701 1042 3083 1112 aequanimiter
3135 1054 3326 1113 portet.
3395 1044 3492 1098 Be-

1903 1133 2066 1202 nigna
2092 1143 2298 1199 autem,
2343 1145 2402 1189 ut
2437 1151 2534 1191 sua
2586 1137 2722 1191 bona
2759 1137 3024 1206 proximis
3061 1136 3493 1191 desiderabiliter

1902 1225 2202 1294 impendat.

1952 1316 2122 1370 llabet
2138 1333 2351 1386 quoque
2363 1327 2515 1387 porta
2533 1320 2787 1384 exterior,
2797 1319 3043 1374 videlicet
3060 1320 3139 1375 lex
3153 1363 3166 1385 ,
3182 1321 3286 1374 duo
3302 1320 3490 1383 latera,

1901 1410 2174 1477 spiritales
2201 1410 2392 1465 Patres
2417 1411 2761 1466 ctcarnalem
2788 1413 3065 1481 populum.
3095 1411 3149 1465 In
3168 1413 3488 1481 quibussiu—

1896 1500 2039 1570 gulis
2053 1501 2189 1555 bina:
2206 1517 2402 1556 mensae
2415 1511 2558 1566 sunt,
2579 1501 2704 1571 quia
2722 1501 2885 1556 habet
2897 1501 3225 1570 spiritalibus
3240 1502 3491 1557 Patribus

1900 1592 2199 1646 doctrinam
2230 1602 2284 1646 et
2304 1593 2664 1663 prophetiam,
2694 1593 2922 1647 habetin
2948 1593 3153 1647 carnali
3174 1594 3367 1661 populo
3394 1594 3491 1648 eir-

1900 1682 2288 1736 eumcisionem
2305 1692 2359 1736 et
2375 1682 2722 1737 sacriﬁcium.
2743 1683 2798 1736 In
2819 1685 2902 1737 his
2919 1685 3122 1753 itaque,
3151 1693 3273 1738 octo
3290 1686 3491 1738 mensis

1905 1771 2238 1836 immolatur,
2269 1772 2392 1839 quia
2423 1772 2680 1840 quidquid
2716 1773 2846 1827 lides
2874 1776 3065 1838 credit,
3100 1776 3357 1844 quidquid
3386 1780 3487 1829 vita

204 1857 326 1910 rius
350 1858 469 1912 dum
501 1875 722 1925 meusar,
751 1871 913 1932 atque
946 1865 1012 1917 ad
1037 1865 1177 1920 latus
1207 1867 1436 1920 alterum
1470 1877 1596 1921 ante
1626 1869 1791 1923 vesti-
1824 1855 1868 1912 Β
1899 1859 1952 1912 in
2003 1859 2252 1929 exemplo
2281 1860 2404 1914 boni
2431 1862 2612 1931 ορθτίδ
2653 1864 2912 1926 οδιοηίίίιτ
2945 1866 3202 1934 rilliilli“;tl
3232 1867 3488 1933 βθιῖειιιίίι

201 1945 392 2001 bulum
416 1949 532 2002 dum
557 1966 777 2016 mensm,
808 1973 826 2004 ι
853 1954 996 2008 inter
1016 1971 1149 2024 quas
1172 1956 1333 2010 etiam
1359 1966 1534 2025 porta,
1563 1974 1682 2027 qua:
1705 1973 1790 2012 re-

200 2038 363 2108 spicit
394 2041 534 2094 viam
567 2043 834 2112 aquilonis
856 2061 977 2101 esse
1001 2058 1351 2110 memoratur,
1380 2050 1622 2118 profecto
1647 2060 1796 2120 patet

199 2128 352 2183 aliud
382 2132 700 2186 vestibulum
735 2120 1251 2206 intrinsecusiatque
1291 2137 1434 2192 aliud
1459 2139 1795 2194 extrinsecus

200 2221 397 2287 fuisse,
423 2225 548 2291 quia
583 2233 636 2279 et
673 2227 824 2293 prius
862 2238 1015 2296 porta
1049 2229 1295 2295 interior,
1348 2238 1403 2284 et
1447 2231 1792 2299 postmodum

201 2313 311 2366 hoc
338 2314 392 2368 in
414 2314 532 2392 loco
558 2317 794 2371 exterior
821 2319 1086 2388 aquilonis
1114 2330 1271 2390 porta
1291 2320 1636 2376 describitur.
1660 2322 1793 2376 Nam

190 2422 329 2460 cum
379 2415 490 2462 tres
533 2419 717 2477 portas
766 2412 1014 2479 superius
1042 2413 1366 2482 .descripsit,
1425 2421 1538 2468 tres
1581 2429 1796 2484 quoque

201 2497 344 2553 alias
378 2498 650 2554 interioris
677 2501 798 2555 atrii
828 2517 950 2557 esse
980 2503 1323 2568 memoravit,
1357 2518 1587 2572 quarum
1615 2515 1796 2559 extre-

204 2605 352 2642 mam
399 2590 667 2658 aquilonis
711 2600 922 2659 portam
956 2601 1302 2657 narraverat,
1333 2592 1447 2657 sed,
1497 2605 1556 2646 ut
1608 2595 1796 2664 praedi-

201 2689 355 2734 ctum
381 2689 484 2745 est,
513 2681 639 2734 atrii
663 2682 952 2736 interioris.
975 2681 1126 2736 Nunc
1154 2698 1282 2752 ergo
1305 2697 1426 2736 cum
1452 2683 1572 2737 dua:
1597 2699 1796 2738 mensse

201 2771 335 2826 hinc
363 2771 415 2823 in
447 2780 616 2840 porta:
643 2772 912 2826 vestibulo
949 2782 1009 2827 et
1057 2773 1162 2826 duo
1191 2788 1391 2827 menste
1421 2774 1545 2828 inde
1593 2774 1796 2828 descri-

199 2861 428 2925 buntur,
459 2863 632 2916 adhuc
659 2863 725 2916 de
751 2863 939 2917 eadem
970 2863 1230 2932 ;interiori
1259 2872 1414 2933 porta
1462 2879 1645 2919 sermo
1673 2880 1797 2918 con-

200 2955 429 3017 texitur,
453 2954 654 3024 quippe
692 2970 815 3009 cum
869 2956 1117 3025 protinus
1154 2956 1510 3020 subinl'ertur,
1564 2957 1688 3025 quia
1727 2957 1795 3012 ad

200 3043 348 3098 latus
377 3045 636 3108 exterius,
669 3046 811 3113 quod
853 3046 1098 3100 ascendit
1123 3045 1190 3099 ad
1215 3046 1412 3100 ostium
1456 3054 1648 3115 porta},
1676 3062 1794 3114 qua:

199 3135 464 3206 pertingit
487 3137 552 3189 ad
586 3136 890 3205 aquilonem
931 3137 1050 3190 duae
1079 3151 1298 3202 mensa},
1327 3146 1381 3192 et
1430 3137 1496 3190 ad
1538 3137 1679 3192 latus
1718 3138 1796 3191 al-

201 3238 379 3282 terum
427 3239 551 3282 ante
601 3230 923 3284 vestibulum
971 3239 1139 3299 portzn
1185 3229 1302 3285 dum
1352 3247 1571 3286 mensaa.
1631 3231 1791 3286 Porta

196 3334 332 3390 ergo
363 3320 589 3373 interior
623 3321 776 3375 binas
827 3336 922 3389 per
968 3321 1136 3393 latera
1182 3322 1233 3375 in
1263 3322 1529 3377 vestibulo
1578 3339 1792 3379 mensas

196 3409 403 3464 habere
426 3410 695 3480 descripta
723 3419 825 3476 est,
843 3422 898 3466 et
923 3398 1077 3481 porta
1105 3415 1343 3468 exterior
1356 3414 1603 3468 similiter
1617 3415 1789 3469 binas.

192 3500 446 3568 Quatuor
474 3511 655 3557 autem
688 3504 815 3558 hinc
853 3513 909 3559 et
937 3515 1170 3574 quatuor
1198 3506 1322 3560 inde
1351 3522 1550 3560 mensae
1583 3509 1793 3575 pariter

194 3590 360 3656 ﬁunt,
386 3593 513 3646 dum
536 3611 633 3663 per
663 3594 828 3650 latera
859 3596 1066 3666 singula
1092 3597 1230 3652 bime
1257 3598 1309 3650 in
1335 3598 1598 3652 vestibulo
1623 3607 1792 3666 portae

194 3683 477 3739 interioris
512 3685 652 3740 bina:
698 3686 828 3742 hinc
868 3695 924 3742 et
973 3688 1096 3742 inde
1121 3690 1361 3742 exterius
1415 3690 1470 3742 in
1519 3689 1790 3758 aquilonis

193 3787 354 3844 porta
382 3774 780 3840 describuntur,
829 3794 956 3848 quae
1007 3779 1168 3833 simul
1196 3795 1384 3834 omnes
1408 3788 1532 3835 octo
1582 3781 1788 3834 suntin

188 3866 394 3936 quibus
430 3868 761 3923 immolatur.
800 3870 1192 3925 Possuntenim
1222 3881 1501 3940 portarum
1542 3872 1785 3936 nomine,

193 3957 342 4010 sicut
387 3958 637 4026 superius
666 3959 869 4014 dictum
914 3970 1019 4022 est,
1073 3961 1245 4015 sancti
1277 3961 1664 4030 praedicatores
1711 3963 1789 4016 in-

196 4045 365 4114 telligi
396 4063 408 4100 :
457 4054 518 4099 ut
549 4049 873 4103 vestibulum
918 4060 1087 4119 porta:
1132 4052 1203 4106 sit
1236 4051 1488 4121 populus,
1540 4054 1631 4122 qui
1659 4055 1787 4108 dum

193 4144 380 4190 mente
432 4135 623 4190 humili
672 4139 837 4192 verba
890 4141 1291 4208 praedicationis
1333 4143 1588 4212 suscipit,
1638 4144 1690 4197 in
1723 4159 1788 4200 eo

195 4241 402 4281 mensa:
447 4228 514 4282 ad
562 4229 890 4284 sacrificium
937 4247 1003 4285 ex
1051 4231 1345 4287 virtutibus
1371 4243 1785 4290 construuntur.

193 4319 434 4374 Rursum
467 4320 601 4374 nihil
630 4321 810 4376 obstat
834 4323 876 4375 si
904 4328 1116 4390 portam
1159 4324 1457 4394 accipimus
1487 4326 1608 4390 hoc,
1641 4328 1786 4396 quod

195 4412 356 4466 nobis
387 4428 483 4481 per
507 4426 604 4466 ora
635 4413 1047 4482 przedicantium
1078 4414 1216 4468 sacri
1247 4415 1446 4484 eloquii
1478 4417 1788 4474 intellectus

191 4502 461 4571 aperitur,
495 4510 552 4557 ut
581 4503 907 4558 vestibulum
943 4512 1110 4574 porta!
1136 4505 1378 4575 ejusdem
1407 4508 1562 4562 nobis
1589 4509 1782 4577 prmdi-

191 4594 429 4649 cationis
459 4595 621 4650 verba
646 4598 776 4662 sint,
809 4613 928 4667 quae
956 4599 1108 4668 prius
1140 4600 1416 4656 humiliter
1461 4604 1782 4673 accipimus,

193 4695 256 4738 ut
285 4695 405 4755 post
428 4686 492 4740 ad
515 4688 654 4741 sacri
679 4688 875 4756 eloquii
913 4689 1327 4759 intelligentiam
1370 4694 1674 4748 veniamus.
1701 4695 1785 4750 Sit

191 4777 381 4844 itaque
431 4777 586 4831 nobis
638 4785 793 4847 porta
857 4763 1082 4832 interior
1114 4779 1519 4836 Testamentum
1550 4783 1780 4850 Novum,

190 4875 350 4936 porta
399 4881 527 4920 vero
577 4868 816 4921 exterior
845 4868 1250 4924 Testamentum
1291 4871 1498 4927 Vetus:
1549 4877 1673 4943 quia
1727 4886 1782 4930 et

192 4957 299 5010 hoc
353 4957 647 5025 spiritalem
675 4958 1003 5013 intellectum
1032 4965 1206 5030 aperit
1236 5003 1250 5027 ,
1279 4972 1335 5016 et
1374 4964 1504 5017 illud
1559 4967 1780 5021 rudibus

190 5045 374 5100 adhuc
402 5047 672 5102 mentibus
695 5049 748 5101 in
781 5049 1006 5104 historia
1035 5052 1174 5106 sacri
1197 5052 1394 5122 eloquii
1429 5055 1662 5110 litteram
1685 5074 1777 5111 eu-

191 5135 436 5189 stodivit.
471 5135 644 5192 liabet
689 5147 866 5192 autem
898 5149 1051 5208 porta
1087 5141 1314 5196 interior
1346 5145 1398 5196 in
1430 5161 1622 5214 magna
1660 5147 1772 5215 jam

190 5225 541 5281 multitudine
567 5228 800 5283 fidelium
826 5231 1146 5299 populorum
1169 5232 1480 5298 duolatera,
1502 5237 1772 5302 videlicet,

189 5320 538 5375 dilectionem
561 5320 658 5375 Dei
691 5330 744 5373 et
773 5321 1113 5376 dilectionem
1146 5326 1398 5393 proximi.
1431 5327 1574 5380 Bina:
1599 5338 1773 5382 autem

190 5425 396 5466 mensa:
427 5419 552 5464 sunt
574 5411 700 5466 hinc
727 5420 783 5466 et
831 5413 975 5476 inde,
1002 5414 1126 5482 quia
1160 5416 1212 5467 in
1239 5415 1524 5470 dilectione
1549 5419 1639 5472 Dei
1685 5436 1776 5473 ne-

190 5501 433 5556 cessario
479 5501 710 5554 tenenda
761 5512 842 5556 est
891 5503 1024 5557 lides
1079 5512 1133 5557 et
1182 5506 1310 5559 vita.
1379 5506 1435 5558 In
1490 5507 1777 5563 dilectione

189 5600 374 5647 autem
407 5595 637 5660 proximi
668 5593 827 5650 debet
873 5611 1212 5665 summopere
1240 5598 1516 5666 patientia:
1563 5603 1776 5657 bonitas

188 5687 475 5741 custodiri.
503 5687 600 5740 Est
618 5687 760 5741 enim
788 5687 846 5740 in
872 5689 1158 5742 dilectione
1189 5689 1283 5743 Dei
1311 5693 1616 5746 necessaria
1645 5694 1775 5749 ﬁdes

191 5790 249 5834 ct
279 5779 404 5840 vita,
434 5780 557 5847 quia
592 5778 832 5836 videlicet
857 5780 1118 5848 scriptum
1160 5791 1240 5836 cst
1273 5801 1284 5835 :
1325 5801 1342 5832 ‹
1380 5781 1506 5836 Sine
1539 5782 1638 5836 lide
1684 5786 1777 5837 im-

1813 4549 1864 4607 D

1917 1952 2196 2006 humiliter
2234 1952 2455 2018 tolerat,
2475 1955 2740 2024 quidquid
2777 1956 3080 2026 benignitas
3106 1961 3490 2024 targitcrnnni—

1897 2051 2050 2106 strat,
2067 2043 2326 2113 quidquid
2342 2044 2587 2098 doctrina
2601 2046 2894 2100 salubriter
2906 2049 3080 2112 docet,
3101 2050 3358 2117 quidquid
3377 2067 3489 2117 pro-

1897 2135 2078 2204 phetia
2110 2136 2162 2188 in
2195 2144 2471 2205 posterum
2497 2128 2814 2206 prmmonct,
2845 2140 3107 2210 quidquid
3145 2143 3488 2198 circumcisio

1897 2226 1965 2279 ad
1991 2227 2307 2281 mandatum
2355 2229 2596 2283 exterius
2625 2229 2829 2298 ligavit,
2862 2233 3120 2300 quidouid
3153 2234 3483 2288 sacritieium

1896 2331 1962 2369 ex
1989 2317 2274 2371 devotione
2297 2317 2577 2374 oll‘erentis
2601 2321 2733 2387 egit,
2756 2322 2809 2374 in
2839 2322 3226 2391 omnipotentis
3252 2325 3342 2377 Dei
3363 2339 3489 2378 ocu-

1897 2409 1979 2461 los
2006 2407 2107 2462 hoe
2145 2423 2266 2463 esse
2298 2409 2571 2464 victimam
2594 2411 2834 2466 ostendit
2867 2431 2880 2466 :
2923 2413 2974 2466 in
3008 2413 3125 2483 lege
3152 2415 3297 2467 enim
3324 2415 3487 2468 etiam

1897 2513 1994 2567 per
2025 2498 2244 2553 carnale
2297 2499 2667 2565 sacriﬁcium,
2722 2502 2850 2570 quid
2883 2504 3110 2572 populus
3170 2504 3272 2557 nisi
3325 2505 3488 2558 dem-

1900 2590 2106 2642 tionem
2137 2589 2219 2644 sui
2252 2590 2435 2645 cordis
2476 2591 2822 2646 immolabat?
2853 2593 3160 2648 Notandum
3193 2612 3322 2651 vero
3344 2598 3483 2666 quod

1899 2688 2132 2749 quatuor
2167 2694 2365 2734 mensae
2397 2680 2740 2737 solummodo
2769 2684 2841 2737 ad
2894 2685 3272 2741 holocaustum
3317 2688 3485 2744 fuisse

1899 2781 2292 2836 memorantur,
2349 2788 2484 2842 quas
2534 2773 2785 2830 videlicet
2834 2777 3083 2831 vestibuli
3130 2791 3300 2848 porta:
3349 2780 3486 2833 inte-

1901 2862 2061 2916 rioris
2088 2862 2410 2931 accipimus,
2453 2871 2511 2916 ut
2539 2864 2604 2917 de
2651 2864 2874 2934 reliquis
2905 2878 3138 2934 quatuor
3185 2869 3487 2924 sentiamus

1898 2954 2025 3022 quia
2053 2953 2121 3007 ad
2166 2954 2498 3008 sacriﬁcium
2527 2964 2860 3010 constructa:
2891 2958 3130 3024 fuerunt,
3156 2973 3261 3013 nou
3293 2960 3359 3014 ad
3388 2960 3486 3013 ho-

1898 3044 2222 3100 locaustum.
2290 3044 2683 3100 lloloeaustum
2745 3047 2889 3100 enim
2952 3050 3094 3103 sicut
3142 3051 3488 3120 prazcedcnte

1895 3137 2008 3208 jam
2065 3137 2339 3193 locutione
2388 3137 2666 3208 professus
2696 3155 2837 3205 sum,
2877 3149 3049 3196 totum
3098 3142 3374 3197 incensum
3405 3145 3487 3199 di-

1822 3213 1865 3273 (ἶ
1898 3231 2058 3284 citur.
2091 3229 2156 3284 Et
2196 3230 2282 3284 lex
2320 3231 2537 3300 quidem
2585 3233 2752 3285 Deum
2788 3249 2852 3288 ac
2879 3236 3182 3304 proximum
3214 3237 3380 3306 diligi,
3404 3239 3487 3292 di-

1899 3323 2021 3376 vina
2054 3323 2308 3376 mandata
2352 3322 2613 3376 custodiri
2658 3325 2928 3393 praecipit,
2963 3326 3030 3379 ab
3059 3326 3362 3381 alienarum
3394 3344 3482 3382 rc-

1897 3426 2016 3464 rum
2075 3411 2514 3480 concupiscentia
2560 3413 2876 3481 compescit,
2922 3429 3031 3467 non
3081 3425 3257 3468 tamen
3299 3417 3480 3469 omnia

1895 3501 2094 3555 dimitti
2123 3500 2300 3576 jubet.
2334 3500 2390 3554 ln
2434 3501 2791 3567 Testamento
2841 3514 3021 3558 autem
3051 3505 3199 3560 Novo
3255 3524 3352 3562 nos
3388 3507 3484 3563 Ve-

1896 3592 2030 3647 ritas
2069 3600 2404 3648 contestatur
2437 3591 2667 3647 dicens:
2708 3613 2726 3645 ι
2759 3593 2870 3649 Nisi
2913 3597 3034 3665 quis
3085 3599 3480 3653 renuntiaverit

1893 3684 2145 3738 omnibus
2189 3699 2310 3752 qua:
2336 3681 2605 3752 possidet,
2645 3698 2752 3738 non
2776 3695 2956 3754 potest
3003 3702 3158 3740 meus
3185 3689 3479 3758 discipulus

1891 3771 2198 3842 esse(Luc.
2229 3787 2347 3830 xiv;
2386 3769 2575 3824 Matth.
2622 3773 2766 3844 va).
2809 3794 2826 3825 ι
2872 3775 3048 3844 Atque
3076 3778 3269 3831 iterum
3306 3777 3475 3833 dicit:

1899 3884 1916 3916 ι
1945 3865 2045 3932 Qui
2071 3863 2184 3917 vult
2209 3863 2393 3916 venire
2420 3871 2539 3932 post
2564 3879 2672 3928 me,
2699 3866 2927 3936 abneget
2955 3868 3300 3937 semetipsum
3324 3867 3478 3940 (Luc.

1893 3956 2004 4027 Ix).
2066 3974 2084 4005 ι
2132 3953 2329 4008 Mensa:
2373 3966 2502 4020 ergo
2553 3955 2826 4010 interioris
2881 3967 3052 4025 portm
3106 3957 3476 4014 holocaustum

1892 4047 2094 4101 habent
2120 4062 2136 4100 :
2161 4049 2290 4117 quia
2325 4049 2380 4102 in
2427 4047 2716 4101 virtutibus
2749 4047 3081 4102 Testamenti
3113 4047 3272 4111 Novi,
3324 4052 3477 4118 quasi

1890 4151 1988 4207 per
2018 4138 2397 4193 holocaustum
2435 4138 2615 4193 omnia
2652 4135 3013 4202 incendimus,
3054 4139 3274 4207 quando
3296 4141 3474 4192 omni-

1889 4229 2009 4292 bus,
2038 4244 2159 4298 qua:
2184 4227 2488 4298 hujusmodi
2530 4235 2657 4281 sunt
2694 4228 3088 4281 renuntiamus.
3123 4227 3322 4282 Mensa:
3346 4245 3481 4284 vero

1889 4327 2059 4390 porta:
2098 4319 2389 4374 exterioris
2435 4317 2763 4374 sacriﬁcium
2814 4318 3036 4382 habent,
3071 4318 3166 4372 sed
3221 4318 3476 4373 holocau-

1889 4422 2034 4467 stum
2077 4427 2183 4466 non
2226 4413 2449 4476 habent,
2504 4411 2630 4481 quia
2673 4419 2938 4481 prtecepta
2996 4410 3187 4481 legalia
3234 4411 3472 4466 decimas

1890 4501 2072 4557 ochrri
2110 4503 2323 4574 jubent,
2373 4502 2467 4558 sed
2509 4501 2709 4556 dimitti
2755 4502 2935 4558 omnia
2985 4517 3092 4556 non
3135 4501 3350 4570 jubent.
3399 4503 3474 4558 De

1891 4594 2166 4649 interioris
2214 4604 2396 4648 autem
2438 4592 2688 4648 vestibuli
2739 4601 2973 4661 quatuor
3000 4593 3206 4648 mensis
3248 4593 3468 4656 dicitur,

1888 4695 1946 4739 ut
1975 4685 2282 4739 immoletur
2310 4699 2473 4753 super
2501 4698 2595 4737 eas
2626 4682 2999 4738 holocaustum
3029 4692 3080 4737 et
3126 4698 3222 4752 pro
3251 4693 3472 4752 peccato

1886 4786 1940 4831 et
1961 4791 2057 4845 pro
2080 4775 2294 4829 delicto.
2315 4773 2428 4828 Hoc
2449 4773 2652 4828 etenim
2675 4773 2818 4826 inter
2838 4781 3120 4843 peccatum
3138 4782 3192 4826 et
3215 4772 3469 4827 delictum

1885 4869 2072 4931 distat,
2095 4869 2238 4938 quod
2262 4877 2544 4938 peceatum
2567 4875 2649 4920 est
2671 4865 2809 4919 mala
2836 4864 3037 4929 facere,
3060 4866 3315 4920 delictum
3341 4881 3469 4920 vero

1888 4961 2028 5015 bona
2059 4960 2432 5030 derelinquere
2471 4978 2484 5013 :
2519 4975 2637 5028 qure
2677 4973 3022 5028 summopere
3064 4965 3190 5012 sunt
3217 4959 3464 5013 tenenda.

1886 5051 1980 5104 Vel
2011 5059 2290 5119 peccatum
2315 5059 2466 5105 certe
2494 5049 2550 5103 in
2576 5064 2740 5118 opere
2767 5058 2870 5113 est,
2903 5050 3156 5104 delictum
3184 5050 3235 5103 in
3258 5051 3465 5120 cogita-

1885 5143 2048 5196 tione.
2083 5140 2248 5195 Recte
2273 5155 2402 5211 ergo
2429 5140 2482 5194 in
2513 5139 2796 5194 interioris.
2814 5147 2983 5209 porta:
3008 5149 3235 5208 quatuor
3264 5140 3469 5196 mensis

1880 5233 2189 5286 immolatur
2220 5232 2592 5286 holocaustum
2630 5239 2684 5285 et
2723 5245 2823 5300 pro
2857 5239 3079 5299 peccato
3115 5239 3171 5284 et
3203 5246 3300 5300 pro
3337 5231 3467 5285 deli-

1879 5337 1966 5383 cto
1998 5346 2012 5380 :
2041 5327 2165 5397 quia
2192 5326 2503 5395 quicunque
2529 5324 2762 5395 potuerit
2791 5324 2896 5378 hoc
2935 5323 3188 5377 szcculum
3219 5339 3465 5392 praesens

1879 5419 2035 5488 plene
2065 5429 2444 5480 contemnere,
2487 5423 2542 5470 et
2571 5414 2951 5482 derelinquens
2977 5413 3158 5466 omnia
3204 5413 3463 5481 semetip-

1882 5527 2002 5566 sum
2025 5510 2256 5564 Domino
2294 5509 2667 5563 holocaustum
2709 5507 2868 5571 dare,
2913 5506 3027 5575 ipse
3064 5504 3175 5572 jam
3225 5506 3464 5573 perferte

1879 5601 2025 5655 novit
2056 5608 2109 5653 et
2123 5609 2341 5669 peccata
2365 5599 2542 5668 operis
2571 5597 2843 5668 plangere,
2868 5605 2922 5650 et
2943 5604 3159 5666 peccata
3181 5597 3460 5664 cogitatio-

1881 5693 1993 5756 nis,
2021 5690 2100 5743 vcl
2160 5690 2306 5757 quod
2350 5688 2550 5742 malum
2598 5687 2742 5743 fecit.
2792 5686 2873 5739 vel
2909 5685 3049 5755 quod
3080 5683 3461 5738 debuittarere

1882 5789 2100 5849 bonum,
2127 5783 2267 5852 quod
2311 5798 2413 5836 non
2466 5780 2608 5835 fecit.
2643 5780 2741 5846 Qui
2769 5778 2965 5834 etenim
3021 5786 3190 5831 tOUIIu
3235 5775 3456 5840 dimisit,
