3950 6336
489 394 586 450 95f

1132 392 1191 447 Β.
1235 392 1490 449 RABAM
1530 394 1749 451 MAURI
1784 393 2064 449 AliClllEI

2167 393 2459 452 διορυΝΤ.
2497 395 2786 453 OPERUM
2824 397 3006 454 PARS
3059 400 3123 455 ιτ.

3674 404 3786 461 932

486 510 671 580 culpas
699 523 826 566 Suas
866 508 917 562 in
948 506 1160 562 fletibus
1181 507 1296 578 jam
1327 506 1551 563 liberius
1589 509 1876 579 conspicit.
1907 508 2076 566 Cum-
2105 515 2152 571 Α
2185 505 2452 581 [Lateres]
2503 508 2835 574 ceciderunt,
2883 510 2975 565 sed
3025 511 3248 580 quadris
3279 511 3549 581 lapidibus
3597 513 3784 569 aediﬁ-

485 598 736 670 quecjus
765 609 998 655 mentem
1037 606 1252 652 terrena
1302 614 1432 654 cura
1489 616 1595 654 non
1628 600 1916 670 prazpedit',
1971 614 2072 670 pro

486 708 650 762 opere
672 691 829 748 simul
859 699 1093 745 mentem
1127 706 1281 745 suam
1310 692 1669 762 omnipotenti
1697 691 1924 746 Domino
1943 691 2073 761 quid

486 782 650 844 aliud,
671 796 836 852 quam
856 780 1230 836 holocaustum
1259 781 1446 836 dedit?
1469 781 1651 851 Neque
1673 782 1776 836 hoc
1801 796 1830 835 a
1865 782 2075 836 ratione

484 871 697 927 videtur
715 881 1056 936 extraneum,
1075 871 1217 941 quod
1241 870 1508 942 Propheta
1532 887 1654 925 cum
1673 871 1815 926 latus
1833 871 2073 925 exterius

485 961 767 1017 diceretet
791 961 992 1015 ostium
1046 969 1215 1032 porta:
1253 963 1581 1028 nominaret,
1623 961 1852 1024 addidit,
1888 969 1916 1012 τ
1953 977 2074 1030 qua:

483 1053 670 1125 pergit,
708 1051 774 1106 ad
829 1051 1158 1121 aquilonem.
1209 1071 1226 1104 ι
1280 1051 1339 1106 1η
1374 1051 1635 1106 exteriori
1694 1051 1840 1104 enim
1892 1059 2074 1106 custo-

482 1144 629 1199 diam
660 1142 856 1199 litteras
897 1143 983 1199 lex
1013 1144 1136 1199 data
1165 1145 1468 1199 tenebatur.
1501 1142 1713 1199 Ostium
1741 1158 1873 1198 vero
1900 1151 2072 1214 porta:

483 1244 568 1290 est
596 1235 712 1306 ipse
761 1234 1054 1290 historicus
1101 1234 1412 1290 intellectus
1440 1234 1598 1305 legis,
1630 1233 1724 1304 qui
1761 1233 1828 1288 ad
1858 1233 2070 1289 Domini

481 1327 734 1382 timorem
764 1327 928 1382 ducit.
956 1325 1090 1394 Quae
1115 1335 1271 1397 porta
1309 1326 1378 1380 ad
1402 1324 1711 1395 aquilonem
1739 1337 1967 1394 pergere
1990 1323 2073 1378 di-

482 1418 646 1483 citur,
692 1418 814 1487 quia
841 1416 926 1472 lex
957 1417 1150 1473 eadem
1188 1417 1289 1471 sub
1330 1416 1523 1470 timore
1550 1413 1819 1468 minarum
1869 1411 2066 1484 frigida

479 1509 679 1581 jndaici
731 1509 911 1582 populi
953 1510 1121 1565 corda
1162 1501 1533 1564 constrinxit?
1575 1506 1732 1575 quasi
1772 1506 1918 1562 enim
1975 1520 2072 1576 per

481 1599 716 1656 calorem
742 1600 831 1656 ille
851 1600 1084 1671 populus
1106 1608 1372 1661 curreret,
1408 1596 1452 1651 si
1481 1604 1752 1667 pnecepta
1797 1595 2070 1652 dominica

480 1707 550 1747 ex
584 1705 771 1746 amore
823 1699 1115 1745 servasset.
1161 1689 1270 1744 Sed
1323 1687 1452 1759 quia
1486 1688 1587 1743 sub
1637 1688 1834 1744 timore
1874 1688 2070 1744 mortis

479 1783 777 1857 proposita:
834 1782 1074 1838 litteram
1135 1779 1454 1843 cnstodivit,
1515 1780 1671 1851 quasi
1737 1781 1793 1837 in
1851 1790 2072 1854 torpore

2178 599 2424 654 Cabimus
2462 599 2598 672 (lsa.
2635 600 2735 672 ix).
2771 619 2790 651 ι
2832 599 3034 656 Vidéhs
3071 601 3269 673 quippe
3321 603 3375 658 in
3426 613 3616 660 sancta
3665 605 3780 661 Ec-

2178 687 2341 742 clesia
2387 689 2684 758 apostolos,
2727 699 3001 762 martyres
3057 701 3219 761 atque
3267 693 3519 749 doctores
3547 709 3784 766 surgere

2177 779 2244 833 de
2274 778 2706 847 lapidum'casu,
2749 782 2799 836 id
2835 791 2937 844 est.
2966 781 3033 837 de
3069 781 3381 837 Iuda-orum
3431 786 3783 853 perditione,

2176 871 2358 926 minus
2403 871 2576 926 doluit
2606 890 2619 926 :
2649 874 2774 941 quia
2815 873 3202 942 omnipotentis
3233 873 3326 929 Dei
3352 873 3642 930 aedificium
3665 916 3684 941 ,
3720 875 3782 931 id

2176 970 2259 1014 est
2303 971 2548 1016 sanctam
2593 961 2917 1026 Ecclesiam,
2968 963 3041 1018 de.
3065 964 3288 1032 quadris
3337 964 3604 1034 lapidibus
3630 965 3783 1021 mdi-

2176 1049 2326 1104 ticari
2377 1050 2680 1122 conspexit.
2725 1051 2924 1108 Mensae
2975 1068 3108 1124 ergo
3145 1064 3381 1125 quatuor
3430 1055 3497 1111 de
3539 1057 3787 1127 quadris

2172 1145 2441 1217 lapidibus
2464 1154 2888 1202 construuntur:
2917 1147 3044 1219 quia
3074 1148 3206 1204 fides
3234 1157 3290 1204 et
3330 1149 3466 1214 vita,
3495 1151 3783 1220 patientia

2173 1246 2228 1291 et
2278 1236 2582 1308 benignitas
2611 1236 2705 1316 [de
2778 1238 2889 1292 vita
2931 1226 3266 1300 sanctorum
3327 1239 3385 1294 in
3453 1241 3783 1311 exemplum

2173 1328 2314 1384 data:
2364 1336 2492 1384 sunt
2518 1329 2871 1398 sequentibus
2900 1329 3135 1400 populis,
3183 1338 3242 1384 ut
3277 1327 3391 1400 jam
3434 1331 3784 1386 vestibulum

2173 1435 2387 1475 mensas
2416 1420 2635 1485 habeat,
2672 1420 2726 1474 id
2754 1429 2859 1485 est,
2897 1421 3128 1476 virtutes
3151 1421 3278 1476 vitre
3301 1421 3528 1492 populus
3554 1430 3781 1488 teneat,

2171 1512 2226 1566 in
2260 1511 2458 1582 quibus
2485 1512 2842 1584 omnipotenti
2897 1511 3008 1569 Deo
3036 1513 3302 1569 orationis
3345 1513 3681 1569 sacriﬁcium
3719 1514 3784 1568 in

2172 1618 2266 1657 ara
2310 1603 2396 1659 sui
2443 1604 2628 1660 cordis
2672 1605 2946 1679 incendat.
2985 1597 3259 1675 Quidquid
3305 1606 3502 1661 etenim
3540 1606 3676 1660 boni
3707 1604 3784 1659 ﬁ-

2172 1692 2322 1748 deles
2363 1693 2422 1749 S.
2457 1693 2714 1751 Ecclesiae
2755 1694 2936 1765 populi
2987 1695 3072 1750 vel
3129 1695 3373 1750 fecerunt
3407 1695 3492 1750 vel
3531 1694 3778 1760 faciunt,

2175 1787 2279 1842 hoc
2309 1786 2359 1841 in
2388 1786 2640 1858 exemplo
2682 1787 2747 1842 de
2785 1786 3206 1858 praedicatorum
3239 1801 3464 1842 suorum
3491 1787 3602 1841 vita
3627 1803 3780 1842 sus-

480 1875 698 1948 frigoris
724 1874 1005 1930 remansit.
1034 1873 1162 1930 Inde
1191 1874 1344 1930 novis
1373 1873 1589 1943 populis
1611 1881 1818 1928 :etema
1846 1876 2070 1944 prmmia
2099 1868 2148 1927 ’Β
2175 1886 2455 1948 ceperunt.
2507 1877 2662 1934 Unde
2692 1877 2838 1933 enim
2890 1891 3105 1932 mensas
3154 1877 3258 1932 hoc
3301 1876 3781 1932 vestibulum‘ha-

480 1967 810 2031 amantibus,
835 1981 941 2021 non
975 1975 1157 2020 autem
1196 1963 1510 2034 temporalia
1560 1972 1829 2019 tormenta
1872 1965 2070 2020 timen-

479 2060 624 2114 tibus
653 2066 816 2128 atque
861 2055 973 2125 jam
1020 2054 1322 2110 calentibus
1347 2053 1586 2109 dicitur:
1629 2073 1650 2105 ι
1682 2052 1798 2109 Non
1850 2055 2068 2124 accepi-

478 2151 580 2205 stis
601 2150 849 2220 spiritum
880 2146 1167 2202 servitutis
1217 2145 1418 2201 iterum
1469 2145 1548 2200 in.
1572 2146 1795 2212 timore,
1823 2146 1919 2202 sed
1955 2148 2067 2217 spi-

477 2240 642 2294 ritum
687 2236 998 2309 adoptionis
1046 2235 1104 2290 in
1158 2249 1272 2306 quo
1312 2234 1612 2290 clamamus
1642 2235 1858 2301 :Abba,
1909 2234 2071 2290 Pater

477 2330 657 2403 (Rom.
690 2330 832 2402 rm).
869 2348 889 2382 ι
913 2329 1138 2384 Dicatur
1159 2343 1308 2399 ergo,
1352 2336 1589 2398 quatuor
1615 2341 1818 2384 meum
1857 2328 1986 2384 hinc
2015 2337 2068 2383 et

477 2431 711 2493 quatuor
747 2437 948 2478 mensa:
992 2422 1121 2476 inde
1160 2435 1260 2492 per
1284 2420 1454 2475 latera
1502 2428 1694 2490 portae.
1746 2419 1885 2475 Dum
1921 2422 2067 2477 enim

479 2516 615 2571 ﬁdes
641 2522 695 2570 et
725 2513 854 2578 vita,
881 2512 1131 2569 doctrina
1156 2521 1212 2568 et
1237 2511 1520 2582 prophetia
1541 2511 1596 2566 in
1623 2512 1890 2567 bonorum
1921 2527 2072 2568 men-

475 2608 625 2662 tibus
649 2605 907 2670 custodit,
938 2612 1097 2676 porta
1119 2610 1331 2668 nostra,
1364 2602 1417 2658 id
1443 2610 1553 2669 est,
1581 2601 1894 2676 intellectus
1925 2603 2067 2658 sacri

473 2695 676 2770 eloquii
703 2703 946 2769 quatuor
975 2711 1040 2750 ex
1074 2694 1245 2750 latere
1280 2708 1501 2750 mensas
1526 2695 1710 2750 habet.
1741 2693 1987 2765 Cumque
2011 2695 2066 2751 in

473 2787 882 2862 proﬁcientibus
911 2785 1125 2858 populis
1169 2794 1361 2841 sancta
1390 2785 1704 2857 prmdicatio
1749 2786 2065 2858 patientiam

473 2889 533 2939 et
569 2879 960 2949 benignitatem
1013 2885 1216 2943 servat,
1267 2892 1389 2949 qum
1438 2878 1593 2948 prius
1647 2877 1705 2933 in
1755 2879 2066 2936 carnalibus

474 2968 941 3026 eircumcisionem
962 2977 1018 3024 et
1031 2966 1689 3032 sacriﬁcium‘custodivit,
1707 2981 1910 3024 mensa:
1922 2983 2064 3038 quo-

474 3077 582 3132 que
606 3068 859 3131 quatuor,
883 3059 1039 3130 quasi
1067 3073 1136 3112 ex
1165 3057 1271 3113 alio
1297 3055 1470 3112 latere
1498 3065 1914 3113 monstrantur:
1943 3073 2066 3129 qum

474 3153 636 3208 simul
659 3166 851 3208 omnes
871 3160 996 3207 octo
1021 3151 1091 3206 ad
1119 3149 1513 3205 immolandum
1533 3149 1691 3214 fiunt.
1724 3159 1964 3220 quatuor
1981 3153 2067 3207 vi-

2173 1967 2350 2033 bcret,
2397 1967 2503 2024 nisi
2541 1969 2780 2038 quadrus
2808 1966 3041 2038 Ilapides
3089 1966 3422 2022 invenisset?
3448 1963 3581 2021 Cum
3624 1979 3779 2036 ergo

2172 2078 2209 2115 τι
2235 2060 2432 2132 populo
2490 2059 2636 2115 ﬁdeli
2695 2059 2764 2114 ad
2823 2058 3109 2113 imitandas
3160 2057 3395 2112 virtutes
3443 2066 3778 2112 sanctorum

2171 2155 2587 2225 praedicatorum
2615 2151 2726 2206 vita
2765 2150 3141 2220 cognoscitur,
3193 2147 3439 2221 profecto
3486 2149 3540 2203 in
3587 2150 3777 2204 vesti-

2171 2247 2297 2303 bulo
2349 2246 2416 2302 de
2474 2242 2698 2316 quadris
2756 2232 3024 2312 lapidibus
3075 2257 3276 2297 mensa:
3345 2247 3773 2296 construuntur.

2171 2337 2370 2392 Habuit
2417 2350 2549 2391 vero
2594 2342 2652 2389 et
2693 2332 2977 2406 Synagoga
3031 2341 3085 2386 et
3139 2331 3414 2403 spiritales
3450 2329 3651 2400 patres
3713 2330 3777 2384 in

2169 2426 2413 2482 doctrina
2447 2436 2610 2494 atque
2633 2423 2939 2494 prophetis,
2971 2437 3038 2476 ex
3075 2421 3273 2493 quibus
3300 2421 3601 2492 exetnplum
3633 2421 3777 2474 vitae

2171 2515 2225 2570 in
2258 2514 2549 2569 virtutibus
2574 2513 2840 2578 traheret,
2876 2512 2971 2579 sed
3003 2511 3155 2567 rudis
3187 2510 3306 2580 ejus
3334 2511 3560 2582 populus
3582 2512 3775 2579 stragis

2167 2621 2266 2678 per
2293 2607 2542 2661 timorem
2578 2603 2822 2660 serviens
2866 2617 3027 2672 quam
3078 2617 3176 2673 per
3201 2615 3464 2664 amorem,
3515 2616 3769 2670 sequens

2166 2701 2337 2756 vitam
2365 2707 2582 2771 patrum
2620 2698 2792 2754 noluit
2822 2698 3022 2753 imitari
3055 2713 3220 2768 quam
3257 2697 3410 2760 vidit,
3440 2705 3602 2767 atque
3622 2696 3762 2752 ideo

2167 2799 2324 2863 porta
2352 2781 2615 2856 exterior,
2643 2805 2764 2860 quze
2785 2789 2852 2844 ad
2877 2789 3186 2859 aquilonem
3219 2789 3495 2859 pertingit.
3534 2800 3770 2843 melius
3828 2857 3832 2860 ~

2168 2896 2278 2936 non
2325 2881 2492 2936 habet
2529 2888 2586 2936 et
2641 2879 3040 2936 holocaustum.
3071 2877 3177 2934 Sed
3234 2880 3358 2947 quia
3401 2880 3517 2933 haec
3565 2894 3765 2934 mora-

2167 2972 2293 3029 liter
2321 2973 2579 3038 diximus,
2607 2980 2780 3028 restat
2814 2972 2992 3028 adhuc
3017 2980 3076 3026 ut
3102 2972 3319 3027 easdem
3350 2986 3566 3026 mensas
3586 2985 3766 3040 super

2167 3065 2576 3135 intelligentiam
2619 3064 2854 3135 typicam
2898 3071 3323 3132 perscrutemur.
3361 3060 3524 3116 Porta
3549 3063 3763 3117 etenim

2168 3166 2351 3213 nostra
2384 3156 2437 3210 in
2472 3151 3018 3210 interiori.'vestibulo
3051 3153 3286 3220 quatuor
3319 3152 3533 3205 mensas
3562 3150 3760 3215 habet,

475 3245 670 3300 delicet
722 3243 1012 3298 interiores
1063 3241 1132 3297 ad
1182 3240 1584 3304 holocaustum,
1639 3249 1875 3309 quatuor
1932 3257 2062 3298 vero
2091 3225 2142 3292 Ο
2168 3249 2297 3319 quia
2320 3255 2507 3302 sancta
2535 3244 2778 3303 Ecclesia
2807 3244 2874 3298 ad
2908 3243 3268 3298 eruditionem
3317 3241 3555 3296 ﬁdelium
3582 3257 3762 3312 popu-

472 3335 776 3391 exteriores
802 3335 871 3389 ad
905 3332 1259 3389 sacriﬁcium.
1294 3331 1433 3400 Quia
1461 3340 1517 3386 et
1546 3329 1624 3395 hi,
1647 3331 1741 3400 qui
1773 3333 1828 3388 in
1871 3341 2057 3388 sancta

472 3427 716 3484 Ecclesia
741 3427 922 3492 ﬁdem,
940 3427 1126 3490 vitam,
1147 3425 1464 3497 patientiam
1485 3436 1648 3498 atque
1658 3425 2058 3496 benignitatem

472 3520 806 3584 custodiunt,
832 3518 1060 3574 summis
1081 3516 1193 3588 jam
1218 3517 1406 3588 procul
1434 3517 1596 3574 dubio
1622 3517 1913 3572 virtutibus
1941 3515 2059 3586 pol-

472 3611 602 3666 lent.
632 3611 702 3666 Et
721 3610 776 3665 hi
798 3611 889 3681 qui
915 3611 969 3665 in
991 3625 1264 3681 synagoga
1286 3609 1590 3664 doctrinam
1620 3617 1675 3664 et
1696 3607 2058 3678 prophetiam,

472 3703 940 3760 circumcisionem
965 3713 1020 3758 ct
1036 3687 1364 3758 sacriﬁcium
1387 3710 1774 3773 cognoverunt,
1797 3701 1902 3755 alia
1927 3698 2062 3755 οπε-

471 3794 642 3850 rendo
660 3801 822 3864 atque
833 3792 1185 3861 sibimetipsis
1198 3791 1301 3846 alia
1316 3790 1619 3854 retinendo,
1635 3790 1936 3846 devotionis
1947 3804 2060 3845 suae

470 3885 746 3940 victimam
784 3883 1146 3955 omnipotenti
1189 3882 1419 3938 Omnino
1456 3881 1739 3937 dederunt.
1785 3880 1892 3935 Sed
1929 3881 2058 3950 quia

473 3977 727 4046 superius
739 3975 944 4030 dictum
964 3981 1070 4040 est,
1083 3973 1289 4030 idcirco
1303 3987 1518 4028 mensas
1531 3980 1765 4041 quatuor
1784 3970 2064 4026 interioris

471 4068 726 4124 vestibuli
761 4081 882 4122 esse
931 4073 1276 4122 constructas
1304 4073 1364 4118 ut
1399 4062 1710 4118 immoletur
1759 4077 1921 4132 super
1965 4059 2062 4116 eas

472 4159 850 4215 holocaustum
900 4165 956 4211 et
1003 4171 1102 4226 pro
1137 4165 1360 4226 peccato
1398 4163 1453 4209 et
1498 4168 1597 4224 pro
1644 4151 1863 4208 delicto.
1907 4152 2060 4209 Unde

469 4265 673 4306 mensa:
704 4255 1031 4303 constructa:
1059 4246 1168 4301 sint
1188 4286 1202 4310 ,
1239 4243 1465 4298 inferius
1504 4242 1750 4313 aperitur
1773 4257 1897 4296 cum
1932 4240 2061 4296 sub-

471 4345 616 4402 ditur
643 4364 654 4398 :

547 4460 564 4490 σ
608 4439 852 4507 Quatuor
877 4446 1055 4490 autem
1112 4447 1315 4488 mensm
1342 4431 1409 4485 ad
1459 4431 1837 4486 holocaustum
1882 4429 2046 4485 dela-

477 4552 495 4584 ι
523 4531 740 4603 pidibus
763 4527 990 4600 quadris
1013 4532 1326 4581 exstruere.
1365 4543 1382 4573 ι
1411 4521 1765 4590 Ωυοε,ειιιιριιι
1803 4521 1905 4576 hoc
1935 4521 2053 4574 loco

2167 3340 2338 3396 lorum
2367 3345 2600 3409 quatuor
2621 3335 2921 3406 regentium
2947 3333 3164 3388 ordines
3187 3332 3414 3396 accepit,
3445 3347 3580 3400 quos
3609 3331 3762 3386 Pau-

2164 3431 2248 3486 lus
2273 3448 2340 3487 ex
2373 3430 2527 3485 dono
2540 3426 2928 3496 omnipotentis
2956 3424 3166 3478 Domini
3195 3432 3493 3482 enumerat.
3517 3423 3714 3478 dicens
3740 3441 3754 3477 :

2170 3538 2192 3572 t
2217 3520 2336 3590 Ipse
2356 3518 2504 3573 dedit
2527 3517 2788 3586 quosdam
2810 3514 3025 3584 quidem
3047 3512 3339 3583 apostolos,
3365 3512 3626 3580 quosdam
3657 3527 3761 3564 au-

2167 3619 2270 3664 tem
2307 3606 2625 3678 prophetas,
2661 3603 2796 3658 alios
2835 3617 2962 3657 vero
2989 3601 3370 3673 evangelistas,
3405 3599 3541 3654 alios
3570 3607 3756 3654 autem

2161 3709 2409 3772 pastores
2438 3706 2492 3752 et
2521 3698 2772 3752 doctores
2800 3695 3019 3767 (Ephes.
3053 3694 3149 3763 tv).
3189 3714 3207 3745 ι
3242 3694 3500 3748 Pastores
3539 3706 3674 3746 vero
3697 3700 3757 3753 et

2163 3790 2410 3844 doctores
2453 3804 2622 3843 unum
2664 3787 2963 3858 regentium
3023 3785 3582 3847 ordinemnominat,
3625 3785 3756 3854 quia

2161 3897 2377 3953 gregem
2415 3879 2510 3934 Dei
2539 3879 2652 3950 ipse
2678 3878 2946 3933 veraciter
2975 3877 3172 3948 pascit,
3204 3877 3295 3946 qui
3325 3875 3507 3930 docet.
3553 3874 3758 3930 llaLuit

2161 3986 2376 4041 quoque
2403 3980 2457 4025 et
2481 3985 2636 4039 porta
2664 3968 2902 4023 exterior
2927 3983 3142 4022 mensas
3166 3976 3417 4035 quatuor,
3447 3967 3573 4034 quia
3597 3965 3754 4019 vide-

2161 4063 2286 4118 licet
2335 4065 2450 4134 ipsa
2503 4076 2772 4134 synagoga
2819 4061 3144 4116 exteriorem
3196 4059 3604 4114 observantiam
3653 4073 3756 4127 per

2160 4157 2431 4226 principes
2459 4153 2821 4218 sacerdotum,
2841 4159 2896 4206 et
2922 4152 3164 4207 seniores
3193 4148 3394 4218 papuli,
3422 4147 3755 4219 perscribas

2161 4259 2323 4316 atque
2355 4246 2657 4300 Pharisaaos
2685 4243 2880 4307 fenuit,
2913 4242 3003 4311 qui
3045 4239 3250 4296 scilicet
3287 4238 3546 4293 Pharismi
3581 4238 3751 4293 etiam

2164 4341 2295 4412 legis
2350 4341 2600 4395 doctores
2645 4337 2821 4392 vocati
2881 4342 3025 4390 sunt.
3087 4332 3214 4388 Sive
3251 4339 3432 4385 autem
3490 4331 3544 4384 in
3593 4340 3750 4384 exte-

2166 4429 2296 4482 riori
2341 4443 2434 4482 seu
2464 4428 2516 4481 in
2546 4426 2788 4481 interiori
2836 4431 2991 4493 porta
3022 4422 3141 4476 dua:
3169 4435 3370 4475 mensa:
3420 4419 3549 4474 hinc
3599 4428 3750 4483 sunt,

2165 4528 2215 4573 et
2245 4519 2362 4572 dua:
2399 4517 2556 4572 inde:
2590 4515 2714 4585 quia
2753 4515 2806 4568 in
2855 4511 3091 4567 exordiis
3133 4511 3245 4564 suis
3285 4515 3476 4562 sancta
3509 4506 3752 4562 Ecclesia

454 4587 679 4690 .lapidcs
747 4587 984 4688 qhadros
1037 4614 1390 4685 accipiemus,
1438 4587 1577 4666 nisi.
1611 4610 1880 4679 quoslibet
1931 4626 2057 4664 san-
2086 4587 2436 4677 Dapostolos
2498 4612 2553 4658 ct
2608 4602 2896 4672 prophetas
2946 4599 3157 4653 habuit.
3216 4597 3521 4666 Prophetas
3568 4605 3750 4650 autem

471 4719 590 4766 ctos
614 4723 844 4780 quorum
872 4707 979 4760 vita
1032 4706 1085 4759 in
1131 4703 1491 4774 prosperitate
1537 4709 1701 4770 atque
1728 4699 2058 4754 adversitate

471 4803 624 4860 novit
670 4799 884 4856 fortiter
936 4797 1120 4853 stare?
1148 4796 1310 4865 Lapis
1360 4794 1562 4848 ctenim
1606 4792 1847 4860 quadrus
1903 4805 2058 4860 teque

473 4900 584 4946 stat
634 4891 686 4944 in
728 4901 1054 4959 quocunque
1100 4883 1272 4938 latere
1328 4881 1492 4937 fuerit
1532 4895 1743 4934 versus.
1803 4879 2060 4948 Quisquis

473 4995 604 5048 ergo
647 4980 698 5032 in
742 4975 1098 5046 prosperitate
1144 4987 1250 5027 non
1287 4971 1584 5035 extollitur,
1630 4970 1683 5023 in
1732 4969 2058 5023 adversitate

473 5046 584 5125 non
649 5066 914 5137 frangitur
945 5106 960 5128 ,
1026 5062 1370 5118 suasionibus
1430 5060 1498 5115 ad
1565 5046 1706 5113 mala
1775 5074 1879 5112 non
1949 5068 2061 5110 tra-

473 5160 654 5221 hitur,
702 5155 1186 5226 vituperationibus
1228 5167 1260 5204 a
1318 5151 1460 5204 bono
1512 5164 1677 5219 Opere
1737 5164 1842 5202 non
1905 5163 2061 5202 revo—

474 5262 652 5316 catur,
703 5249 842 5321 lapis
885 5249 1122 5319 quadrus
1155 5257 1259 5310 est,
1304 5253 1359 5300 et
1401 5245 1553 5314 quasi
1604 5259 1672 5298 ex
1711 5242 1856 5297 omni
1889 5242 2060 5295 latere

473 5354 674 5399 statum
705 5343 888 5404 habet,
927 5340 1018 5410 qui
1065 5353 1250 5393 casum
1283 5338 1336 5390 in
1385 5335 1627 5406 qualibet
1653 5329 2057 5402 permutatione

474 5453 581 5491 non
612 5437 792 5489 habet.
824 5420 985 5488 Certe
1014 5444 1134 5485 cum
1157 5427 1464 5482 Iudaeorum
1489 5425 1745 5496 populum
1783 5423 2054 5494 Propheta

475 5546 506 5580 ει
537 5526 642 5580 ﬁde
689 5523 868 5593 perire
895 5529 1269 5591 cognosceret,
1301 5526 1355 5572 et
1380 5525 1596 5571 sanctos
1626 5515 1900 5585 apostolos
1930 5531 2054 5570 sur.-

475 5627 603 5686 gere
637 5615 690 5667 in
724 5611 1018 5667 Ecclesiam
1059 5608 1392 5679 prmvidcrit,
1439 5621 1534 5675 per
1559 5621 1697 5674 quos
1721 5604 1873 5659 multi
1928 5614 2053 5659 sunt

473 5720 543 5760 ex
572 5713 819 5775 gentibus
858 5703 910 5757 in
955 5701 1076 5755 ﬁdei
1109 5710 1162 5755 et
1203 5699 1328 5752 vita:
1382 5696 1697 5750 fortitudine
1739 5695 1973 5758 solidati,
2005 5695 2056 5747 in

479 5811 666 5864 magna
695 5793 1058 5854 consolatione
1116 5789 1324 5841 Ioc-ntus
1359 5799 1461 5849 νηί,
1509 5787 1696 5839 dinem
1730 5805 1740 5837 τ
1774 5806 1792 5836 ς
1831 5785 2059 5855 Lapides

2162 4702 2391 4756 dicimus
2418 4714 2523 4753 non
2568 4712 2683 4760 eos,
2725 4696 2817 4764 qui
2862 4695 2915 4748 in
2948 4693 3116 4748 veteri
3144 4690 3340 4761 populo
3390 4689 3620 4752 fuerant,
3649 4690 3748 4755 sed

2160 4806 2275 4855 eos,
2333 4789 2426 4860 qui
2480 4789 2534 4841 in
2595 4796 2780 4841 sancta
2839 4783 3081 4839 Ecclesia
3134 4791 3254 4852 post
3304 4780 3577 4850 apostolos
3616 4788 3747 4835 sunt

2161 4879 2355 4934 exorti.
2395 4876 2689 4932 Posteriori
2741 4884 2954 4945 quoque
3002 4883 3242 4942 tempore
3269 4868 3411 4941 quod
3465 4885 3602 4924 nunc
3630 4879 3745 4932 est,

2164 4969 2327 5024 habet
2354 4965 2712 5036 evangelistas
2752 4974 2912 5033 atque
2942 4964 3211 5016 doctores.
3243 4961 3381 5028 Quia
3413 4976 3542 5015 vero
3567 4959 3747 5014 Evan-

2160 5059 2358 5129 gelium
2388 5057 2588 5110 bonum
2630 5055 2874 5109 nuntium
2904 5053 3121 5117 dicitur,
3151 5050 3514 5120 evangelistas
3559 5049 3748 5119 utique

2161 5149 2492 5218 appellamus
2510 5188 2524 5212 ,
2553 5147 2643 5216 qui
2673 5145 2894 5200 rudibus
2913 5143 3126 5213 populis
3142 5143 3280 5196 bona
3299 5141 3491 5210 putt-ire
3507 5138 3746 5194 cu‘lestis

2161 5239 2502 5295 annuntiant.
2520 5236 2620 5302 Qui
2647 5234 2898 5289 videlicet
2921 5232 3266 5300 cvangelistae
3283 5241 3449 5298 atque
3467 5231 3738 5290 doctores.

2160 5340 2214 5386 et
2236 5329 2400 5398 priori
2416 5327 2630 5396 quidem
2654 5335 2893 5394 tempore
2921 5322 3157 5386 fuerunt,
3175 5320 3266 5375 sed
3283 5335 3426 5373 nunc
3449 5331 3612 5388 usque
3630 5318 3741 5372 Do-

2164 5419 2311 5472 mino
2332 5416 2590 5485 largiente
2602 5421 2937 5483 permanent,
2955 5411 3080 5480 quia
3093 5408 3525 5478 adhuc-quotidie
3547 5415 3601 5461 et
3618 5407 3746 5462 inﬁ-

2164 5511 2312 5566 deles
2333 5508 2554 5580 populos
2577 5508 2641 5561 ad
2671 5507 2828 5561 ﬁdem
2845 5506 3008 5570 trahi,
3024 5513 3080 5560 ct
3103 5503 3286 5558 ﬁdeles
3314 5517 3552 5572 quosque
3572 5499 3630 5554 in
3645 5503 3743 5556 bo-

2164 5619 2262 5657 nos
2275 5615 2451 5656 mores
2465 5615 2558 5670 per
2579 5599 2826 5653 doctores
2852 5597 3051 5651 erudiri
3074 5595 3474 5667 cognoscimus.
3496 5593 3741 5664 Apostoli

2165 5706 2292 5746 vero
2321 5699 2374 5744 et
2399 5689 2674 5758 propheta:
2723 5685 2790 5741 ab
2819 5688 2920 5740 hoc
2951 5694 3192 5752 tempore
3238 5684 3491 5754 praesenti
3537 5679 3740 5735 sublati

2168 5792 2328 5837 sunt:
2380 5790 2536 5846 atque
2573 5777 2692 5829 ilco
2720 5775 2971 5838 ιΙίεἰιιιιι-ι,
3019 5773 3142 5842 quia
3172 5789 3388 5826 mensas
3437 5772 3528 5824 In:
3565 5781 3741 5838 ρης-ιλιι
