3950 6354
204 430 315 485 9‘35

1134 427 1489 484 COMMENT.
1530 429 1596 483 lN
1639 428 2090 486 EZECHIELEM.
2130 461 2200 471 —
2237 430 2363 485 LIB.
2408 431 2543 488 XVI.

3372 440 3478 494 935

202 551 428 605 nostrae,
456 540 508 595 id
546 549 650 605 est,
681 549 880 595 sancta:
906 540 1179 605 Ecclesizc,
1227 542 1380 609 quasi
1408 541 1461 594 in
1490 542 1595 596 alio
1626 541 1793 595 latere
1823 546 1869 603 Α
1899 541 1964 593 ad
1997 540 2361 595 testimonium
2400 542 2602 598 Paulus
2643 544 2902 599 occurrit.
2947 545 3237 604 Videamus
3275 566 3339 605 an
3370 553 3489 622 ejus

205 633 393 696 habet,
422 641 476 687 et
503 640 673 701 portte
698 647 817 701 quin
839 633 1013 703 pergit
1048 633 1114 687 ad
1138 632 1442 700 aquilonem
1476 632 1609 687 duas
1647 648 1796 685 mea-

206 739 301 779 sas
330 724 458 778 hinc
488 732 545 777 et
570 724 704 778 duas
730 724 875 787 inde,
906 723 1123 777 eosdem
1154 738 1292 792 quos
1317 722 1549 777 diximus
1592 721 1798 791 princi—

204 833 309 889 [es
333 815 674 873 sacerdotum
700 826 755 871 et
804 816 1047 870 seniores
1080 814 1260 885 populi
1302 814 1355 867 in
1393 814 1584 883 majori
1611 821 1798 867 aucto-

207 909 371 963 ritate
414 907 691 977 regiminis
732 924 742 958 :
774 906 982 960 scribas
1009 920 1222 974 quoque
1255 912 1310 957 et
1340 904 1663 967 Pharisaaos,
1705 902 1795 970 qui

211 998 334 1052 rudi
351 996 421 1050 illi
438 996 635 1065 populo
648 996 841 1050 minori
857 995 974 1050 loco
993 994 1343 1064 praefuerunt.
1365 992 1469 1047 Sed
1493 995 1574 1048 [ιω
1599 1008 1799 1047 mensa:

201 1085 362 1157 juxta
387 1095 600 1157 portam
639 1094 785 1149 sunt,
816 1102 936 1154 qua:
988 1086 1051 1140 ad
1099 1084 1405 1154 aquilonem
1438 1083 1632 1153 pergit.
1672 1082 1799 1152 quia

208 1194 339 1233 cum
365 1186 598 1247 quatuor
622 1177 709 1231 isti
737 1176 957 1231 ordines
979 1175 1174 1245 populo
1194 1182 1509 1244 pnecssent,
1528 1189 1799 1245 synagoga

211 1267 273 1323 in
331 1268 708 1338 persecutione
772 1267 1127 1335 redemptoris
1186 1265 1360 1320 nostri
1420 1266 1676 1328 szevieas,
1734 1264 1801 1318 ad

210 1367 488 1427 torporem
515 1357 754 1428 perfidia:
789 1357 1052 1427 prorupit.
1082 1356 1212 1422 Quae
1242 1364 1424 1411 tamen
1471 1368 1671 1409 mensa:
1700 1354 1802 1408 ha-

210 1450 452 1505 buerunt
496 1448 847 1513 sacrificium,
886 1450 1027 1517 quod
1051 1447 1209 1516 juxta
1234 1446 1405 1501 solam
1452 1445 1687 1500 litteram
1719 1454 1800 1499 te-

214 1549 455 1595 nnerunt
485 1559 497 1594 :
548 1542 691 1595 unde
716 1549 773 1595 ct
802 1542 867 1594 ad
897 1550 1170 1609 torporem
1201 1539 1421 1609 frigoris
1460 1538 1623 1608 lapsae
1654 1547 1797 1600 sunt,

211 1632 343 1701 quia
386 1630 599 1684 flamma
628 1631 851 1699 spiritus
882 1644 1156 1685 succensae
1193 1644 1298 1682 non
1347 1637 1490 1683 sunt.
1522 1627 1807 1682 lnterioris

214 1734 400 1779 autem
435 1740 634 1779 mensa:
660 1723 1037 1778 holicaustum
1062 1723 1284 1785 habent,
1323 1721 1447 1790 quia
1472 1720 1586 1776 sive
1610 1720 1661 1774 in
1685 1737 1805 1777 cor-

213 1814 377 1869 dibus
399 1813 770 1885 apostolorum
797 1823 962 1883 atque
980 1814 1392 1882 prophetarum,
1415 1827 1509 1867 seu
1540 1811 1593 1866 in
1619 1820 1801 1865 mente

211 1906 672 1978 evangelistarum
734 1915 898 1976 atque
959 1906 1241 1961 doctorum
1292 1904 1435 1974 ignis
1486 1904 1709 1974 spiritus
1746 1912 1802 1958 et
1833 1885 1877 1944 Β

214 1999 355 2055 arsit
383 2008 440 2054 et
477 1999 648 2062 ardet,
679 1998 899 2067 qui-pro
927 2010 993 2053 eo
1027 1996 1173 2067 quod
1214 2010 1431 2051 omnem
1466 2010 1654 2050 eorum
1705 2009 1800 2049 co-

214 2089 534 2160 gitationem
567 2088 621 2142 in
650 2088 791 2142 bono
842 2102 1006 2157 opere
1055 2087 1294 2142 absumit
1334 2085 1550 2141 flamina
1599 2086 1806 2141 amoris

216 2178 340 2243 Dei,
383 2177 535 2247 quasi
568 2178 941 2232 holocaustum
974 2186 1145 2231 totum
1184 2174 1368 2241 simul,
1415 2175 1557 2246 quod
1602 2176 1807 2230 invenit

217 2270 481 2325 i..cendit.
528 2268 910 2324 Holocaustum
950 2264 1395 2332 enim'oﬁ‘erunt,
1451 2267 1541 2335 qui
1590 2266 1704 2320 sive
1751 2265 1805 2319 in

215 2359 364 2415 bono
418 2374 582 2430 opere
631 2374 725 2413 seu
772 2359 847 2426 in‘
880 2366 1069 2414 sancta
1121 2356 1450 2427 cogitatione
1499 2355 1807 2411 medullitus

219 2452 617 2508 accenduntur.
646 2450 845 2505 Mensa:
877 2464 1008 2505 vero
1047 2449 1133 2504 ha:
1158 2464 1225 2503 ex
1268 2449 1493 2519 quadris
1542 2447 1809 2517 lapidibus

218 2544 383 2600 facta:
417 2551 581 2598 sunt:
622 2543 748 2612 quia
779 2540 908 2596 dum
940 2539 1182 2610 quotidie
1211 2540 1354 2595 sacri
1383 2538 1584 2607 eloquii
1622 2538 1675 2592 in
1699 2538 1812 2593 suis

218 2633 479 2689 cordibus
507 2631 668 2686 verba
700 2630 1061 2695 meditantur,
1108 2629 1175 2683 ad
1219 2626 1553 2683 oll‘erendum
1582 2627 1811 2682 Domino

215 2727 384 2781 verba
410 2724 671 2778 orationis
715 2722 1109 2785 holocaustum,
1137 2720 1293 2790 quasi
1322 2732 1388 2773 ex
1423 2719 1707 2790 quadratis
1733 2720 1812 2774 la-

216 2817 437 2891 pidibus
461 2813 815 2873 confcruntur
849 2831 863 2868 :
898 2812 1062 2868 verba
1091 2812 1293 2867 etenim
1317 2809 1617 2881 Scriptura:
1641 2826 1813 2868 sacra:

218 2908 428 2980 lapides
449 2898 638 2977 quadri
668 2912 816 2969 sunt,
846 2904 973 2974 quia
989 2904 1190 2974 ubique
1219 2909 1386 2965 stant,
1418 2916 1540 2972 qua:
1565 2917 1633 2957 ex
1662 2901 1813 2956 nullo

218 3000 393 3056 latere
417 2995 857 3068 reprehensibilia
882 2994 1249 3049 inveniuntur.
1269 2991 1405 3046 Nam
1428 2992 1481 3046 in
1497 3006 1658 3047 omne
1670 2991 1811 3060 quod

218 3089 554 3162 pneteritum
581 3093 822 3151 narrant,
850 3086 904 3138 in
927 3098 1086 3139 omne
1110 3083 1254 3152 quod
1281 3089 1566 3136 venturum
1600 3096 1813 3134 annun-

220 3185 381 3245 tiant,
428 3181 480 3235 in
514 3195 673 3244 omne
706 3179 848 3249 quod
886 3177 1166 3232 moraliter
1196 3175 1520 3245 praedicant,
1573 3174 1626 3228 in
1651 3187 1814 3227 omne

220 3273 365 3343 quod
395 3271 713 3342 spiritaliter
740 3278 956 3333 sonant,
1004 3270 1155 3339 quasi
1179 3269 1232 3323 in
1261 3269 1476 3324 diverso
1512 3268 1683 3323 latere
1702 3274 1815 3321 sta-

222 3375 338 3419 tum
355 3365 579 3429 habent,
608 3364 734 3432 quia
759 3361 1236 3432 reprehensionem
1264 3377 1369 3416 non
1394 3361 1614 3415 habent.
1634 3360 1810 3418 Corda

220 3460 406 3529 itaque
433 3448 741 3513 sanctorum
788 3470 988 3509 mensze
1018 3454 1111 3508 Dei
1136 3462 1283 3517 sunt,
1323 3453 1391 3507 ad
1424 3452 1808 3507 holocaustum

223 3564 294 3604 ex
337 3548 561 3618 quadris
598 3545 867 3616 lapidibus
915 3553 1243 3599 exstructa:
1286 3544 1413 3612 quia
1456 3544 1551 3613 qui
1598 3557 1813 3614 semper

221 3637 319 3694 Dei
376 3626 645 3708 cogitant,
698 3636 1021 3704 semetipsos
1075 3634 1306 3688 Domino
1355 3649 1387 3687 a
1442 3634 1649 3690 carnali
1698 3636 1809 3689 vita

221 3728 278 3783 in
312 3727 638 3797 cogitatione
685 3733 943 3780 nmetant.
973 3724 1123 3780 Unde
1160 3724 1421 3793 scriptum
1457 3732 1542 3779 est
1579 3742 1593 3778 :
1634 3743 1654 3775 ι
1700 3723 1809 3779 Lex

222 3819 321 3874 Dei
367 3818 486 3887 ejus
528 3818 581 3872 in
634 3818 797 3873 corde
851 3817 1057 3886 ipsius,
1118 3823 1171 3870 et
1221 3830 1328 3870 non
1389 3816 1813 3886 supplantabun-

225 3918 313 3963 tur
376 3922 593 3979 gressus
638 3906 753 3975 ejus
797 3904 980 3977 (Psal.
1032 3904 1254 3978 xxxvr).
1307 3924 1325 3956 ι
1380 3905 1447 3960 Et
1487 3906 1628 3961 unde
1676 3906 1813 3961 scri-

223 4007 376 4069 ptum
414 3998 646 4052 dicitur:
681 4016 699 4048 ι
734 3995 790 4049 1η
840 3996 1002 4051 corde
1032 4009 1151 4050 meo
1180 3994 1441 4049 abscondi
1470 3994 1683 4063 eloquia
1715 4004 1809 4050 tua

227 4101 287 4146 ut
341 4106 447 4145 non
494 4105 776 4159 peccarem
811 4089 906 4144 tibi
946 4087 1121 4161 (Paul.
1151 4088 1362 4159 cxvm).
1394 4108 1413 4141 ι
1460 4087 1568 4145 Sed
1612 4104 1815 4144 mensa:

226 4184 313 4237 bne
359 4182 501 4235 unde
551 4182 659 4236 sint
697 4189 1023 4236 constructae
1072 4179 1412 4249 agnovimus,
1448 4180 1612 4235 etiam
1652 4178 1816 4248 cujus

228 4288 500 4328 mensula:
525 4274 632 4327 sint
658 4273 961 4327 audiamus.
993 4269 1285 4340 Sequitur:

304 4383 322 4413 ι
358 4362 711 4433 Longitudinc
750 4362 906 4415 unius
944 4362 1107 4415 cubiti
1149 4370 1203 4415 et
1246 4360 1484 4425 dimidii,
1532 4360 1816 4417 latitudine

235 4472 255 4505 ι
286 4453 444 4507 unius
471 4452 636 4506 cubiti
667 4460 721 4505 et
747 4451 984 4515 dimidii,
1009 4460 1064 4506 et
1086 4451 1369 4506 altitudine
1399 4451 1563 4506 cubiti
1587 4453 1763 4508 unius.
1788 4473 1807 4506 ι

1897 634 2004 687 vita
2033 634 2214 688 cubito
2247 634 2457 705 integro
2479 650 2841 691 mensuretur.
2874 639 3012 692 Dicit
3043 649 3247 707 autem,
3276 661 3294 693 ι
3316 644 3488 710 Quot-

1898 733 2028 791 quot
2070 723 2297 793 perfecti
2338 741 2555 791 sumns,
2590 727 2693 781 hoc
2737 730 3007 797 sapiamus
3049 730 3274 803 (Philip.
3317 735 3420 807 in).
3464 755 3484 788 ›

1898 813 2190 869 Videamus
2212 816 2256 870 si
2286 816 2339 869 in
2372 817 2491 882 his,
2522 833 2643 886 qua:
2679 819 2747 873 de
2789 822 2899 876 Deo
2937 824 3132 889 sentit,
3168 822 3281 891 jam
3317 828 3494 895 perci-

1899 905 2091 973 pienda
2124 906 2383 976 mysteria
2412 907 2652 977 perfecte
2682 912 2986 966 tetenderit.
3012 912 3113 980 Qui
3138 911 3299 970 dixit:
3331 937 3347 967 ‹
3379 918 3492 987 Ego

1901 1008 2109 1049 menon
2134 996 2371 1049 arbitror
2393 999 2868 1065 comprehendisse
2891 1000 3110 1074 (Ibid);
3141 1023 3157 1054 ι
3191 1006 3281 1074 qui
3306 1020 3495 1060 rursus

1900 1085 2007 1139 ait:
2041 1103 2059 1135 ι
2098 1086 2177 1139 Ex
2215 1096 2372 1155 parte
2408 1088 2806 1157 cognoscimus,
2839 1100 2893 1143 et
2919 1106 2982 1145 ex
3024 1102 3176 1161 parte
3204 1096 3495 1163 propheta-

1902 1193 2023 1233 mus
2048 1196 2060 1231 :
2089 1192 2215 1231 cum
2241 1187 2419 1232 autem
2448 1181 2681 1244 venerit,
2712 1182 2854 1249 quod
2887 1181 3182 1250 perfectum
3214 1194 3298 1239 est
3316 1225 3331 1248 ,
3360 1201 3488 1240 eva-

1902 1274 2150 1330 cuabitur
2172 1272 2313 1343 quod
2340 1290 2406 1330 ex
2430 1278 2585 1343 parte
2610 1284 2694 1330 cst
2717 1275 2765 1345 (I
2793 1275 2917 1329 Cor.
2940 1276 3083 1347 xm).
3117 1298 3135 1329 ι
3165 1277 3267 1345 Qui
3296 1280 3490 1333 iterum

1902 1365 2069 1420 dicit:
2118 1384 2137 1415 ‹
2183 1364 2339 1419 Nunc
2363 1379 2629 1436 cognosco
2671 1380 2734 1419 ex
2775 1378 2963 1436 parte,
3013 1376 3141 1422 tunc
3185 1377 3361 1422 autem
3402 1384 3497 1423 co-

1902 1470 2159 1526 gnoscam
2190 1454 2333 1510 sicut
2359 1463 2409 1509 et
2434 1455 2684 1522 cognitus
2707 1472 2822 1509 sum
2847 1456 3059 1528 (lbid.).
3092 1479 3110 1509 ι
3140 1457 3194 1512 Si
3220 1474 3352 1529 ergo
3377 1474 3496 1529 pcr-

1903 1545 2077 1602 fectus
2093 1532 2351 1612 est,etex
2377 1554 2530 1616 parte
2552 1548 2850 1617 cognoscit,
2869 1550 3107 1604 cubitum
3133 1551 3314 1615 habet,
3333 1568 3497 1620 quan-

1904 1643 2018 1689 tum
2041 1635 2109 1689 ad
2135 1649 2214 1697 se,
2249 1634 2349 1689 sed
2369 1643 2549 1690 tamen
2576 1635 2857 1690 dimidium
2895 1653 3058 1707 super
3081 1654 3158 1694 se.
3187 1638 3498 1695 Tendantur

1903 1741 2032 1796 ergo
2061 1726 2113 1780 in
2147 1726 2613 1796 longanimitatem
2650 1730 2763 1796 spei
2805 1728 2965 1782 cbrda
2997 1737 3307 1784 sanctorum
3329 1772 3343 1795 ,
3384 1740 3498 1785 ten-

1905 1818 2102 1872 dantur
2126 1817 2181 1870 in
2216 1816 2571 1886 perfectione,
2598 1832 2757 1885 quam
2796 1819 2997 1873 habent
3033 1820 3215 1875 cubito
3244 1837 3371 1886 uno,
3405 1822 3499 1875 sed

1905 1908 2029 1978 quia
2095 1907 2273 1961 adhuc
2324 1907 2483 1977 plene
2535 1908 2721 1964 videre
2769 1925 2873 1964 non
2927 1922 3189 1980 possunt,
3240 1912 3331 1966 ubi
3386 1912 3500 1981 spei

1906 1997 2119 2053 oculum
2150 1996 2390 2061 mittunt,
2433 1997 2537 2051 hoc
2565 1996 2706 2068 quod
2744 2014 2905 2068 super
2929 2016 3093 2054 unum
3127 2001 3367 2056 cubitum
3404 2004 3500 2056 ha-

1905 2086 2053 2152 bent,
2068 2088 2121 2141 iu
2145 2086 2367 2142 dimidio
2383 2088 2567 2142 cubito
2583 2088 2885 2143 recidetur:
2910 2099 3179 2159 quatenus
3203 2091 3254 2144 in
3270 2091 3370 2147 bac
3393 2092 3503 2147 vita

1908 2195 2120 2250 semper
2142 2194 2201 2235 se
2227 2178 2575 2248 imperfectos
2601 2180 2890 2250 aspiciant,
2905 2191 2962 2236 et
2981 2182 3260 2238 ardentius
3288 2184 3353 2237 ad
3376 2198 3504 2254 per-

1907 2268 2196 2325 fectionem
2240 2277 2483 2323 currant.
2528 2267 2745 2325 Habent
2777 2284 2989 2340 quoque
3030 2288 3227 2327 mensa:
3268 2273 3507 2328 latitudi-

1909 2373 2034 2412 nem
2064 2358 2230 2413 cubiti
2260 2358 2419 2413 unius
2445 2365 2497 2412 ct
2536 2358 2780 2424 dimidii,
2828 2361 2955 2428 quia
2996 2363 3309 2415 sanctorum
3342 2364 3504 2416 corda

1913 2450 1966 2505 in
2015 2450 2303 2506 charitatis
2344 2450 2699 2521 amplitudine
2742 2452 2959 2507 dilatata
3000 2451 3156 2521 juxta
3200 2455 3506 2523 proximum

1911 2557 2072 2611 quem
2106 2542 2335 2612 diligunt
2377 2550 2434 2597 et
2476 2544 2689 2607 vident,
2729 2543 2929 2598 habent
2962 2545 3244 2599 cubitum:
3284 2555 3509 2614 possunt

1912 2634 2055 2689 enim
2092 2632 2333 2703 perfecte
2372 2634 2635 2705 diligere,
2679 2650 2818 2703 quos
2854 2634 3094 2705 perfecte
3132 2636 3314 2689 valent
3348 2635 3506 2705 juxta

1914 2724 2116 2795 aliquid
2143 2724 2305 2780 seire.
2340 2723 2779 2794 Omnipotentem
2820 2740 2950 2780 vero
2984 2726 3151 2779 Deum
3194 2725 3507 2781 medullitus

1914 2815 2172 2887 diligunt,
2219 2813 2530 2869 medullitus
2572 2822 2905 2884 sequuntur,
2938 2815 3032 2869 sed
3079 2824 3257 2869 tamen
3295 2824 3505 2869 tantum

1915 2905 2137 2977 diligere
2166 2921 2271 2959 non
2301 2913 2557 2974 possunt,
2590 2913 2850 2974 quantum
2890 2905 3124 2960 debent:
3165 2906 3291 2975 quia
3327 2906 3507 2960 adhuc

1916 3014 2024 3053 non
2050 2997 2233 3053 valent
2262 2997 2443 3051 videre
2465 3011 2625 3067 quem
2655 2996 2904 3067 diligunt,
2930 3006 2985 3051 et
3021 3012 3274 3052 mensura
3304 2998 3507 3051 amoris

1916 3094 2093 3148 minor
2113 3092 2325 3151 est.ubi
2354 3092 2531 3147 adhuc
2559 3106 2813 3146 mensura
2849 3091 3028 3145 minor
3057 3101 3142 3147 est
3170 3092 3507 3162 cognitionis.

1920 3183 2100 3253 Super
2122 3198 2286 3235 unum
2308 3195 2438 3252 ergo
2470 3181 2712 3236 cubitum
2740 3182 2939 3235 habent
2964 3190 3019 3235 et
3046 3181 3355 3234 dimidium:
3383 3181 3510 3251 quia

1918 3275 2020 3329 hoc
2048 3275 2129 3329 eis
2150 3271 2265 3341 jam
2296 3272 2350 3326 in
2373 3287 2561 3327 amore
2599 3272 2867 3341 integrum
2894 3280 2999 3335 est,
3041 3271 3183 3338 quod
3216 3272 3371 3325 valde
3403 3271 3507 3325 mi-

1913 3377 2016 3416 nus
2027 3370 2128 3426 est,
2148 3361 2201 3415 id
2214 3370 2318 3425 est,
2345 3359 2493 3415 ehari
2502 3369 2583 3414 tas
2600 3374 2721 3413 cum
2735 3358 2999 3429 proximo,
3016 3368 3178 3427 atque
3204 3359 3330 3413 illud
3355 3360 3407 3413 iu
3430 3360 3511 3415 eis

1912 3454 2056 3523 quod
2078 3452 2234 3507 vaide
2258 3452 2434 3522 majus
2458 3461 2557 3516 est,
2585 3452 2637 3507 id
2666 3460 2752 3507 est
2781 3466 2935 3506 amor
2967 3451 3081 3515 Dei,
3109 3465 3267 3519 quem
3300 3467 3403 3504 non
3433 3452 3511 3504 vi-

1912 3542 2060 3605 dent,
2086 3542 2262 3596 adhuc
2288 3541 2554 3611 integrum
2576 3557 2681 3595 non
2704 3550 2807 3595 est.
2821 3540 3061 3595 Altitudo
3076 3556 3202 3596 vero
3235 3556 3510 3595 mensura-

1912 3648 2033 3687 rum
2047 3643 2126 3687 est
2143 3631 2309 3687 cubiti
2334 3632 2512 3686 unius.
2531 3632 2662 3698 Qutc
2682 3640 2767 3688 est
2785 3632 2927 3686 enim
2948 3631 3175 3685 altitudo
3195 3643 3509 3687 sanctorum

1912 3724 2017 3779 nisi
2044 3724 2427 3780 invisibilium?
2453 3724 2557 3779 Per
2583 3724 2739 3777 fidem
2778 3726 2920 3778 enim
2944 3724 3203 3789 creditur,
3232 3727 3373 3795 quod
3401 3742 3509 3781 non

1911 3815 2142 3869 videtur.
2165 3815 2343 3881 Atque
2366 3813 2484 3868 ideo
2505 3828 2603 3883 per
2623 3812 3048 3881 hancjustorum
3074 3830 3226 3870 mens
3241 3816 3306 3869 ad
3326 3816 3509 3870 altitu-

1911 3902 2089 3957 dinem
2121 3902 2371 3965 ducitur,
2403 3911 2460 3956 ut
2485 3912 2678 3957 cuncta
2716 3903 2951 3957 visibilia
2976 3904 3239 3973 despiciat
3262 3905 3313 3959 in
3338 3915 3511 3971 terra,

1911 4000 1967 4046 et
2008 4007 2073 4047 ea
2115 4008 2238 4061 qua:
2279 3993 2431 4046 audit
2469 3993 2759 4047 invisibilia
2796 4006 3057 4064 sequatur
3098 3996 3152 4049 in
3192 3996 3351 4051 ctelo.
3400 3997 3508 4053 Sed

1912 4100 2080 4140 unum
2104 4084 2343 4139 cubitum
2370 4085 2532 4139 habet
2553 4084 2780 4139 altitudo
2812 4099 3210 4149 mensurarum,
3238 4086 3361 4156 quia
3390 4089 3508 4141 uni~

1915 4182 1998 4231 tas
2018 4184 2101 4230 est
2116 4174 2247 4230 fidei
2270 4175 2323 4229 in
2345 4176 2509 4229 cerde
2524 4174 2768 4229 omnium
2790 4186 3123 4230 sanctorum.
3149 4176 3321 4231 Unum
3343 4178 3507 4231 Deum

1912 4278 2034 4319 esse
2060 4264 2421 4328 Trinitatem,
2465 4272 2523 4318 et
2566 4263 2758 4318 Patres
2798 4265 3127 4320 Testamenti
3174 4266 3414 4332 Veteris,
3451 4276 3506 4321 et

1912 4358 2293 4427 pnedicatores
2313 4356 2538 4426 professi
2568 4366 2695 4412 sunt
2719 4356 3050 4413 Testameuti
3081 4358 3237 4413 Novi.
3261 4358 3502 4413 Altitudo

1913 4451 2094 4518 itaque
2116 4464 2491 4504 mensurarum
2516 4449 2591 4502 nil
2620 4465 2725 4504 uno
2757 4450 2938 4504 cubito
2966 4450 3196 4519 amplius
3218 4451 3403 4513 habet,
3431 4452 3503 4505 nil

232 4541 385 4612 S:cpe
412 4550 590 4595 autem
623 4541 857 4595 diximus
896 4540 1286 4611 longitudinem
1330 4541 1397 4595 ad
1438 4540 1811 4610 longanimita-
1842 4579 1894 4637 Β
1920 4539 2099 4591 minus
2127 4555 2140 4590 :
2168 4538 2367 4606 quia'in
2388 4553 2579 4608 magna
2604 4536 2705 4591 sibi
2726 4538 2931 4592 unitate
2952 4539 3244 4593 concordat
3264 4540 3503 4594 omnium

232 4644 339 4688 tein
361 4631 496 4699 spei.
513 4630 846 4683 latitudinem
865 4644 992 4683 vero
1013 4628 1080 4683 ad
1105 4618 1389 4683 charitatis
1410 4629 1816 4699 amplitudinem

228 4718 521 4792 pertinere.
549 4717 746 4771 Mensae
766 4732 915 4786 ergo,
940 4733 1060 4786 qua:
1084 4716 1149 4770 ad
1182 4718 1551 4773 holocaustum
1577 4727 1818 4773 constru-

229 4821 333 4865 cta:
363 4816 507 4871 sunt,
538 4807 870 4877 longitudine
900 4807 1063 4860 cubiti
1089 4806 1249 4860 unius
1273 4814 1328 4860 et
1351 4807 1559 4861 dimidii
1586 4808 1818 4861 metiun-

230 4912 321 4952 tur
349 4913 363 4951 :
400 4898 525 4967 quia
555 4904 723 4951 sancti
755 4896 942 4951 Patres
976 4906 1137 4964 atque
1170 4897 1420 4951 doctores
1440 4937 1455 4961 ,
1496 4897 1586 4966 qui
1617 4912 1675 4952 se
1700 4896 1820 4952 lon-

231 4989 521 5059 ganimiter
540 4989 605 5042 ad
634 4996 841 5041 secreta
868 4988 979 5056 spei
1010 4986 1213 5041 intimm
1239 4987 1557 5051 extendunt,
1590 5003 1689 5057 per
1714 4988 1817 5042 hoc

233 5080 374 5149 quod
422 5079 477 5132 in
512 5078 803 5132 virtuti'us
846 5079 1064 5141 vivunt,
1107 5088 1368 5146 quantum
1416 5079 1482 5133 ad
1524 5080 1815 5133 humanam

234 5170 451 5239 quidem
498 5185 807 5224 mensuram
859 5171 1123 5238 pertinet,
1168 5169 1321 5223 valde
1369 5170 1593 5239 perfecti
1652 5180 1812 5227 sunt:

234 5269 494 5329 quantum
526 5276 655 5315 vero
677 5261 744 5314 ad
767 5260 943 5313 divina
981 5261 1067 5313 illa
1103 5261 1379 5330 mysteria,
1421 5276 1539 5329 qtae
1564 5262 1720 5331 plene
1745 5263 1811 5315 ab

235 5350 453 5405 homine
484 5352 600 5419 capi
644 5366 748 5404 non
781 5358 1035 5420 possunt,
1087 5350 1321 5419 quandiu
1367 5350 1419 5402 in
1460 5353 1559 5406 hac
1600 5352 1812 5406 mortali

235 5455 402 5494 carne
441 5441 768 5504 subsistunt,
808 5439 1031 5509 perfecti
1073 5456 1179 5493 non
1223 5449 1364 5494 sunt.
1411 5441 1465 5494 ln
1511 5443 1813 5511 semetipsis

233 5544 364 5600 ergo
380 5526 493 5597 jam
519 5533 757 5585 cubitum
790 5533 1007 5595 habent,
1037 5532 1088 5585 in
1117 5533 1223 5586 Deo
1253 5542 1433 5587 autem
1461 5534 1635 5588 adhuc
1664 5536 1814 5589 cubi-

236 5627 349 5675 tum
396 5634 503 5674 non
547 5620 785 5676 habent:
836 5622 961 5692 quia
1004 5622 1115 5691 jam
1161 5624 1379 5691 quidem
1424 5624 1478 5677 in
1524 5622 1814 5676 virtutibus

235 5708 393 5779 plene
417 5711 723 5780 proficiunt,
757 5713 848 5767 sed
881 5723 1056 5766 tamen
1090 5712 1289 5781 aliquid
1321 5714 1385 5767 de
1417 5714 1524 5766 Deo
1554 5713 1725 5767 adlmc
1747 5728 1814 5767 ex

244 5808 394 5868 parte
437 5812 783 5869 cognoscunt.
824 5802 959 5857 Ecce
1003 5802 1195 5857 iterum
1230 5802 1281 5856 in
1326 5818 1573 5857 mensura
1616 5818 1814 5856 mensic

1923 4626 2055 4681 fides
2081 4626 2322 4680 Patrum.
2352 4627 2456 4681 Sed
2493 4628 2545 4682 bi
2581 4629 2669 4696 qui
2702 4626 2811 4695 jam
2854 4628 2905 4681 in
2946 4628 3353 4705 longanimitate
3387 4629 3503 4698 spei

1923 4717 2149 4771 sununis
2176 4715 2465 4770 virtutibus
2494 4712 2867 4785 proficientes.
2911 4733 3076 4770 unum
3126 4726 3179 4771 et
3224 4718 3501 4772 dimidium

1922 4808 2162 4863 cubitum
2211 4807 2448 4871 habent,
2492 4817 2655 4875 atque
2692 4808 2745 4860 in
2772 4808 3057 4863 latitudine
3085 4807 3363 4862 charitalis
3397 4824 3504 4863 uno

1923 4912 1987 4951 ac
2010 4896 2235 4950 dimidio
2266 4897 2449 4951 cubito
2475 4897 2773 4951 metiuntur
2787 4898 2888 4951 riu
2918 4897 3201 4952 altitudine
3227 4913 3355 4951 vero
3379 4898 3501 4952 fidei

1918 5003 2029 5042 uno
2053 4988 2237 5042 cubito
2263 4997 2609 5051 excrescunt,
2642 4987 2821 5057 magni
2855 4996 2981 5040 sunt
3003 4996 3057 5041 et
3081 5002 3289 5041 summa
3324 4988 3499 5041 admi-

1923 5078 2134 5131 ratione
2162 5078 2474 5131 vcnerandi.
2516 5076 2726 5132 Debent
2758 5092 2889 5146 ergo
2918 5076 3263 5145 parvulorum
3291 5078 3500 5130 animas

1919 5170 1971 5223 in
2004 5170 2123 5223 sinu
2166 5184 2276 5222 sua:
2305 5169 2732 5223 conversationis
2774 5167 3051 5242 suscipere
3096 5176 3259 5234 atque
3306 5181 3398 5220 eas
3445 5167 3497 5219 in

1918 5270 2211 5328 conspectu
2251 5260 2459 5314 Domini
2509 5259 2654 5313 velut
2689 5259 2959 5327 quoddam
3012 5258 3377 5313 holocauStum
3436 5273 3499 5312 ac

1920 5352 2247 5405 sacriﬁcium
2278 5350 2496 5405 offerre.
2533 5350 2686 5406 Unde
2714 5359 2838 5419 apte
2862 5351 3143 5417 sequitur:

1995 5460 2013 5490 ‹
2052 5439 2227 5509 Super
2258 5457 2395 5509 quas
2435 5450 2640 5509 ponunt
2680 5457 2807 5496 vasa
2856 5443 2908 5495 in
2956 5442 3151 5509 quibus
3188 5442 3499 5496 immolatur

1926 5548 1944 5581 ι
1983 5532 2353 5588 holocaustum
2387 5542 2442 5588 et
2478 5533 2719 5587 victima.
2758 5552 2779 5585 ›
2809 5532 2947 5598 Quid
2978 5533 3123 5587 enim
3157 5533 3496 5587 suntauiina:

1920 5622 2155 5676 fidelium
2190 5624 2290 5677 nisi
2334 5640 2459 5677 vasa
2502 5635 2721 5691 sancta,
2755 5640 2874 5695 qum
2909 5628 3130 5679 verbum
3168 5626 3379 5694 pietatis
3403 5640 3496 5678 ca-

1919 5712 2092 5781 piunt,
2112 5722 2171 5765 ut
2196 5729 2469 5772 exeorum
2497 5716 2766 5769 mentibus
2798 5716 3169 5771 holocaustum
3190 5718 3310 5772 vitae
3336 5725 3494 5783 atque

1920 5802 2181 5856 orationis
2211 5804 2559 5858 immoictur?
2588 5804 2722 5860 llinc
2756 5816 2835 5859 est
2865 5808 3063 5861 ctenim
3086 5849 3098 5873 ,
3128 5806 3271 5876 quod
3298 5805 3493 5861 Paulus
