3950 6332
511 368 617 426 955

1149 369 1212 423 Β.
1251 371 1506 427 RABANI
1546 373 1765 430 MAURI
1807 372 2125 430 ARCIIIEP.
2166 373 2479 431 MOGUNT.
2523 374 2807 431 OPERUM
2846 378 3024 436 PARS
3067 379 3129 433 11.

3690 378 3798 433 9ἒ36

512 487 825 543 cumadhuc
846 487 995 540 rudis
1014 496 1156 542 esset
1179 489 1229 542 in
1250 488 1370 542 ﬁdei
1394 490 1694 553 vocatione,
1714 490 1835 557 quia
1856 489 1970 558 jam
2000 488 2103 542 Do—
2132 493 2176 547 Α
2202 485 2465 556 judicium
2496 496 2551 541 et
2588 490 3015 544 misericordiam
3058 500 3112 544 et
3163 492 3343 546 ﬁdezn.
3390 493 3516 547 [hcc
3555 495 3797 561 oportuit

512 578 645 631 mini
672 577 832 632 verba
864 589 1199 648 perceperat,
1228 588 1281 632 et
1302 580 1506 634 caelesti
1530 582 1700 649 gratia
1725 581 1913 647 plenus
1948 589 2095 645 erat,

515 683 610 721 vas
642 668 959 738 appellatur,
986 684 1107 722 eum
1136 670 1353 735 dicitur,
1381 686 1475 725 vas
1500 672 1783 724 electionis
1822 672 1952 723 mihi
1991 680 2093 725 est.

517 757 652 813 Hinc
679 769 922 827 pastores
948 769 1113 829 atque
1151 762 1401 817 doctores
1432 762 1697 831 Pr0pheta
1730 762 1987 816 admonet
2014 763 2097 816 di-

515 866 674 903 cens:
701 870 717 899 ι
745 848 1070 904 Mundamini
1097 852 1186 921 qui
1213 852 1363 906 fertis
1383 868 1506 906 vasa
1535 852 1741 904 Domini
1768 851 1899 921 (lsa.
1921 842 2048 923 Lnj;
2077 873 2093 903 ι

517 939 615 1008 ipsi
640 941 861 1003 etenim,
896 942 1049 1009 quasi
1083 957 1280 995 mensae
1321 943 1527 995 Domini
1560 957 1686 995 vasa
1719 951 1965 1009 portant,
2008 944 2099 1011 qui

516 1032 678 1084 vitam
704 1032 937 1085 ﬁdelium
963 1034 1254 1089 erudiendo
1278 1035 1527 1097 tolerant,
1546 1033 1939 1103 utquandoque
1962 1035 2101 1088 hanc

518 1122 744 1174 Domino
786 1122 849 1174 ad
895 1124 1267 1177 holocaustum
1316 1135 1368 1177 et
1410 1125 1734 1179 sacriﬁcium
1780 1127 2097 1196 perducant.

516 1210 621 1263 Sed
653 1226 826 1280 neque
872 1214 974 1266 hoc
1019 1214 1352 1285 negligenter
1390 1216 1703 1269 intuendum
1745 1228 1843 1279 est,
1877 1219 2017 1286 quod
2048 1220 2101 1272 in

514 1301 718 1353 eisdem
748 1301 914 1365 vasis,
945 1302 1321 1357 holocaustum
1353 1314 1409 1358 et
1435 1306 1652 1359 victima
1683 1308 1881 1361 dicitur
1911 1312 2103 1362 inuno-

516 1390 636 1443 lari.
670 1390 1049 1446 llolocaustum
1088 1394 1253 1458 enim,
1287 1395 1429 1449 sicut
1464 1396 1711 1464 superius
1735 1396 1992 1459 diximus,
2025 1397 2102 1449 vi-

513 1484 676 1537 ctima
705 1490 809 1537 est.
856 1483 972 1538 Non
1005 1494 1185 1539 tamen
1208 1487 1426 1540 victima
1461 1503 1675 1557 semper
1706 1489 2098 1555 holocaustum,

514 1574 639 1641 quia
665 1590 790 1628 cum
816 1576 943 1645 quid
967 1591 1033 1629 ex
1065 1587 1219 1646 parte
1245 1578 1501 1641 otl‘ertur,
1535 1595 1599 1631 ex
1632 1590 1786 1649 parte
1816 1583 2097 1646 retinetur,

513 1664 840 1718 sacrificium
884 1666 1101 1735 quidem
1146 1676 1249 1731 est,
1296 1669 1389 1721 sed
1433 1668 1806 1724 holocaustum
1847 1687 1953 1726 non
1995 1683 2100 1727 est.

523 1753 666 1806 Sunt
694 1766 817 1808 vero
849 1755 903 1809 in
932 1754 1274 1811 multitudine
1302 1773 1497 1828 magna
1526 1759 1760 1814 ﬁdelium
1791 1761 1977 1831 aliqui,
2009 1765 2102 1832 qui

514 1860 600 1908 ea,
632 1862 751 1916 qua:
781 1848 963 1901 mundi
988 1857 1137 1913 sunt,
1166 1850 1347 1903 omnia
1381 1847 1727 1919 relinquunt,
1759 1863 1951 1907 cuncta
1984 1871 2103 1925 quae

515 1937 793 2004 possident
823 1939 1096 2003 tribuunt,
1138 1940 1275 1994 nihil
1319 1940 1669 2011 sibimetipsis
1708 1947 2101 2010 reservant,-ad

512 2034 771 2079 :eternam
795 2028 1024 2098 patriam
1053 2030 1360 2085 medullitus
1390 2032 1667 2097 anhelant,
1700 2051 1864 2103 seque
1890 2052 1958 2090 ex
1989 2045 2102 2092 toto

515 2119 678 2171 corde
707 2118 757 2171 in
796 2118 1052 2189 laerymis
1081 2130 1341 2175 mactant.
1378 2122 1442 2175 lli
1483 2124 1733 2180 videlicet
1774 2142 1901 2180 vasa
1940 2144 2103 2198 super

517 2221 758 2261 mensam
789 2218 933 2271 sunt,
971 2213 1022 2263 in
1052 2212 1250 2280 quibus
1272 2213 1585 2268 immolatur
1606 2215 2001 2272 holocaustum.
2036 2220 2103 2273 Et

514 2309 643 2351 sunt
667 2297 776 2363 alii,
808 2300 899 2369 qui
929 2316 1116 2354 curam
1144 2302 1377 2371 propria:
1411 2305 1602 2359 domus
1628 2317 1841 2376 gerunt,
1871 2308 1938 2363 de
1978 2308 2103 2365 ﬁliis

514 2389 789 2459 cogitant,
836 2391 1023 2459 eisque
1069 2392 1438 2447 bzereditatem
1487 2405 1737 2461 servant,
1788 2399 1881 2467 qui
1927 2409 2103 2454 tamen

515 2477 704 2531 :clerni
742 2476 930 2545 judicii
978 2495 1249 2535 memores
1296 2483 1729 2539 misericordiam
1775 2489 2103 2560 pauperibus

518 2569 855 2639 impendunt,
883 2572 1138 2627 alimenta
1164 2589 1229 2629 ac
1251 2576 1576 2631 vestimenta
1606 2580 1685 2632 eis
1713 2595 1780 2633 ex
1811 2591 1965 2650 parte
1995 2599 2102 2653 qua

520 2662 862 2717 decreverint
893 2665 1134 2718 tribuunt
1166 2683 1178 2717 :
1220 2667 1275 2721 hi
1319 2668 1573 2723 nimirum
1600 2686 1725 2725 vasa
1755 2688 1919 2742 super
1952 2690 2106 2729 men-

518 2769 636 2807 sam
664 2763 811 2820 sunt,
838 2756 890 2809 in
922 2757 1117 2825 quibus
1156 2759 1374 2814 victima
1416 2761 1692 2817 immolata
1738 2774 1842 2829 est,
1875 2763 1979 2821 n'on
2012 2768 2107 2823 ho—

519 2847 843 2902 locaustum.
877 2848 1011 2915 Quia
1040 2850 1182 2903 enim
1211 2852 1473 2921 patientia
1510 2864 1566 2908 et
1604 2855 1848 2910 doctrina
1891 2868 2105 2913 saneto-

522 2957 642 2995 rum
671 2940 1008 2996 admonendo
1031 2950 1085 2997 et
1108 2943 1453 3010 sustinendo,
1490 2946 1767 3001 suadendo
1801 2957 1963 3017 atque
1999 2958 2105 3004 ter-

524 3034 694 3088 rendo
714 3034 940 3089 aliorum
964 3036 1127 3089 corda
1150 3052 1318 3105 usque
1340 3038 1408 3091 ad
1434 3039 1534 3092 hoc
1558 3041 1832 3105 erudiunt,
1850 3051 1909 3095 ut
1926 3043 2105 3097 omnia
2128 3027 2131 3030 r

523 3125 804 3189 deserant,
837 3134 893 3178 et
936 3134 1077 3180 totos
1114 3142 1172 3181 se.
1215 3127 1268 3180 in
1314 3144 1499 3183 amore
1544 3128 1754 3184 Domini
1786 3134 2099 3187 accendant.

2204 576 2383 631 facere
2413 585 2470 630 et
2497 577 2584 631 illa
2608 593 2714 632 non
2742 580 2997 634 omittere
3026 578 3242 650 (Matt/1.
3268 582 3449 649 xxni).
3485 603 3502 631 ι
3534 580 3799 648 Perjndi-

2203 669 2344 722 cium
2370 669 2567 738 quippe
2588 678 2644 723 et
2671 669 3099 723 misericordiam
3124 679 3179 724 et
3202 670 3387 735 ﬁdem,
3404 672 3576 738 major
3597 672 3798 741 digitus

2202 758 2532 825 operationis
2568 759 2888 811 ostenditur.
2906 758 3011 813 Per
3031 761 3305 813 mentbam
3332 774 3462 814 vero
3483 762 3809 814 etanethnm

2205 860 2260 903 et
2289 850 2561 920 cyminum
2592 850 2791 919 digitus
2817 851 3009 919 procul
3038 850 3202 905 dubio
3223 852 3480 905 minimus
3507 853 3794 920 ﬁguratur.

2204 942 2331 994 lltcc
2361 957 2490 1011 ergo
2514 943 2753 1009 Oportuit
2778 941 2978 1005 facere,
3001 950 3057 996 et
3085 942 3172 996 illa
3199 959 3305 995 non
3335 944 3592 996 omittere
3622 962 3634 995 :
3665 943 3795 1013 quia

2204 1034 2247 1086 si
2275 1048 2414 1101 opus
2442 1042 2688 1086 nostrum
2714 1034 2892 1103 palmo
2931 1034 3111 1089 metiri
3154 1034 3435 1101 volumus,
3464 1037 3546 1091 sic
3571 1052 3798 1090 necesse

2204 1135 2287 1179 est
2327 1134 2385 1177 ut
2430 1126 2685 1178 tendatur
2726 1126 3015 1183 minimus.
3061 1136 3331 1195 quatenus
3375 1128 3549 1197 major
3594 1127 3799 1197 digitus

2204 1230 2309 1268 non
2356 1214 2680 1268 attrahatur.
2718 1214 2867 1269 Bene
2913 1224 3095 1269 autem
3131 1232 3254 1269 cum
3294 1232 3605 1271 mensarum
3649 1216 3797 1270 labia

2204 1305 2527 1369 metiuntur,
2550 1314 2604 1358 et
2629 1320 2884 1359 mensura
2913 1305 3076 1373 palmi
3111 1306 3329 1367 dicitur,
3361 1308 3577 1360 additur
3600 1308 3792 1360 unius:

2206 1403 2263 1447 ut
2286 1408 2351 1446 ex
2383 1395 2661 1447 doctorum
2690 1395 3077 1463 praedicatione
3102 1404 3244 1449 sncut
3282 1397 3460 1450 unitas
3500 1406 3717 1449 tenetur
3744 1397 3794 1449 in

2207 1485 2329 1549 ﬁde,
2362 1486 2432 1538 ita
2468 1500 2681 1553 quoque
2729 1486 2907 1541 unitas
2955 1486 3217 1539 mentium
3247 1496 3492 1540 servetur
3525 1488 3577 1540 in
3608 1502 3793 1556 opere,

2204 1592 2272 1630 ne
2299 1590 2395 1645 per
2424 1592 2561 1646 opus
2589 1576 2810 1637 bonum,
2836 1578 2977 1645 quod
3008 1578 3147 1631 alter
3170 1579 3301 1647 agit,
3334 1578 3471 1631 alter
3496 1580 3561 1631 ad
3593 1579 3796 1633 discor-

2206 1669 2306 1722 diae
2339 1668 2539 1721 malum
2571 1678 2909 1739 prorumpat.
2954 1669 3031 1723 Ita
3057 1671 3200 1725 enim
3240 1670 3377 1724 bona
3422 1688 3585 1740 opem
3621 1672 3794 1724 facere

2207 1762 2483 1824 debemus,
2530 1770 2590 1815 ut
2622 1778 2720 1831 per
2764 1763 2880 1817 haec
2920 1778 3135 1832 quoque
3165 1780 3287 1817 cum
3318 1764 3403 1816 his
3437 1760 3570 1817 eum
3602 1764 3795 1833 quibus

2134 1841 2179 1898 Β
2208 1852 2439 1906 vivimus
2471 1852 2884 1913 unanimitatem
2926 1869 2979 1907 in
3020 1862 3285 1922 quantum
3334 1862 3479 1908 recte
3512 1861 3793 1923 possumus

2208 1956 2624 1997 conservemus:
2659 1942 2710 1996 id
2735 1952 2847 2007 est,
2873 1958 2980 1997 non
3014 1944 3347 2006 deserendo,
3381 1945 3525 2011 quod
3554 1943 3789 2012 agimus,

2208 2034 2303 2088 sed
2346 2034 2727 2103 praeveniendo
2768 2034 2926 2089 bonis
2954 2034 3403 2103 persuasionibus
3454 2034 3655 2087 malum
3690 2034 3795 2088 dis-

2209 2129 2407 2185 cordim
2452 2130 2595 2199 quod
2654 2128 2928 2183 timemus.
2977 2127 3319 2182 Pensandum
3362 2142 3493 2181 vero
3523 2137 3609 2181 est
3644 2127 3790 2181 valde

2209 2221 2351 2289 quod
2383 2220 2618 2273 dicitur:
2667 2238 2685 2268 ι
2717 2219 2845 2287 quia
2868 2219 3183 2272 earumdem
3215 2233 3527 2271 mensarum
3551 2218 3691 2271 labia
3717 2219 3791 2270 in-

2213 2311 2379 2364 terius
2408 2319 2531 2364 sunt
2570 2309 2770 2365 reﬂexa
2796 2324 2811 2363 :
2835 2328 2853 2361 ι
2874 2317 3004 2364 tunc
3032 2308 3177 2364 enim
3206 2323 3516 2362 mensarum
3550 2308 3688 2362 labia
3717 2310 3791 2363 in-

2210 2399 2481 2454 trinsecus
2505 2397 2879 2464 reﬂectuntur,
2909 2398 3128 2468 quando
3155 2400 3404 2453 doctores
3431 2400 3500 2453 ad
3524 2400 3791 2463 conscien-

2211 2488 2343 2541 tiam
2365 2496 2623 2541 revocant
2649 2489 2813 2542 tacita
2839 2488 3166 2559 cogitatione
3188 2490 3330 2557 quod
3356 2490 3567 2552 dicunt,
3587 2491 3792 2559 quando

2210 2577 2532 2645 semetipsos
2557 2578 2829 2632 subtiliter
2854 2587 3270 2648 perscrutantur
3307 2580 3350 2632 si
3387 2579 3623 2643 faciunt,
3654 2579 3787 2649 quod

2212 2666 2525 2736 loquuntur.
2549 2667 2746 2721 Doctor
2766 2682 2896 2738 ergo
2919 2669 3007 2722 cui
3026 2668 3091 2722 de
3116 2669 3415 2738 disciplinae
3437 2671 3789 2724 moderamine

2210 2759 2358 2829 loqui
2388 2774 2610 2813 necesse
2634 2767 2739 2823 est,
2768 2774 3010 2813 mensam
3041 2759 3136 2815 Dei
3159 2776 3281 2815 esse
3311 2776 3368 2815 se
3392 2763 3551 2825 sciat,
3580 2778 3693 2831 qure
3718 2762 3787 2814 in-

2215 2859 2300 2906 tus
2328 2852 2535 2905 labrum
2565 2850 2811 2906 reﬂectat
2837 2869 2849 2904 :
2889 2861 2949 2906 ut
2972 2852 3117 2921 quod
3140 2853 3384 2908 docendo
3408 2853 3661 2922 loquitur,
3695 2854 3789 2907 hoc

2214 2944 2313 2998 sub
2368 2943 2715 2998 discretionis
2749 2944 2943 3013 spiritu
2992 2944 3282 3014 vigilanter
3319 2955 3595 3013 operetur,
3628 2962 3721 2999 nec
3744 2948 3784 3000 si

2215 3036 2461 3101 quredam
2491 3033 2592 3087 sibi
2620 3036 2809 3089 deesse
2834 3035 3167 3100 considerat,
3199 3046 3413 3104 oportet
3433 3046 3491 3090 ut
3517 3039 3583 3090 ab
3612 3054 3787 3091 eorum

2215 3121 2600 3190 praedicatione
2626 3121 2975 3177 conticescat.
3001 3124 3176 3178 Locus
3203 3126 3401 3195 quippe
3422 3125 3539 3193 ejus
3559 3127 3716 3197 exigit
3738 3139 3791 3179 ut

524 3214 766 3269 Aliorum
795 3230 924 3270 vero
951 3216 1015 3269 ad
1044 3218 1146 3270 hoc
1176 3232 1345 3286 usque
1375 3219 1671 3285 instruunt,
1698 3230 1756 3275 ut
1777 3222 1901 3291 quia
1927 3225 2106 3277 omnia

2215 3211 2482 3279 loquatur.
2516 3211 2710 3265 Verbis
2737 3227 2866 3283 ergo
2892 3213 3005 3267 suis
3033 3216 3385 3284 semetipsum
3417 3218 3713 3280 conveniat,
3740 3228 3787 3271 et

524 3304 831 3372 relinquere
864 3320 967 3358 non
1006 3306 1219 3370 valent,
1252 3307 1333 3360 vel
1363 3323 1427 3361 ex
1456 3318 1609 3377 parte
1639 3325 1745 3378 qua
1779 3312 2105 3381 przevalent,

526 3397 904 3451 misericordes
936 3398 1087 3461 ﬁant,
1125 3407 1179 3451 et
1205 3399 1385 3452 carnis
1410 3414 1595 3453 curam
1623 3416 1744 3455 cum
1767 3402 1960 3455 animae
1982 3418 2111 3456 cura

525 3492 863 3561 partiantur,
896 3507 1097 3559 mensae
1131 3491 1341 3546 Domini
1381 3494 1447 3547 de
1483 3494 1703 3562 quadris
1735 3494 2002 3562 lapidibus
2033 3495 2113 3548 in-

528 3590 745 3636 structa:
776 3598 903 3636 vasa
939 3591 1158 3650 portant
1200 3584 1255 3637 in
1296 3584 1493 3652 quibus
1524 3584 1832 3638 immolatur
1860 3585 2113 3639 holocau-

531 3680 669 3725 stum
704 3681 757 3724 et
778 3672 1032 3725 victima:
1072 3673 1197 3740 quia
1228 3681 1282 3727 et
1318 3671 1735 3742 perfecti,‘sicut
1773 3675 1972 3729 dictum
1998 3657 2111 3738 est,

529 3776 651 3813 cum
689 3761 869 3814 omnia
916 3761 1188 3820 deserunt,
1226 3768 1396 3815 totum
1438 3777 1534 3816 cor
1574 3764 1627 3816 in
1674 3779 1858 3818 amore
1902 3764 2113 3819 Domini

529 3852 851 3917 accendunt,
894 3864 951 3906 et
992 3852 1295 3923 imperfecti
1327 3853 1653 3908 sacriﬁcium
1681 3854 1911 3909 offerunt
1931 3894 1947 3919 ,
1972 3856 2115 3924 quod

530 3959 594 3997 ex
624 3955 774 4011 parte
800 3944 1150 4000 devoverunt.
1180 3943 1437 4013 Sequitur
1462 3963 1477 3999 :

610 4051 627 4083 ‹
668 4034 734 4087 Et
755 4034 892 4087 labia
924 4049 1111 4089 earum
1151 4035 1312 4104 palmi
1355 4036 1514 4090 unius
1554 4035 1751 4091 reﬂexa
1788 4037 2115 4093 intrinsecus

531 4140 628 4194 per
656 4124 963 4179 circuitum.
995 4146 1012 4176 ι
1054 4125 1192 4191 Quid
1220 4127 1446 4190 esthoc,
1473 4128 1615 4195 quod
1640 4143 1949 4183 mensarum
1977 4130 2116 4185 labia

533 4216 713 4283 palmo
741 4216 1067 4279 metiuntur,
1104 4216 1205 4269 nisi
1237 4217 1380 4284 quod
1412 4216 1465 4269 in
1502 4216 1683 4285 palmo
1720 4232 1912 4273 manus
1944 4221 2119 4274 tendi-

537 4317 642 4369 tur,
673 4317 728 4361 et
753 4308 925 4361 sancti
953 4306 1142 4360 Patres
1170 4316 1334 4375 atque
1360 4307 1614 4362 doctores
1634 4322 1696 4361 ea
1723 4308 2041 4378 praedicant,
2063 4311 2115 4364 in

539 4397 737 4464 quibus
763 4396 1067 4449 auditorum
1100 4410 1260 4464 opera
1291 4398 1796 4464 tendantur?Quasi
1826 4400 1971 4453 enim
2000 4416 2118 4454 ma—

537 4503 665 4540 num
693 4486 1057 4550 extendimus,
1089 4501 1210 4539 cum
1240 4502 1406 4556 opera
1439 4497 1624 4542 nostra
1663 4488 1971 4545 dilatamus.
2011 4490 2118 4545 Lo-

2216 3301 2258 3355 si
2286 3318 2388 3354 non
2414 3301 2531 3354 ideo
2550 3300 2808 3369 loquitur,
2825 3304 2951 3372 quia
2973 3319 3078 3357 non
3099 3316 3377 3372 operatur,
3396 3308 3781 3375 ideooperelur,

2216 3390 2342 3457 quia
2379 3388 2524 3459 loqui
2548 3390 2909 3459 compellitur.
2939 3391 3038 3446 Ubi
3066 3392 3248 3461 itaque
3277 3409 3334 3448 se
3362 3397 3786 3466 censldcitopere

2218 3480 2439 3549 implere
2464 3481 2608 3549 quod
2632 3482 2794 3542 dicit,
2835 3483 2908 3537 ibi
2940 3483 3219 3540 auditores
3246 3488 3558 3553 admoneat,
3590 3506 3785 3543 eorum-

2216 3584 2322 3638 que
2350 3570 2558 3624 animos
2584 3570 2652 3624 ad
2690 3573 2926 3626 studium
2957 3574 3115 3629 bona;
3156 3578 3491 3646 operationis
3524 3580 3781 3634 accendat.

2222 3660 2321 3714 Ubi
2349 3668 2527 3714 autem
2553 3662 2784 3716 necdum
2817 3678 2877 3717 se
2902 3664 3050 3719 videt
3076 3666 3349 3735 implesse,
3382 3670 3525 3737 quod
3549 3670 3783 3738 loquitur,

2219 3750 2286 3803 ad
2314 3752 2452 3804 bona
2478 3750 2543 3804 de
2570 3752 2766 3820 quibus
2795 3754 3072 3809 auditores
3095 3756 3369 3821 admonet,
3395 3773 3454 3812 se
3480 3775 3685 3828 quoque
3704 3774 3785 3827 pa-

2220 3841 2353 3894 riter
2386 3839 2683 3895 inﬂammet
2710 3854 2768 3895 ut
2797 3843 2910 3911 ipse
2936 3844 3100 3899 etiam
3124 3829 3301 3900 simul
3328 3849 3503 3903 discat
3530 3851 3580 3903 in
3608 3866 3783 3917 apere,

2219 3936 2363 4006 quod
2393 3952 2487 4007 per
2513 3951 2635 3990 eum
2666 3937 2909 4008 loquitur
2926 3940 3139 3995 Veritas
3162 3942 3212 3993 in
3234 3943 3632 4010 pnedieatione.
3649 3942 3787 4011 Saspe

2222 4028 2368 4080 enim
2395 4028 2536 4095 quod
2566 4028 2799 4083 vivendo
2822 4030 3095 4085 nescimus
3127 4032 3389 4100 compulsi
3418 4032 3680 4087 locutione
3703 4035 3786 4087 do-

2221 4117 2409 4170 ctrina:
2435 4116 2706 4185 loquendo
2730 4117 3011 4183 discimus,
3041 4130 3096 4175 et
3122 4122 3249 4175 dum
3277 4122 3343 4175 de
3374 4124 3691 4193 cogitatione
3712 4124 3784 4193 pi-

2221 4208 2394 4280 gritia
2420 4215 2619 4262 nostra:
2641 4218 2824 4263 reatus
2844 4211 3089 4264 nascitur
3110 4212 3163 4265 in
3180 4221 3377 4275 mente,
3396 4216 3635 4269 eamdem
3657 4231 3785 4269 meu-

2224 4310 2330 4354 tem
2354 4301 2698 4370 compunctio
2727 4300 2908 4355 subito
2937 4301 3128 4355 oborta
3162 4304 3601 4369 transverberat,
3627 4315 3675 4359 et
3697 4320 3782 4358 sua

2222 4407 2353 4447 voce
2378 4393 2613 4445 excitata
2634 4392 2852 4459 evigilat
2880 4392 2933 4445 in
2956 4408 3137 4461 opere,
3163 4408 3283 4461 qua:
3303 4396 3454 4463 prius
3476 4395 3705 4465 torpebat
3731 4395 3780 4447 in

2221 4483 2333 4536 otio
2365 4484 2483 4536 sine
2504 4498 2653 4536 voce.
2688 4482 2827 4536 Ecce
2850 4486 2993 4537 enim
3021 4499 3143 4539 cum
3172 4500 3372 4539 mensae
3401 4485 3598 4542 labium
3622 4485 3780 4555 palmo

539 4588 738 4648 quatur
759 4593 887 4646 ergo
918 4578 1289 4646 unusquisque
1309 4578 1515 4641 doctor,
1547 4593 1643 4632 cor
1662 4579 1930 4635 audientis
1956 4596 2109 4636 exer-

2227 4572 2482 4635 tenditur,
2502 4572 2552 4627 id
2570 4582 2675 4637 est,
2691 4586 2786 4640 per
2801 4571 3041 4628 doctoris
3058 4589 3121 4627 os
3133 4582 3320 4629 contra
3335 4575 3466 4629 vitia
3485 4551 3779 4644 disputatur,

539 4678 683 4731 ceat,
721 4670 1017 4723 otiosorum
1064 4677 1333 4738 torporem
1380 4669 1648 4733 excutiat,
1699 4686 1836 4739 quos
1880 4672 2003 4726 dum
2051 4672 2116 4725 ad

542 4776 702 4828 opera
728 4760 1042 4823 tetenderit,
1072 4759 1307 4827 palnmm
1346 4777 1404 4815 se
1436 4761 1634 4815 habere
1667 4762 1719 4815 in
1760 4763 1915 4817 labiis
1940 4774 2120 4818 osten-

542 4854 650 4906 dat.
680 4852 1016 4905 Pcnsandum
1043 4867 1256 4921 quoque
1283 4853 1407 4922 quia
1437 4853 1488 4905 in
1514 4853 1693 4921 palmo
1720 4854 1917 4924 digitus
1948 4856 2119 4923 major

546 4959 608 4995 ac
637 4942 888 4994 minimus
925 4941 1176 4995 tenditur.
1216 4941 1353 5007 Quid
1382 4958 1510 4997 vero
1553 4942 1746 5012 majori
1788 4959 1851 4998 ac
1897 4945 2119 4999 minimo

544 5034 731 5104 digito,
767 5033 865 5086 nisi
896 5048 1089 5102 magna
1120 5040 1175 5085 et
1196 5042 1437 5087 extrema
1461 5034 1604 5088 actio
1631 5035 1981 5105 designatur?
2008 5036 2121 5090 Pal-

547 5140 693 5179 mum
721 5138 852 5193 ergo
878 5139 1075 5178 mcnsm
1102 5124 1156 5177 in
1190 5124 1330 5177 labio
1363 5124 1614 5189 habeant,
1655 5134 1922 5194 quatenus
1947 5127 1999 5180 in
2030 5127 2123 5180 do—

548 5226 756 5270 ctorum
787 5230 1008 5269 suorum
1040 5216 1421 5285 prmdicalioue
1452 5215 1705 5285 vigilent,
1732 5226 1786 5270 et
1816 5221 1893 5272 sic
1929 5234 1995 5271 ex
2036 5234 2123 5273 eo-

551 5323 670 5360 rum
694 5307 1060 5359 admonitione
1093 5322 1281 5376 magna
1310 5321 1471 5375 opera
1502 5306 1736 5371 faciant,
1783 5318 1841 5362 ut
1882 5324 2041 5377 agerc
2068 5320 2124 5363 et

550 5399 773 5453 minima
800 5415 905 5451 non
933 5399 1202 5452 emittant.
1248 5400 1339 5452 Sic
1381 5400 1618 5453 minimis
1659 5400 1849 5453 intenti
1892 5401 2029 5465 sint,
2067 5411 2125 5456 ut

528 5492 686 5561 pigri
712 5492 763 5544 in
788 5492 1009 5560 agendis
1040 5492 1331 5559 majoribus
1359 5510 1464 5545 non
1497 5492 1626 5545 sint.
1663 5492 1812 5546 Unde
1840 5508 1935 5561 per
1958 5493 2128 5547 Evan-

550 5582 749 5649 gelium
791 5579 1003 5634 Veritas
1044 5582 1174 5634 dicit
1201 5596 1212 5632 :
1258 5600 1273 5628 ι
1313 5582 1399 5632 \":e
1429 5581 1598 5645 vobis,
1630 5582 1822 5634 scribto
1850 5592 1903 5633 et
1930 5581 2124 5635 Phari-

553 5670 643 5724 δτιιί
678 5670 1000 5739 ΙΙ)’ρο(ΣΓῘιὶῐξ,
1033 5671 1155 5738 quia
1194 5672 1470 5725 decimatis
1508 5673 1781 5736 mentitam
1819 5676 2141 5726 etanetlmm

553 5766 609 5812 et
636 5760 931 5817 cvmiuum.
965 5771 1019 5814 et
1051 5760 1349 5829 relinquitis
1399 5776 1517 5829 quae.
1549 5763 1790 5829 graviora
1822 5775 1941 5816 sunt
1971 5761 2123 5829 legis,

2225 4672 2389 4730 atque.
2419 4662 2486 4714 ad
2509 4663 2649 4716 bona
2670 4677 2835 4731 opera
2858 4677 2953 4716 eor
2976 4664 3281 4717 auditorum
3310 4664 3635 4729 accenditur,
3650 4663 3781 4717 multi

2227 4752 2317 4821 qui
2349 4750 2466 4819 ejus
2495 4751 2660 4805 verba
2688 4752 2935 4816 audiunt,
2966 4762 3166 4821 quanta
3192 4754 3276 4808 vel
3316 4755 3495 4822 qualia
3525 4754 3651 4808 mala
3671 4768 3782 4822 per-

2226 4842 2562 4911 petravcrint
2585 4852 2998 4910 recognoscunt,
3034 4851 3198 4911 atque
3220 4844 3288 4897 ad
3334 4858 3461 4897 eum
3492 4843 3786 4897 conﬁtcntes

2228 4935 2484 4998 veniunt,
2526 4950 2649 4988 cum
2694 4949 2793 5004 pro
2824 4935 3063 5003 peccatis
3106 4936 3219 4990 suis
3250 4936 3650 4995 intercessorem
3677 4933 3781 4988 ﬁeri

2227 5042 2351 5081 cum
2392 5025 2607 5081 ﬂetibus
2636 5035 2856 5095 petunt,
2889 5034 2947 5081 ut
2978 5028 3094 5096 ipse
3132 5029 3340 5084 orando
3380 5029 3559 5085 deleat
3585 5029 3779 5099 culpas,

2226 5131 2363 5185 quas
2383 5116 2727 5184 prmdicando
2756 5117 3087 5172 manifestat.
3124 5117 3278 5173 Unde
3302 5128 3357 5174 et
3381 5121 3652 5175 subditur:

2304 5234 2321 5265 ‹
2353 5216 2527 5285 Super
2552 5227 2769 5271 mensas
2797 5225 2975 5271 autem
3004 5234 3198 5273 carnes
3217 5220 3523 5275 oblationis.
3557 5239 3574 5271 ι
3612 5220 3779 5273 Docto-

2229 5322 2315 5359 res
2339 5306 2537 5360 etenim
2567 5307 2739 5360 sancti
2779 5321 2902 5359 cum
2946 5323 3047 5376 pro
3088 5309 3426 5377 compunctis
3464 5326 3528 5363 ac
3555 5316 3776 5379 peccato—

2229 5396 2378 5448 ribus
2408 5404 2565 5463 atque
2586 5395 2969 5449 conﬁtentibus
2993 5398 3349 5467 omnipotenti
3376 5397 3597 5451 Domino
3616 5411 3779 5467 preces

2230 5484 2590 5554 fundunt,per
2612 5487 2731 5549 hoc,
2757 5487 2897 5553 quod
2924 5488 3131 5541 veniam
3156 5503 3253 5556 pro
3274 5488 3479 5542 carnali
3499 5488 3776 5542 eorumvita

2228 5573 2522 5642 postulant,
2547 5590 2746 5628 mensa:
2786 5574 2995 5627 Domini
3027 5590 3219 5628 carnes
3250 5575 3539 5633 oblationis
3565 5584 3771 5643 portant.

2232 5670 2301 5724 Ut
2330 5686 2459 5739 ergo
2481 5673 2586 5725 sint
2612 5686 2710 5740 pro
2732 5672 2928 5739 quibus
2948 5671 3224 5724 conversis
3245 5678 3301 5723 et
3323 5670 3566 5723 ﬂentibus
3587 5679 3771 5736 rogent,

2231 5769 2439 5828 Oportet
2473 5770 2530 5814 ut
2551 5762 2753 5816 eisdem
2774 5761 2924 5829 prius
2954 5760 3005 5813 in
3031 5768 3254 5828 peccato
3278 5758 3466 5827 positis
3490 5756 3771 5826 prmtliccut,
