3950 6330
234 398 345 457 957

1163 405 1512 463 COMMENT.
1548 406 1621 461 ‘IN
1660 405 2114 465 EZEClllELEM.
2159 442 2226 452 —-
2268 411 2390 465 [ΑΒ.
2436 411 2571 466 XVI.

3403 419 3507 476 938

234 521 296 566 et
322 527 442 566 cum
475 511 588 579 jam
618 515 883 583 cmperint
906 523 1131 584 peccata
1178 517 1514 585 relinquere,
1559 526 1719 586 atque
1754 518 1819 572 ad

1928 524 1992 579 de
2040 526 2221 580 verbis
2272 526 2462 580 littcrre
2504 528 2604 582 sub
2644 526 2904 584 brevitate
2947 531 3365 588 transcurrimus
3392 574 3407 597 ,
3453 535 3505 590 in

244 608 605 661 Innocentiam
639 608 919 671 festinare,
944 625 1163 664 necesse
1192 619 1274 663 est
1304 619 1361 663 ut
1386 626 1512 681 erga
1540 626 1631 666 eos
1655 612 1705 664 in
1728 626 1823 663 ore

238 702 482 755 doctoris
533 702 868 757 incrementa
920 704 1320 773 praedicationis
1365 692 1827 769 excrescantLet

238 793 565 863 quibusdam
621 795 878 847 doctrinae
924 810 1031 848 suze
1071 797 1231 849 verbo
1276 805 1424 850 tanto
1455 797 1826 851 vehementius

234 886 478 948 insistat,
514 896 714 955 quanto
768 903 863 940 eos
908 890 1123 958 gravius
1175 887 1436 942 cecidisse
1482 889 1821 943 considerat:

243 975 494 1030 videlicet
524 977 699 1030 sciens
736 978 875 1045 quod
913 978 964 1030 in
1008 993 1065 1031 se
1097 986 1246 1030 tanto
1278 980 1577 1031 mercedem
1618 992 1828 1047 magna:

242 1067 699 1121 remunerationis
724 1068 976 1136 accipiat,
1011 1078 1215 1137 quanto
1244 1069 1425 1121 verbis
1456 1070 1566 1123 suis
1596 1069 1731 1122 alios
1762 1068 1828 1122 de

242 1154 689 1225 prol‘nndimibus
713 1159 948 1226 peccatis
980 1158 1139 1211 lerat.
1164 1159 1315 1211 Sacri
1346 1159 1542 1227 eloquii
1570 1159 1827 1228 mysticus

242 1256 327 1301 est
356 1263 547 1301 sensus
574 1261 630 1300 ut
657 1248 923 1316 Propheta
954 1264 1049 1316 per
1076 1249 1458 1319 aspirationem
1498 1250 1668 1303 sancti
1704 1248 1826 1319 Spi-

242 1338 380 1390 ritus
404 1340 698 1407 prudenter
724 1340 1025 1409 intelligens
1052 1342 1292 1395 dicebat:
1325 1360 1343 1388 ι
1384 1341 1646 1395 Mirabilia
1681 1343 1830 1396 teSti-

244 1430 431 1482 monia
459 1439 565 1492 tua,
600 1431 842 1495 Domine,
884 1432 1003 1485 ideo
1026 1441 1262 1486 scrutata
1286 1430 1371 1487 est
1391 1449 1451 1486 ea
1482 1434 1660 1486 anima
1681 1448 1826 1497 mea,

241 1528 349 1573 etc.
382 1518 553 1588 (Psal.
588 1524 802 1589 cxvnt).
840 1541 856 1571 ι
886 1520 983 1575 Cui
1012 1538 1139 1592 ergo
1182 1524 1401 1575 verbum
1450 1523 1589 1576 sacri
1632 1522 1829 1591 eloquii

243 1610 346 1663 nisi
383 1608 544 1679 lapidi
592 1611 767 1664 simile
817 1612 1073 1676 dixerim,
1108 1612 1159 1665 in
1194 1628 1302 1681 quo
1349 1612 1486 1679 ignis
1533 1612 1692 1675 latet,
1737 1612 1829 1680 qui

244 1714 408 1751 manu
438 1698 652 1767 quidem
687 1699 917 1769 frigidus
962 1709 1195 1764 tenetur,
1240 1701 1331 1755 sed
1364 1716 1649 1768 percussus
1688 1702 1829 1754 ferro

242 1803 342 1859 per
370 1788 631 1842 scintillas
655 1790 1081 1858 emicat?AIque
1120 1790 1222 1844 hoc
1255 1790 1456 1844 emittit
1498 1792 1671 1861 ignem
1693 1791 1825 1859 ,'qui

243 1887 370 1949 post
398 1880 603 1941 ardeat,
628 1881 770 1949 quod
799 1882 950 1949 prius
980 1898 1169 1935 manus
1193 1882 1443 1951 frigidum
1470 1883 1687 1938 tenebat
1714 1901 1725 1934 :
1750 1883 1829 1937 sic

242 1972 445 2025 etenim
475 1971 554 2025 sic
579 1972 742 2024 verba
774 1983 900 2025 sunt
926 1974 1063 2026 sacri
1097 1973 1319 2042 eloquii,
1352 1990 1470 2042 qua:
1497 1975 1712 2043 quidem
1735 1989 1831 2042 per

241 2063 612 2116 narrationem
664 2063 856 2118 littera:
906 2064 1095 2134 frigida
1143 2074 1413 2119 tenentur.
1464 2066 1568 2120 Sed
1616 2067 1662 2120 si
1710 2067 1829 2135 quis

243 2154 361 2207 lucc
383 2155 655 2221 aspirante
683 2154 910 2207 Domino
943 2156 1148 2207 intento
1191 2156 1465 2210 intellectu
1502 2156 1826 2225 pulsaverit,

243 2244 310 2294 de
343 2244 589 2312 mysticis
623 2243 744 2312 ejus
783 2246 1032 2297 sensibus
1067 2247 1241 2313 ignem
1281 2248 1560 2315 producit,
1587 2258 1643 2302 ut
1672 2250 1721 2302 in
1750 2250 1829 2304 eis

243 2334 427 2387 verbis
467 2345 590 2403 post
631 2336 840 2389 animus
877 2337 1193 2405 spiritaliter
1239 2338 1461 2402 ardeat,
1514 2356 1632 2408 quae
1680 2342 1829 2409 prius

245 2437 345 2493 per
373 2423 606 2477 litteram
632 2426 744 2492 ipse
768 2441 982 2494 quoque
1014 2425 1239 2488 frigidus
1277 2427 1546 2482 audiebat.
1576 2428 1713 2482 Ecce
1751 2438 1830 2483 et-

244 2515 391 2569 enim
422 2515 689 2585 Propheta
714 2517 843 2570 dicit
869 2535 881 2569 :

322 2624 340 2655 (
362 2606 427 2659 Ει
450 2615 600 2659 extra
630 2616 840 2673 portam
874 2607 1186 2661 interiorem
1230 2606 1611 2678 gazophylacia
1643 2620 1830 2661 canto-

249 2714 271 2749 r
314 2714 431 2751 rum
479 2699 529 2750 in
577 2700 717 2751 atrio
760 2699 1000 2752 interiori
1032 2699 1172 2767 quod
1216 2708 1331 2753 erat
1376 2700 1427 2752 in
1468 2699 1635 2753 latere
1662 2707 1829 2767 porta:

250 2810 269 2841 ι
310 2790 648 2859 respicientis
682 2794 747 2845 ad
777 2792 1106 2860 aquilonem,
1142 2801 1196 2846 et
1230 2791 1397 2846 facies
1426 2808 1610 2845 eorum
1640 2801 1827 2845 contra

250 2899 269 2931 ι
307 2880 448 2933 viam
479 2881 983 2945 australem,tunam
1017 2897 1081 2934 ex
1110 2882 1277 2935 latere
1317 2891 1483 2951 portae
1513 2882 1791 2935 orientalis
1812 2922 1825 2946 ,

254 2990 272 3021 ι
308 2986 426 3038 qua:
459 2973 779 3041 respiciebat
809 2974 875 3025 ad
903 2974 1043 3025 viam
1075 2974 1357 3041 aquilonis.
1399 2992 1416 3023 ι
1445 2973 1501 3025 ln
1534 2972 1617 3026 his
1648 2973 1828 3041 itaque

246 3063 425 3115 verbis
457 3063 649 3116 littera:
673 3063 737 3116 ad
768 3079 1005 3115 amorem
1042 3064 1129 3116 Dei
1160 3064 1314 3131 cujus
1340 3063 1552 3115 animus
1588 3062 1825 3116 inferve-

244 3151 401 3204 scat?
437 3153 564 3219 quin
593 3154 772 3220 potius
809 3154 928 3221 quis
961 3168 1062 3205 non
1104 3168 1167 3205 ex
1212 3154 1324 3221 ipsa
1369 3168 1553 3207 eorum
1597 3152 1828 3207 lectione

1857 1869 1902 1925 Β

1924 618 2004 672 eis
2048 633 2238 672 sensus
2274 619 2533 688 mysticus
2576 636 2716 673 nunc
2770 621 3007 675 breviter
3057 622 3392 690 exquiratur.
3446 624 3504 680 In

1924 714 2077 775 parte
2132 718 2311 761 autem
2362 706 2623 777 superiori
2673 717 2783 762 tres
2828 720 2993 776 portae
3037 712 3318 779 descriptae
3349 724 3505 777 sunt,

1929 796 1979 848 id
2021 804 2131 857 est,
2178 797 2403 851 orientis
2430 838 2444 859 ,
2480 797 2742 866 aquilonis
2779 807 2830 852 et
2858 800 3023 852 austri
3065 818 3076 851 :
3112 815 3343 870 moxque
3372 801 3503 855 inte-

1928 886 2089 940 rioris
2120 888 2241 940 atrii
2285 896 2394 941 tres
2424 888 2544 941 alire
2580 897 2832 951 narratur,
2873 890 2922 942 id
2966 901 3069 954 est,
3097 894 3292 957 austri,
3329 894 3509 947 orien-

1930 975 1997 1028 tis
2033 985 2086 1029 et
2119 977 2415 1045 aquilonis,
2451 993 2515 1031 ac
2542 978 2733 1031 deinde
2761 988 2912 1047 porta
2952 982 3074 1034 atrii
3108 983 3379 1039 interioris
3427 985 3507 1039 di—

1928 1074 2011 1119 cta
2051 1076 2131 1121 est
2165 1068 2217 1120 in
2258 1083 2360 1136 qua
2401 1083 2600 1122 mensa:
2634 1070 2700 1123 de
2745 1070 2966 1137 quadris
3011 1070 3275 1139 lapidilms
3316 1085 3506 1129 extru-

1930 1167 2030 1211 cta:
2054 1169 2439 1222 memorantur,
2466 1170 2521 1213 et
2550 1172 2724 1230 porta,
2752 1179 2872 1232 qua:
2906 1165 3228 1233 respiciebat
3264 1167 3330 1221 ad
3359 1169 3505 1235 aqui-

1931 1248 2128 1311 lonem,
2175 1250 2225 1302 in
2249 1265 2352 1318 qua
2388 1265 2585 1303 mensze
2611 1262 2792 1306 essent
2839 1254 2903 1307 ad
2950 1253 3273 1309 sacriﬁcium
3304 1273 3406 1310 non
3440 1257 3505 1310 ad

1932 1339 2325 1393 holocaustum.
2362 1338 2514 1395 Unde
2562 1342 2612 1395 in
2657 1342 2911 1399 interiore
2954 1345 3189 1399 diximus
3218 1347 3506 1417 signiﬁcari

1931 1433 2250 1496 Ecclesium,
2284 1434 2335 1486 in
2368 1434 2621 1488 exteriori
2652 1450 2994 1505 synagogam.
3037 1434 3140 1490 Seu
3171 1436 3257 1491 his
3283 1436 3508 1505 expletis

1932 1537 2146 1575 rursum
2193 1521 2459 1590 Propheta
2510 1521 2696 1590 incipit
2737 1523 3047 1576 interiorem
3096 1534 3303 1592 portam
3351 1535 3509 1593 atque

1933 1621 2045 1667 tres
2068 1612 2220 1674 alias,
2256 1611 2307 1665 id
2338 1621 2421 1665 est
2442 1612 2731 1681 aquilonis.
2769 1613 2938 1667 austri
2966 1623 3021 1667 ct
3055 1615 3279 1669 orientis
3310 1616 3509 1670 deseri-

1931 1703 2083 1766 bere,
2124 1709 2179 1755 et
2224 1702 2275 1755 in
2310 1717 2493 1757 earum
2532 1702 2671 1756 atrio
2702 1702 2974 1765 interiori,
3021 1704 3161 1773 quod
3195 1714 3313 1759 erat
3354 1714 3508 1759 extra

1931 1802 2143 1860 portam
2182 1792 2493 1845 interiorem
2518 1807 2639 1845 esse
2679 1792 3062 1863 gazophylacia
3092 1804 3394 1859 cantorum,
3418 1810 3508 1848 sa-

1932 1883 2198 1944 cerdotes,
2225 1881 2501 1949 templum,
2526 1880 2693 1935 altare
2727 1889 2780 1935 et
2823 1882 3089 1936 sacriﬁcia
3135 1883 3401 1952 perhibet.
3445 1882 3501 1937 lu

1930 1973 2126 2042 quibus
2156 1971 2336 2024 verbis
2356 2009 2370 2034 ,
2402 1969 2526 2038 quia
2554 1970 2619 2024 de
2664 1980 2864 2024 sanctae
2896 1970 3149 2025 Ecclesiae
3177 1972 3511 2029 institutione

1930 2078 2154 2117 narrare
2192 2062 2296 2116 alia
2338 2062 2406 2114 ab
2450 2062 2557 2124 eis,
2590 2077 2708 2130 qua:
2736 2062 2885 2131 prius
2914 2055 3122 2117 dixe'mt
3147 2064 3329 2133 comit.
3366 2072 3514 2134 patet

1930 2157 2070 2225 quod
2101 2155 2375 2209 interioris
2417 2166 2586 2225 portae
2633 2156 2961 2210 intellectum
2996 2157 3239 2211 mutavit.
3275 2144 3331 2211 Si
3362 2160 3503 2213 enim

1930 2250 2028 2303 sub
2054 2262 2162 2301 uno
2185 2247 2456 2301 intellectu
2476 2246 2654 2300 omnia
2678 2247 2900 2309 diceret,
2922 2264 3059 2301 novo
3080 2248 3267 2302 ordine
3296 2250 3405 2317 ipsa
3434 2260 3512 2303 at-

1929 2337 2146 2407 quealia
2166 2352 2270 2390 non
2296 2336 2599 2404 replicaret.
2618 2334 2753 2388 Nam
2766 2337 3035 2404 quomodo
3058 2353 3341 2406 possumus
3356 2348 3507 2392 extra

1929 2441 2138 2499 portam
2166 2428 2491 2488 interiorem,
2536 2427 3181 2498 atrium,gazophylacia,
3226 2440 3507 2493 cantores,

1929 2520 2259 2583 sacerdotes,
2290 2518 2566 2587 templum,
2598 2518 2786 2581 altare,
2818 2519 3082 2573 sacriﬁcia
3114 2520 3311 2581 dicere.
3346 2522 3386 2574 si
3414 2538 3509 2589 per

1929 2612 2173 2667 eamdem
2205 2620 2412 2680 portam
2444 2611 2753 2665 interiorem
2783 2611 2883 2665 hoc
2911 2611 3029 2665 loco
3056 2620 3237 2666 sancta
3268 2612 3507 2667 Ecclesia

1931 2704 2273 2771 designetur?
2302 2702 2435 2756 Cum
2459 2702 2602 2755 enim
2631 2711 2825 2756 cuncta
2864 2702 2977 2755 lucc
3006 2702 3146 2755 intra
3180 2702 3349 2771 ipsam
3378 2704 3506 2766 sint,

1930 2794 2198 2862 quomodo
2226 2804 2377 2849 extra
2406 2801 2616 2863 portam
2646 2791 2959 2847 interiorem
2988 2800 3135 2854 sunt,
3164 2791 3206 2845 si
3235 2800 3384 2844 extra
3412 2793 3511 2846 Ec—

1930 2885 2149 2941 Clesiam
2178 2901 2282 2938 non
2315 2886 2475 2939 sunt?
2502 2883 2725 2954 lntelligi
2750 2900 2878 2952 ergo
2900 2894 3055 2953 porta
3083 2884 3307 2939 interior
3330 2894 3508 2953 potest

1929 2992 2015 3041 ea,
2046 2978 2109 3031 de
2140 2992 2243 3045 qua
2282 2975 2394 3043 jam
2442 2975 2597 3044 longe
2644 2974 2889 3043 superius
2938 2973 3099 3027 locuti
3141 2976 3342 3035 sumtis,
3387 2988 3505 3041 qua:

1930 3078 2117 3119 contra
2148 3075 2356 3134 portam
2383 3064 2652 3132 aquilonis
2674 3071 2729 3117 et
2758 3052 3077 3117 orientalem
3108 3063 3305 3118 dicitur
3330 3063 3505 3131 posita

1932 3173 2026 3226 per
2056 3172 2216 3225 quam
2256 3155 2472 3227 ﬁgurari
2502 3155 2733 3209 diximus
2766 3154 2990 3219 aditum,
3032 3154 3119 3223 qui
3155 3154 3307 3209 nobis
3332 3154 3397 3208 ad
3425 3153 3510 3208 in-

246 3245 503 3313 tcpcﬁat?
541 3246 596 3299 Si
629 3258 808 3301 autem
839 3248 1007 3300 latens
1037 3248 1087 3300 in
1120 3248 1295 3301 littera
1320 3248 1577 3317 spiritalis
1598 3248 1827 3301 medulla
1857 3220 1900 3281 (ἶ
1934 3248 2130 3302 teriora
2162 3247 2353 3317 gaudia
2389 3246 2576 3315 patria:
2600 3245 2836 3299 cmicstis
2870 3246 3140 3315 aperitur,
3169 3253 3228 3297 ut
3266 3246 3351 3300 hic
3374 3261 3508 3315 quo-

245 3336 561 3398 dtscutitur,
592 3353 685 3406 per
714 3338 815 3391 hoc
845 3338 1093 3391 scintilla:
1120 3337 1427 3392 intellectus
1455 3345 1653 3389 exeunt
1674 3346 1727 3389 et
1753 3339 1831 3390 in-

243 3430 502 3486 cendunt.
521 3431 661 3498 quod
688 3432 837 3499 prius
851 3431 1030 3482 cordis
1054 3429 1273 3482 auribus
1295 3430 1544 3498 frigidum
1569 3432 1825 3483 sonabat:

240 3519 399 3573 nobis
454 3528 628 3572 tamen
672 3530 729 3572 ut
762 3536 821 3573 se
870 3520 1144 3588 aspirante
1191 3518 1419 3573 Domino
1469 3520 1694 3573 interior
1743 3520 1829 3572 in-

240 3609 491 3664 tellectus
520 3612 755 3678 aperiat,
787 3612 898 3678 ipsa
947 3610 1095 3677 prius
1126 3610 1365 3662 narratio
1406 3609 1560 3677 juxta
1595 3609 1828 3663 litteram

240 3701 483 3771 pateﬁat.
513 3702 602 3754 Ait
625 3702 788 3761 enim,
817 3702 939 3769 quia
970 3710 1119 3769 porta
1146 3710 1264 3753 erat
1299 3700 1523 3754 interior
1552 3710 1711 3770 atque
1738 3717 1830 3755 ex-

244 3800 323 3843 tra
362 3792 494 3843 hanc
525 3792 721 3843 atrium
760 3791 899 3858 quod
931 3790 1227 3859 appellatur
1254 3790 1509 3851 interius,
1543 3806 1605 3845 ac
1638 3789 1828 3845 deinde

240 3881 381 3944 alias,
426 3881 619 3943 idest,
664 3881 951 3949 aquilonis,
981 3881 1148 3933 austri
1197 3889 1355 3948 atque
1394 3880 1619 3934 orientis
1662 3890 1828 3949 porta:

242 3971 661 4024 thst'rilitIttlttr:
698 3981 751 4023 ut
785 3972 956 4039 ipsum
986 3971 1180 4023 atrium
1215 3971 1354 4038 quod
1386 3964 1677 4024 esse'cxtra
1705 3986 1829 4039 por-

241 4071 351 4113 tam
388 4061 697 4113 interiorem
732 4061 980 4121 dixerat,
1026 4076 1054 4113 a
1103 4061 1273 4129 portis
1302 4060 1665 4114 exterioribus
1707 4074 1827 4113 esse

242 4152 473 4205 interius
499 4154 765 4206 ostendat.
802 4154 1010 4205 Atrium
1049 4168 1179 4221 ergo
1218 4154 1317 4206 hoc
1356 4162 1409 4206 et
1451 4152 1579 4207 foris
1602 4163 1654 4205 et
1684 4153 1830 4205 intus

239 4255 347 4307 est,
376 4244 526 4307 foris,
573 4247 696 4314 quia
729 4257 879 4297 extra
912 4255 1120 4312 portam
1168 4245 1517 4297 interiorem:
1554 4245 1697 4297 intus
1727 4260 1827 4296 au-

241 4344 373 4398 tem,
398 4336 523 4403 quia
553 4335 692 4388 intra
718 4346 899 4403 portas
923 4337 1241 4389 exteriores.
1270 4334 1665 4404 Gazophylacia
1694 4350 1829 4403 quo-

240 4441 346 4495 que
379 4434 657 4479 cantorum
708 4441 829 4479 esse
867 4427 918 4478 in
961 4428 1061 4480 hoc
1103 4427 1289 4479 eodem
1336 4426 1476 4478 atrio
1508 4436 1825 4496 narrantur,

236 4533 360 4586 quae
406 4533 435 4570 a
486 4517 651 4572 latere
681 4529 848 4587 porta:
890 4520 1061 4587 posita
1105 4518 1356 4570 dicuntur
1394 4518 1730 4586 respicientis
1758 4519 1824 4571 ad

239 4607 549 4676 aquilonem
578 4626 589 4659 :
631 4608 721 4661 sed
750 4608 859 4675 ipsa
888 4608 1074 4661 eadem
1108 4606 1488 4677 gazo‘phylaeia
1522 4606 1584 4658 ad
1612 4616 1823 4660 austra-

238 4702 347 4755 lem
378 4700 516 4752 viam
546 4702 855 4769 respiciunt.
884 4700 951 4753 Et
976 4701 1223 4753 subditur
1252 4718 1263 4752 :
1302 4721 1317 4749 c
1358 4702 1434 4754 Ex
1466 4702 1631 4755 latere
1658 4712 1823 4771 porte

237 4788 541 4849 orientalis,
576 4804 693 4856 quze
729 4790 1049 4857 respiciebat
1092 4792 1157 4841 ad
1202 4791 1340 4843 viam
1384 4791 1666 4860 aquilonis.
1708 4814 1725 4843 ›
1765 4792 1821 4846 1η

238 4884 437 4951 quibus
480 4881 661 4935 verbis
707 4892 891 4951 aperte
933 4882 1283 4951 intelligitur,
1334 4882 1457 4950 quia
1504 4891 1821 4936 cunctorum

236 4973 615 5044 gazmliylacia
664 4974 803 5027 inter
840 4975 977 5027 latus
1007 4983 1172 5041 porta:
1206 4973 1543 5041 respicientis
1570 4976 1635 5025 ad
1665 4974 1819 5043 aqui-

238 5068 364 5119 lone
391 5086 440 5126 n,
466 5074 519 5116 et
553 5064 687 5116 latus
715 5072 880 5133 porte
906 5064 1185 5117 orientalis
1210 5063 1425 5116 fuerant
1464 5064 1635 5132 posita
1656 5104 1669 5126 ,
1703 5078 1821 5131 qua:

238 5168 394 5228 porta
435 5157 539 5209 vidi
560 5155 674 5209 licet
701 5155 1023 5223 respiciebat
1046 5155 1109 5208 ad
1137 5154 1275 5206 viam
1302 5154 1587 5221 aquilonis.
1633 5153 1821 5207 Facies

238 5252 422 5316 itaque
456 5246 962 5316 gazophylaciorum
1004 5254 1191 5298 contra
1224 5245 1363 5296 viam
1389 5244 1699 5304 australem,
1727 5243 1820 5297 sed

238 5338 437 5407 positio
470 5339 608 5390 inter
632 5346 840 5405 portam
869 5345 987 5387 erat
1014 5336 1239 5388 orientis
1268 5343 1321 5387 et
1345 5335 1631 5401 aquilonis.
1658 5334 1818 5386 Porta

235 5446 370 5500 ergo
398 5430 618 5482 interior
653 5428 883 5481 habebat
911 5443 974 5478 rx
1008 5426 1170 5477 latere
1198 5435 1408 5493 portam
1439 5424 1728 5491 aquilonis,
1754 5440 1819 5476 ex

236 5519 345 5575 alio
372 5535 583 5588 quoque
612 5519 773 5571 latere
812 5526 1015 5584 portam
1046 5516 1365 5578 australem,
1393 5515 1443 5566 in
1482 5514 1659 5567 {.onte
1691 5530 1820 5567 vero

235 5612 487 5667 vestibuli
556 5610 832 5663 orientalis
890 5620 1039 5677 porta
1094 5617 1400 5661 surrexerat
1457 5623 1467 5657 :
1530 5616 1690 5674 atque
1744 5607 1821 5660 sic

239 5702 439 5757 atrium
479 5707 594 5752 erat
622 5709 771 5751 extra
816 5706 1020 5765 portam
1072 5697 1379 5747 interiorem
1405 5735 1417 5757 ,
1462 5704 1516 5746 ut
1549 5697 1647 5748 hoc
1682 5710 1818 5763 quo-

240 5808 347 5863 que
382 5802 523 5843 esset
562 5770 813 5853 interius,
855 5798 1016 5857 lmt‘lm
1047 5788 1279 5840 exterius
1322 5785 1642 5838 ambiebant.
1698 5789 1818 5841 "a‘r‘

1933 3354 2036 3407 que
2075 3330 2171 3406 per
2213 3346 2427 3406 portas,
2474 3352 2591 3404 qua!
2637 3336 2780 3389 circa
2812 3333 3134 3389 vestibulum
3181 3344 3508 3401 narrantur,

1931 3438 2116 3483 sancta
2146 3428 2415 3481 Ecclesia:
2449 3442 2546 3495 per
2572 3436 2783 3494 portam
2808 3440 2937 3478 vero
2972 3425 3281 3477 interiorem
3302 3465 3316 3489 ,
3349 3424 3504 3481 cccle-

1931 3520 2031 3574 stis
2082 3521 2229 3589 regni
2274 3520 2449 3573 aditus
2493 3519 2768 3587 ﬁguretur.
2814 3515 2918 3570 Sed
2960 3531 3026 3570 ne
3053 3516 3175 3584 quis
3216 3531 3300 3569 me
3345 3517 3507 3570 verba

1932 3611 2103 3663 sancti
2134 3608 2367 3679 Spiritus
2388 3611 2617 3663 aestimet
2645 3608 2713 3660 ad
2746 3606 3075 3660 intellectum
3106 3621 3281 3660 meum
3311 3606 3509 3659 violen-

1932 3712 2014 3755 ter
2044 3702 2333 3764 inllectere,
2372 3710 2425 3755 et
2452 3702 2594 3755 dicat
2623 3700 2747 3768 quia
2781 3699 2845 3752 de
2877 3708 3031 3768 porta
3060 3698 3317 3752 interiore
3341 3699 3508 3767 signi—

1931 3791 2235 3844 ﬁcationem
2266 3798 2464 3845 sancta:
2490 3788 2945 3857 Ecclesiae,quam
2979 3789 3144 3843 semel
3166 3789 3272 3842 dixi
3298 3799 3505 3844 mutare

1929 3898 2033 3935 non
2068 3882 2249 3944 debui,
2279 3879 2575 3949 infulgente
2607 3878 2699 3933 Dei
2730 3878 3113 3947 omnipotentis
3144 3879 3338 3948 gratia,
3380 3894 3501 3948 qurc

1930 3971 2193 4039 cmpimus
2223 3970 2336 4038 ipsa
2369 3979 2675 4023 teneamus:
2707 3978 2843 4022 utet
2876 3978 3030 4037 porta
3068 3970 3295 4024 interior
3332 3971 3504 4041 signet

1931 4061 2247 4123 Ecclesiam,
2277 4076 2396 4129 quae.
2421 4074 2513 4113 eos
2539 4060 2604 4113 ad
2629 4060 2885 4114 interiora
2920 4061 3112 4129 gaudia
3156 4060 3417 4129 perducit,
3450 4068 3500 4114 et

1931 4151 2327 4221 gazophylacia,
2356 4159 2625 4211 cantores,
2654 4151 2984 4214 sacerdotes,
3011 4151 3288 4220 templum,
3309 4150 3501 4215 altare,

1931 4243 2194 4296 sacriﬁcia
2223 4243 2332 4296 sint
2363 4243 2413 4294 in
2451 4242 2589 4296 atrio
2618 4241 2757 4311 quod
2789 4251 2871 4295 cst
2891 4251 3045 4295 extra
3077 4252 3311 4310 portam,
3340 4252 3393 4295 et
3424 4253 3503 4295 ta-

1932 4350 2053 4387 men
2080 4343 2233 4387 extra
2266 4333 2557 4387 Ecclesiam
2589 4350 2695 4386 non
2728 4333 2853 4386 sint.
2887 4332 2942 4387 Si
2975 4334 3117 4386 enim
3145 4333 3324 4387 subtili
3353 4333 3507 4387 inve~

1930 4424 2216 4492 stiga'tione
2252 4423 2637 4493 perquirimus,
2668 4424 2741 4478 nil
2776 4424 2954 4478 obstat
3000 4423 3245 4493 intelligi,
3278 4433 3337 4477 ut
3363 4424 3501 4478 inte-

1931 4514 2131 4567 riorem
2163 4524 2394 4583 portam,
2427 4514 2566 4569 sicut
2586 4514 2788 4568 dictum
2811 4524 2913 4577 est,
2940 4522 3183 4567 sanctam
3208 4512 3503 4568 Ecclesiam

1929 4611 2260 4671 sentiamus,
2296 4607 2363 4660 de
2402 4622 2504 4674 qua
2549 4621 2691 4659 nunc
2719 4605 2955 4659 dicitur:
2995 4615 3087 4659 «et
3110 4613 3263 4659 extra
3291 4600 3503 4674 portam

1926 4696 2238 4749 interiorem
2255 4694 2634 4765 gazophylacia
2656 4703 2939 4747 cantorum
2965 4696 3015 4747 in
3039 4694 3177 4747 atrio
3194 4695 3457 4747 interiori.
3473 4715 3489 4743 ι

1926 4787 2042 4841 Ι)υο
2065 4796 2189 4841 sunt
2220 4786 2443 4848 etenim,
2479 4800 2599 4853 qum
2637 4784 2913 4847 dicuntur,
2945 4794 3098 4852 porta
3136 4782 3381 4845 interior,
3412 4792 3494 4835 at-

1928 4891 2033 4944 que
2057 4884 2210 4927 extra
2242 4874 2381 4927 hanc
2407 4874 2604 4926 atrium
2638 4873 2886 4936 interius,
2914 4882 3181 4941 quatenus
3201 4874 3303 4925 hoc
3327 4872 3495 4940 ipsum

1922 4966 2120 5019 atrium
2152 4973 2207 5017 et
2241 4964 2479 5018 exterius
2508 4963 2607 5027 sit,
2650 4973 2705 5017 et
2730 4964 2979 5025 interius,
3006 4962 3244 5016 exterius
3270 4978 3299 5015 a
3324 4971 3495 5030 porta,

1923 5055 2151 5109 interius
2180 5064 2357 5109 autem
2377 5096 2390 5118 ,
2426 5055 2565 5108 sicut
2592 5052 2939 5123 praediximus
2962 5094 2976 5117 ,
2999 5053 3170 5122 portis
3211 5068 3345 5122 quas
3369 5068 3499 5107 nar-

1923 5147 2093 5201 rando
2123 5146 2419 5215 subjunxit.
2471 5145 2667 5200 Sancta
2714 5146 2859 5200 enim
2907 5145 3146 5200 Ecclesia
3189 5146 3322 5200 duas
3362 5146 3500 5201 vitas

1923 5243 2103 5303 habet,
2138 5256 2300 5295 unam
2328 5256 2433 5309 qua
2462 5239 2829 5310 temporaliter
2856 5238 3022 5301 ducit,
3055 5238 3213 5292 aliam
3242 5253 3403 5307 quam
3440 5239 3495 5293 in

1921 5342 2179 5384 aeternum
2210 5332 2399 5401 recipit
2433 5349 2445 5384 :
2482 5346 2641 5383 unam
2664 5346 2769 5399 qua
2793 5329 3003 5383 laborat
3034 5329 3086 5381 in
3119 5337 3262 5382 terra
3283 5369 3296 5389 ,
3331 5328 3494 5382 aliam

1922 5436 2025 5487 qua
2055 5432 2429 5476 remuneratur
2466 5414 2529 5475 in‘
2550 5421 2716 5485 coelo;
2755 5435 2917 5474 unam
2944 5436 3048 5489 qua
3080 5420 3358 5474 mercedes
3388 5421 3500 5473 col-

1927 5512 2061 5581 ligit,
2097 5514 2256 5566 aliam
2284 5528 2412 5568 vero
2457 5513 2509 5566 in
2535 5528 2639 5582 qua
2664 5512 2775 5580 jam
2805 5513 2869 5565 de
2908 5512 3137 5578 receptis
3161 5511 3497 5564 mercedibus

1927 5602 2141 5669 gaudet.
2184 5602 2358 5669 Atque
2397 5601 2450 5653 in
2502 5608 2731 5669 utraQue
2772 5600 2881 5652 vita
2922 5598 3079 5653 ollert
3127 5596 3492 5651 sacriﬁcium;

1925 5691 2012 5745 hvic
2044 5691 2293 5745 videlicet
2323 5690 2643 5744 sacriﬁcium
2674 5690 3135 5757 compunctionis,
3178 5698 3232 5742 et
3261 5688 3367 5741 illic
3396 5702 3486 5739 sa-

1923 5782 2184 5837 criﬁcium
2219 5780 2409 5835 laudis.
2443 5780 2517 5836 De
2552 5781 2653 5836 hec
2678 5780 2943 5835 sacriﬁcio
2974 5780 3205 5832 dicitur:
3241 5797 3257 5827 ι
3301 5777 3485 5831 Sacri-
