3950 6356
490 412 597 471 959

1128 410 1190 466 Β.
1231 409 1488 466 ΒΑΒΔΝΙ
1527 408 1751 467 ΜΑυιιι
1788 409 2059 465 ΑἰὶεΗΙΕ]

2165 408 2470 466 ιιοϐυΝτ.
2512 408 2799 467 OPERUM
2838 409 3020 465 PARS
3054 410 3117 465 ll.

3672 413 3771 473 9520

489 531 677 586 ﬁcium
699 529 809 584 Deo
831 527 1055 598 Spiritus
1085 526 1481 582 eontribulatus
1509 525 1681 598 (Paul.
1716 526 1789 596 ι).
1829 545 1848 578 ι
1880 526 1954 580 De
1987 524 2078 578 illo
2106 527 2154 586 Α
2183 524 2596 593 praesumimus,
2651 540 3006 580 exerceamus
3057 526 3425 596 nosmetipsos
3481 527 3536 581 in
3582 529 3772 587 ardore

486 627 671 675 autem
718 619 980 688 scriptum
1022 623 1105 672 est
1134 634 1147 670 :
1185 617 1385 671 (Tunc
1416 617 1725 688 aceeptabis
1750 615 2075 671 sacriﬁcium

480 709 704 781 iustitia:
752 708 1051 762 oblationes
1097 716 1152 762 et
1204 707 1521 762 holocausta
1571 706 1810 777 (lbid.).
1846 708 1920 761 De
1969 723 2077 775 quo

484 814 674 854 rursus
717 798 835 851 ait:
874 816 892 849 ι
925 797 996 853 Ut
1050 803 1238 851 cantet
1318 796 1413 850 tibi
1472 796 1641 866 gloria
1692 811 1811 849 mea
1862 804 1918 851 et
1966 812 2073 850 non

483 904 815 959 compungar
841 886 1024 959 (Psal.
1056 885 1240 956 xxtx).
1280 907 1297 939 ›
1331 887 1388 940 In
1421 897 1652 955 utroque
1684 897 1863 941 autem
1898 888 2072 941 sacri-

482 979 607 1033 ﬁcio
637 992 830 1033 carnes
876 975 1180 1031 oﬁ‘eruntur
1212 994 1224 1029 :
1263 977 1390 1045 quia
1422 976 1508 1030 hic
1538 975 1743 1030 oblatio
1781 976 1960 1029 carnis
1991 986 2075 1030 est

482 1073 779 1129 maceratio
807 1072 1054 1143 corporis
1087 1090 1099 1124 :
1130 1072 1203 1126 ibi
1245 1071 1451 1125 oblatio
1492 1071 1675 1125 carnis
1717 1078 1800 1125 est
1831 1070 1886 1124 in
1914 1071 2073 1126 laude

482 1167 576 1221 Dei
607 1166 777 1236 gloria
811 1165 1247 1220 resurrectionis.
1296 1164 1447 1217 Tune.
1472 1163 1670 1233 quippe
1696 1162 1803 1216 illic
1834 1163 1991 1232 quasi
2016 1163 2069 1217 in

479 1257 855 1313 holocaustum
885 1256 1114 1311 oll’ertur
1144 1269 1291 1316 caro,
1325 1251 1541 1322 quando
1573 1252 1625 1306 in
1653 1262 1854 1307 mterna
1890 1253 2070 1308 incor-

480 1347 732 1418 ruptione
761 1355 1067 1417 permutata
1115 1344 1187 1398 nil
1227 1344 1693 1409 coutradictionis,
1720 1344 1792 1397 nil
1825 1344 2068 1399 mortali-

480 1438 612 1493 tatis
646 1437 913 1499 habuerit,
963 1436 1091 1506 quia
1123 1444 1234 1490 tota
1276 1434 1435 1489 simul
1477 1435 1677 1489 amoris
1705 1434 1822 1502 ejus
1856 1434 2071 1507 ignibus

476 1543 705 1585 accensa
749 1528 802 1583 in
838 1528 999 1584 laude
1034 1528 1151 1584 sine
1201 1528 1307 1582 ﬁne
1332 1528 1688 1598 permanebit.
1736 1527 1900 1584 Porta
1937 1545 2069 1601 ergo

474 1619 591 1674 haec
624 1620 871 1683 interior,
920 1620 973 1674 id
1015 1627 1100 1675 est
1139 1627 1328 1673 sancta
1370 1618 1636 1683 Ecclesia,
1686 1620 1889 1675 habeat
1931 1621 2070 1676 inte-

474 1713 619 1768 riora
653 1728 773 1777 sua,
810 1713 957 1767 illam
997 1712 1251 1767 videlicet
1275 1712 1461 1777 vitam,
1518 1727 1639 1781 quae
1678 1712 1855 1768 adhuc
1892 1714 2068 1770 oculis

472 1804 676 1859 nostris
698 1804 911 1861 occulta
951 1812 1056 1859 est.
1092 1803 1299 1859 Habeat
1325 1812 1478 1859 extra
1516 1819 1636 1858 eam
1683 1805 1883 1859 atrium
1910 1814 2064 1861 exte-

2181 618 2486 681 cltaritatis,
2513 627 2569 673 et
2598 618 2670 672 ibi
2701 618 2987 672 tendamus
3010 618 3198 673 oculos
3225 619 3425 681 cordis,
3461 618 3552 674 ubi
3586 636 3771 676 accen-

2180 708 2361 762 dimur
2388 708 2509 780 igne
2539 709 2761 763 amoris.
2796 708 2984 764 Potest
3016 717 3199 762 autem
3228 724 3326 778 per
3354 711 3625 779 aquilonis
3657 727 3771 781 por-

2180 811 2291 855 tam
2315 801 2604 871 gentilitas,
2640 817 2736 871 per
2763 801 2933 855 austri
2981 801 3123 855 viam
3166 800 3371 868 Jndtea,
3415 818 3514 872 per
3551 805 3768 859 orientis

2178 900 2359 945 autem
2388 900 2599 960 portam
2635 893 2751 961 ipse
2799 892 3057 946 Dominus
3084 891 3375 961 designari.
3425 892 3533 949 Per
3566 896 3769 965 aquilo-

2179 996 2301 1036 nem
2334 982 2534 1052 qnippe
2564 998 2671 1036 non
2699 983 2974 1036 immerito
3000 983 3280 1052 gentilitas
3303 982 3586 1053 ﬁguratur,
3609 1003 3764 1055 quam

2178 1070 2265 1125 ille
2289 1071 2341 1124 in
2364 1072 2600 1140 torporis
2642 1070 2844 1141 frigore
2874 1072 3133 1142 possedit,
3172 1072 3263 1140 qui
3287 1072 3425 1127 dixit
3456 1092 3468 1127 :
3502 1094 3521 1125 ι
3559 1074 3764 1132 δυςξεὺυ

2176 1159 2229 1213 in
2282 1169 2466 1215 monte
2512 1161 2830 1216 testamenti
2882 1161 2935 1215 in
2986 1160 3248 1216 lateribus
3298 1162 3569 1231 aquilonis
3623 1164 3758 1235 (lsa.

2174 1251 2329 1323 xw).
2362 1272 2379 1304 ι
2405 1252 2510 1307 Per
2556 1253 2854 1308 australem
2897 1268 3112 1323 quoque
3138 1262 3348 1322 portam
3400 1264 3546 1309 recte
3585 1253 3759 1310 ludam

2174 1344 2471 1414 accipitur,
2525 1345 2577 1399 in
2629 1362 2735 1415 qua
2774 1344 3050 1415 spiritales
3095 1344 3288 1399 Patres
3336 1346 3545 1401 cmlesti
3587 1362 3761 1421 amore

2173 1432 2493 1489 ferbuerunt
2520 1452 2532 1488 :
2569 1450 2801 1505 quorum
2833 1450 2972 1490 unus
3012 1435 3285 1504 loquitur,
3318 1436 3499 1490 dicens
3532 1455 3545 1489 :
3576 1457 3595 1488 ‹
3629 1436 3760 1493 Con-

2172 1534 2343 1592 verte,
2370 1526 2617 1590 Domine,
2642 1527 3011 1597 captivitatem
3028 1536 3270 1583 nostram
3295 1531 3434 1582 sient
3464 1539 3679 1583 torrens
3704 1529 3754 1583 in

2171 1616 2397 1688 austro(
2425 1615 2573 1671 Psal.
2606 1618 2805 1685 cxxv).
2845 1637 2863 1670 ι
2901 1615 3031 1683 Quae
3060 1617 3162 1672 etsi
3192 1618 3466 1673 carnalem
3508 1619 3754 1689 populum

2172 1709 2383 1774 habuit,
2432 1709 2485 1763 in
2523 1725 2631 1778 quo
2664 1710 2812 1765 velut
2852 1710 3123 1780 aquilonis
3166 1709 3367 1780 frigora
3406 1712 3664 1779 portavit,
3709 1711 3757 1765 in

2170 1803 2375 1858 sanctis
2408 1811 2585 1858 tamen
2609 1804 2721 1858 suis
2750 1802 3060 1857 doctoribus
3083 1818 3146 1857 ac
3171 1802 3446 1873 prophetis
3467 1802 3536 1856 ad
3572 1802 3755 1866 Deum,

472 1895 608 1959 rius,
643 1895 695 1949 id
737 1905 839 1960 est,
878 1895 1044 1950 vitam
1077 1904 1399 1965 przcsentem
1442 1895 1493 1948 in
1525 1911 1628 1965 qua
1671 1910 1833 1949 omne
1861 1896 2061 1950 bonmn
2091 1880 2140 1954 Β
2169 1908 2233 1947 ac
2262 1894 2568 1962 proximum
2600 1894 2785 1950 calore
2829 1895 3116 1949 charitatis
3146 1894 3301 1948 arsit.
3341 1893 3639 1950 Orientalis
3672 1912 3757 1949 au-

473 1987 673 2059 agitur,
697 1996 757 2042 ut
785 1989 854 2042 ad
883 1988 1083 2043 bonum
1112 1988 1229 2042 sine
1250 1986 1357 2043 ﬁne
1386 1988 1754 2057 perveniatur.
1786 1987 1907 2041 Sint
1933 2004 2063 2059 ergo

472 2079 527 2132 in
555 2080 797 2133 interiori
831 2080 991 2145 atrio,
1025 2081 1166 2150 quod
1194 2088 1371 2135 tamen
1414 2089 1567 2135 extra
1600 2089 1812 2151 portam
1836 2092 1940 2147 est,
1964 2099 2063 2153 ga-

469 2171 780 2242 zopltylacia
819 2181 1123 2228 cantorum.
1167 2172 1301 2240 Quia
1332 2171 1487 2228 electi
1520 2173 1720 2243 quique
1748 2181 1913 2243 atque
1944 2190 2064 2245 pcr-

469 2265 618 2330 fecti,
646 2266 735 2334 qui
767 2266 943 2321 adhuc
979 2266 1032 2319 in
1050 2282 1217 2322 carne
1241 2266 1455 2321 mortali
1480 2267 1813 2333 subsistunt,
1842 2272 1893 2321 et
1918 2268 2061 2322 intra

467 2357 645 2411 sinum
688 2368 812 2412 sunt
836 2369 1041 2414 sanctae
1073 2359 1349 2426 Ecclesiae,
1381 2369 1435 2415 ct
1467 2361 1645 2416 adlmc
1668 2368 1821 2416 extra
1852 2370 2061 2417 secreta

426 2450 433 2459 '
465 2450 660 2521 gaudia
707 2451 981 2508 int:-rioris
1018 2452 1165 2507 vitm.
1201 2451 1339 2519 Quid
1367 2463 1493 2507 sunt
1523 2462 1705 2508 autem
1728 2455 2059 2526 ga20phyla-

464 2542 546 2596 cia
578 2551 888 2608 cantorum,
922 2544 1024 2599 nisi
1054 2553 1241 2599 sancta
1288 2544 1553 2599 desideria
1597 2546 1916 2611 amantium,
1968 2548 2057 2615 qui

465 2642 734 2700 prmcepta
780 2632 983 2697 divina,
1030 2634 1182 2703 quasi
1216 2633 1475 2703 quasdam
1506 2634 1723 2689 divitias
1753 2636 2063 2690 custodiunt

465 2736 517 2774 tu
545 2731 727 2778 mente
755 2738 889 2792 quas
917 2724 1189 2779 cantando
1225 2735 1468 2789 servant,
1519 2726 1643 2795 quia
1674 2727 1929 2780 mandata
1963 2726 2057 2781 Dei

463 2828 571 2869 non
612 2830 679 2870 ex
732 2815 924 2870 timore
951 2856 965 2880 ,
1008 2816 1102 2871 sed
1154 2832 1221 2871 ex
1281 2832 1466 2871 amore
1516 2815 2059 2887 perﬁciuntzcisque

463 2903 595 2975 ipsa:
642 2906 782 2961 sacri
830 2907 1030 2977 eloquii
1083 2909 1473 2979 prmceptiones
1530 2907 1834 2963 cantabiles
1881 2909 2056 2973 ﬁunt,

460 3005 597 3060 quas
624 3006 727 3045 non
757 3006 824 3047 ex
866 2993 1113 3066 tristitia,
1149 2992 1243 3047 sed
1274 3009 1339 3047 ex
1370 2992 1640 3047 desiderio
1670 3006 1889 3062 semper
1927 3008 2060 3062 ope-

462 3083 684 3138 rantur?
716 3082 995 3154 Supcriori
1047 3084 1320 3140 locutione
1347 3099 1447 3153 per
1477 3092 1690 3153 portam
1722 3083 1954 3139 orientis
1989 3083 2056 3139 ﬁ-

460 3172 607 3236 dem,
634 3186 729 3243 per
754 3174 1022 3245 aquilonis
1054 3190 1227 3244 spem,
1270 3190 1369 3247 per
1409 3175 1579 3229 austri
1607 3184 1789 3229 autem
1815 3176 2056 3230 charita-

462 3275 573 3321 tem
606 3267 841 3321 diximus
866 3268 1159 3339 designari.

533 3358 661 3415 Hmc
709 3360 890 3430 itaque
922 3361 1307 3432 gazophylacia
1338 3360 1479 3414 inter
1506 3367 1717 3430 portam
1746 3360 1976 3416 orientis
2000 3368 2056 3416 et

459 3451 731 3521 aquilonis
758 3466 879 3506 esse
921 3460 1317 3517 memorantur,
1365 3461 1529 3522 atque
1559 3452 1625 3506 ad
1657 3452 1798 3506 viam
1838 3460 2053 3508 austra-

461 3539 566 3594 lem
599 3540 889 3611 respicerc,
922 3541 1048 3612 quia
1085 3543 1589 3597 cortla‘sanctornm
1621 3542 1765 3597 inter
1786 3542 1971 3608 ﬁdem,
2000 3555 2054 3597 et

460 3648 610 3701 spem
640 3633 839 3701 posita,
870 3633 1164 3688 australem
1187 3635 1329 3689 viam
1355 3634 1673 3704 respiciunt,
1706 3651 1827 3705 qua:
1854 3646 2055 3692 sanctae

464 3723 750 3777 charitatis
794 3724 1007 3793 ignibus
1059 3723 1428 3780 inardescunt.
1459 3723 1577 3794 Ipsa
1618 3740 1837 3795 quoque
1878 3726 2058 3779 orien-

461 3814 589 3869 talis
619 3824 773 3884 porta
808 3817 1081 3885 respicere
1111 3816 1311 3871 dicitur
1338 3817 1405 3871 ad
1430 3817 1572 3871 viam
1600 3817 1888 3888 aquilonis,
1924 3819 2053 3887 quia

462 3905 618 3959 nobis
644 3922 743 3975 per
766 3907 924 3961 tidem
955 3906 1172 3976 quidem
1202 3908 1383 3963 omnia
1408 3908 1460 3961 in
1486 3908 1811 3977 baptismate
1833 3920 2054 3979 peccata

461 3997 735 4061 laxantur,
772 4000 865 4053 sed
896 4007 1075 4054 tamen
1112 4000 1239 4054 dum
1270 4000 1448 4055 adhuc
1480 3999 1569 4054 hic
1594 4000 1847 4063 vivimus,
1888 4000 2054 4067 etiam

460 4098 583 4159 post
612 4089 775 4145 ﬁdem
809 4091 1007 4161 saepius
1053 4093 1119 4147 ad
1151 4100 1376 4161 peccata
1409 4092 1765 4159 declinamus,
1806 4100 1862 4147 ct
1902 4095 2057 4162 quasi

459 4181 690 4237 orientis
718 4191 872 4252 porta
906 4183 1050 4237 viam
1086 4182 1357 4253 aquilonis
1399 4182 1637 4253 respicit,
1671 4198 1793 4238 cum
1820 4184 1929 4238 vita
1961 4201 2059 4237 no-

462 4284 574 4329 stra
612 4285 734 4344 post
759 4284 1070 4346 perceptam
1101 4275 1257 4330 ﬁdem
1286 4276 1462 4330 adhuc
1491 4275 1836 4345 aliquatenus
1869 4275 1921 4329 in
1955 4274 2055 4329 fri-

462 4381 593 4437 gore
618 4366 788 4435 culpae
833 4366 1110 4436 torpescit.
1142 4365 1276 4433 Quis
1322 4366 1468 4420 enim
1505 4366 1557 4419 in
1601 4366 1705 4421 hac
1738 4365 1848 4419 vita
1879 4365 2057 4419 valeat

466 4466 591 4527 post
620 4455 798 4520 ﬁdem,
830 4457 946 4511 sine
977 4455 1133 4525 culpa
1179 4456 1382 4520 vivere,
1418 4471 1539 4511 cum
1578 4454 1815 4511 Joannes
1863 4455 2010 4511 dicat
2039 4475 2051 4509 :

469 4567 487 4597 ι
519 4546 575 4601 Si
605 4547 918 4609 dixerimus,
971 4547 1097 4617 quia
1138 4558 1417 4616 peccatum
1472 4564 1576 4601 non
1624 4548 1907 4613 habemus,
1951 4550 2049 4618 ipsi

463 4654 563 4695 nos
585 4640 915 4705 seducimus,
949 4650 1004 4695 et
1033 4640 1234 4696 veritas
1273 4641 1325 4694 in
1356 4641 1510 4695 nobis
1553 4656 1656 4693 non
1689 4650 1771 4695 cst
1800 4640 1861 4709 (Ι
1886 4640 2047 4697 Joan.

464 4731 539 4800 t).
563 4750 581 4783 ι
610 4729 774 4799 Cujus
804 4731 984 4786 verbis
1010 4730 1243 4787 Iacobus
1270 4732 1611 4787 concordatis
1638 4732 1715 4785 ait
1744 4751 1755 4785 :
1788 4751 1804 4781 ι
1834 4733 1890 4786 lu
1924 4734 2056 4786 mul-

463 4822 536 4875 tis
557 4821 700 4875 enim
746 4820 1068 4876 oll‘endimus
1103 4822 1540 4892 omncs(Jacob.
1575 4822 1690 4887 ιιι).
1732 4843 1748 4874 ι
1783 4822 1841 4877 Si
1870 4836 2052 4879 autem

465 4920 685 4983 peccata
712 4912 983 4981 pneterita
1014 4914 1067 4967 in
1103 4911 1225 4967 ﬁdei
1263 4912 1609 4983 perceptione
1636 4914 1856 4968 dimissa
1902 4922 2051 4980 sunt,

464 5012 519 5057 et
551 5002 726 5056 adhuc
758 5011 878 5071 post
908 5003 1067 5057 tidem
1104 5003 1170 5057 ad
1199 5012 1419 5071 peccata
1446 5002 1769 5067 declinatur,
1813 5020 1932 5073 qum
1958 5020 2055 5059 no-

466 5090 552 5145 bis
579 5092 684 5144 erit
724 5090 1337 5160 prmumptiojustitiae,
1369 5107 1488 5161 quae
1531 5108 1655 5162 spes
1684 5094 1807 5147 vita:
1846 5110 2058 5165 perma-

468 5188 669 5245 nentts,
699 5181 801 5234 nisi
831 5191 887 5235 ut
916 5198 1061 5236 nunc
1090 5182 1216 5235 dum
1242 5182 1419 5237 adhuc
1460 5185 1600 5238 inter
1628 5193 1837 5253 portam
1876 5186 2055 5240 orien—

469 5270 538 5322 tis
563 5279 617 5323 et
644 5270 911 5337 aquilonis
938 5286 1154 5334 sumus,
1181 5272 1248 5325 ad
1280 5272 1422 5325 viam
1445 5280 1615 5327 austri
1643 5275 1839 5329 mentis
1868 5276 2054 5331 oculos

467 5358 749 5413 levemus?
788 5372 1052 5428 quatenus
1098 5377 1166 5416 cx
1211 5372 1398 5417 sancta
1430 5364 1709 5419 'charitate
1762 5367 2050 5432 ferventes,

468 5450 619 5504 calor
650 5466 747 5503 nos
777 5453 978 5506 amoris
1003 5453 1194 5508 liberet
1226 5470 1253 5507 a
1287 5454 1440 5524 culpa
1476 5458 1695 5526 teporis,
1728 5466 1781 5512 et
1812 5458 2049 5530 frigoris.

470 5542 593 5595 Sint
621 5558 749 5611 ergo
795 5544 1183 5614 gazopltylacia
1234 5544 1377 5600 inter
1422 5555 1636 5617 portam
1683 5549 1943 5613 orientis,
2001 5559 2057 5606 et

467 5632 754 5702 aquilonis,
783 5634 898 5697 sed,
931 5636 1071 5689 sicut
1113 5636 1318 5689 dictum
1353 5648 1458 5701 est,
1487 5638 1552 5691 ad
1584 5628 1876 5693 australem
1910 5641 2052 5695 viam

469 5724 635 5781 facies
674 5726 984 5795 intendant,
1034 5738 1093 5784 ut
1125 5731 1265 5785 inter
1301 5733 1430 5795 hoc,
1458 5734 1602 5802 quod
1644 5734 1752 5786 nati
1785 5750 1971 5788 sumus
1999 5734 2052 5809 in

470 5814 595 5881 ﬁde,
626 5819 839 5887 etquod
868 5829 986 5889 post
1022 5820 1087 5874 ad
1120 5829 1343 5890 peccata
1373 5820 1572 5891 delapsi
1618 5823 1681 5877 de
1709 5840 1801 5893 spe.
1832 5824 2051 5892 pietatis

2158 1996 2289 2063 'tem‘
2316 2000 2469 2058 porta
2506 2003 2610 2043 non
2652 1988 2928 2043 immerito
2968 1989 3144 2058 ipsum
3193 1990 3372 2058 signat
3406 1988 3472 2043 de
3495 2003 3605 2057 quo
3635 1989 3754 2043 scri-

2166 2092 2315 2148 ptum
2347 2089 2431 2134 est
2461 2093 2475 2133 :
2507 2097 2524 2130 ‹
2561 2080 2700 2134 Ecce
2739 2080 2855 2145 vir,
2894 2078 3092 2136 Oriens
3133 2096 3331 2134 nomen
3363 2079 3506 2148 ejus.
3538 2098 3556 2130 ι
3590 2079 3658 2133 Et
3697 2080 3754 2135 de

2164 2186 2273 2239 quo
2322 2171 2621 2228 Zacharias
2668 2173 2788 2227 ait:
2823 2191 2841 2223 ι
2874 2172 3128 2227 Visitavit
3176 2186 3277 2225 nos
3321 2171 3507 2225 oriens
3544 2183 3612 2224 ex
3657 2169 3753 2223 alto

2167 2259 2372 2331 (Zach.
2407 2277 2480 2327 vr;
2524 2260 2653 2315 Luc.
2676 2278 2697 2315 ι
2717 2260 2759 2331 ).
2792 2280 2812 2313 ι
2866 2259 2988 2316 Sint
3021 2276 3152 2331 ergo
3180 2258 3564 2331 gazophylacia
3587 2267 3755 2313 cauto-

2165 2367 2284 2404 rum
2312 2367 2379 2407 ex
2424 2352 2592 2407 latere
2625 2361 2795 2422 porta:
2836 2351 3107 2421 aquilonis
3140 2367 3155 2405 :
3183 2350 3311 2420 quia
3340 2360 3445 2403 non
3493 2348 3667 2403 solum
3704 2349 3752 2402 in

2162 2441 2347 2496 Jndtea
2374 2441 2597 2498 fuerunt
2618 2443 2780 2498 corda
2812 2452 3127 2497 sanctorum
3156 2440 3475 2511 spiritaliter
3505 2454 3749 2501 accensa,

2168 2536 2266 2590 sed
2289 2534 2452 2588 etiam
2499 2534 2550 2587 in
2576 2532 2897 2605 gentilitatis
2933 2532 3338 2587 multitudinem
3367 2532 3433 2585 ad
3466 2540 3670 2585 sanctae
3692 2530 3751 2583 ﬁ-

2162 2625 2248 2679 dei
2293 2633 2629 2680 sacramenti
2671 2639 2947 2679 conversae
2982 2624 3185 2679 ardent
3230 2623 3396 2677 corda
3441 2628 3746 2675 sanctorum

2162 2730 2348 2769 amore
2374 2714 2612 2770 cmlestis
2640 2714 2852 2784 patrue,
2898 2714 3101 2769 inhiant
3127 2713 3341 2785 gaudiis
3362 2713 3605 2777 aeternis,
3643 2711 3746 2781 spi-

2164 2819 2286 2865 rant
2316 2810 2383 2864 ad
2413 2812 2731 2866 societatem
2764 2827 2984 2868 suorum
3011 2811 3214 2866 civium
3252 2811 3307 2864 in
3334 2810 3492 2866 coelo.
3543 2809 3647 2866 Sed
3678 2818 3746 2865 ta-

2162 2917 2286 2956 men
2313 2902 2557 2972 exempla
2590 2902 2751 2972 hujus
2772 2903 2987 2957 ardoris
3011 2918 3173 2971 quem
3200 2902 3345 2957 dono
3372 2903 3547 2957 sancti
3579 2900 3738 2971 Spiri-

2164 3002 2250 3049 tus
2284 3002 2638 3063 acceperunt,
2685 2994 2756 3049 ab
2795 2992 3133 3064 spiritalibus
3177 2992 3425 3063 patribus
3473 3006 3741 3063 synagoga:

2161 3085 2400 3155 capiunt.
2432 3084 2586 3141 Unde
2620 3086 2737 3156 ipsa
2766 3100 2982 3155 quoque
3012 3083 3401 3155 gazophylacia
3432 3092 3488 3137 et
3516 3085 3568 3137 in
3597 3082 3737 3151 aqui-

2161 3180 2302 3235 lonis
2339 3180 2509 3235 latere
2544 3180 2741 3250 posita,
2794 3179 2978 3234 oculos
3022 3180 3090 3233 ad
3121 3179 3265 3233 viam
3305 3177 3597 3232 australem
3636 3186 3738 3230 ten-

2161 3274 2314 3327 dunt.
2371 3273 2511 3327 Ecce
2540 3274 2684 3327 enim
2708 3252 2772 3327 ἐκ
2814 3273 3065 3343 gentibus
3090 3271 3361 3336 venimus,
3411 3269 3505 3324 sed
3537 3271 3588 3323 in
3627 3270 3732 3331 hoc,

2160 3366 2303 3435 quod
2328 3378 2424 3435 per
2451 3367 2624 3420 sancti
2663 3380 2903 3420 amorem
2931 3364 3174 3419 calemus
3215 3362 3414 3418 ludam:
3448 3362 3632 3417 Patres
3663 3375 3735 3414 as-

2158 3455 2419 3524 picimus,
2449 3456 2540 3526 qui
2572 3456 2731 3523 nobis
2762 3456 2817 3509 in
2841 3456 2955 3510 suis
2995 3456 3157 3510 dictis
3186 3455 3428 3524 quotidie
3469 3454 3635 3509 sancti
3661 3454 3735 3506 de-

2159 3544 2342 3599 siderii
2387 3545 2630 3615 exempla
2686 3545 2948 3615 prtebent.
3007 3545 3089 3599 An
3134 3560 3264 3602 non.
3315 3545 3475 3615 quasi
3519 3544 3731 3599 calorem

2161 3636 2442 3690 meridiani
2493 3636 2723 3691 fervoris
2767 3636 3012 3701 ardebat,
3055 3637 3147 3706 qui
3186 3638 3473 3700 aestuabat,
3521 3636 3725 3691 dicens:

2164 3745 2185 3776 ς
2216 3724 2369 3781 Sicut
2398 3742 2590 3781 cervus
2610 3727 2883 3781 desiderat
2903 3729 2968 3780 ad
2996 3726 3171 3782 fontes
3195 3742 3484 3795 aquarum,
3510 3729 3579 3780 ita
3604 3724 3725 3778 desi-

2159 3816 2310 3870 derat
2350 3816 2530 3869 anima
2588 3830 2704 3869 mea
2751 3816 2820 3869 ad
2870 3823 2923 3870 te
2962 3816 3125 3870 Dens.
3174 3815 3359 3870 Sitivit
3408 3804 3584 3870 anima
3622 3828 3726 3867 mea

2159 3906 2225 3959 ad
2264 3906 2430 3959 Deum
2460 3907 2668 3965 vivum,
2711 3907 2930 3975 quando
2960 3907 3177 3961 veniam
3192 3911 3646 3976 etappareboantr
3664 3903 3727 3956 fa-

2159 3995 2296 4050 ciem
2338 3997 2476 4050 Dei?
2505 4016 2522 4046 ι
2556 3997 2575 4067 (
2604 3994 2750 4050 l’sal.
2788 3996 2938 4068 xu.)
2969 3997 3071 4064 Qui
3108 4013 3299 4051 rursus
3315 3999 3391 4050 ait
3420 4013 3435 4049 ς
3472 4016 3488 4046 ι
3517 3995 3725 4050 Psallam

2158 4094 2214 4141 et
2253 4087 2544 4158 intelligam
2592 4088 2645 4141 in
2688 4088 2773 4142 via
2818 4088 3163 4143 immaculata
3209 4089 3428 4156 quando
3461 4089 3631 4142 venies
3666 4086 3726 4140 ad

2160 4194 2246 4232 me
2295 4176 2495 4249 (Psal.
2536 4195 2564 4232 c
2596 4180 2635 4249 ).
2682 4199 2699 4230 ι
2758 4178 2873 4233 lloc
2921 4194 3142 4249 quoque
3202 4180 3398 4233 ardore
3456 4191 3726 4233 succensus

2159 4267 2356 4332 fuerat,
2405 4270 2497 4338 qui
2531 4269 2745 4324 dicebat
2778 4288 2790 4322 :
2831 4288 2849 4319 ι
2886 4268 3037 4323 Nunc
3063 4270 3294 4324 dimittis
3326 4285 3539 4325 servum
3571 4280 3723 4332 tuum,

2161 4358 2405 4421 Domine,
2456 4361 2750 4414 secundum
2774 4360 2999 4414 verbum
3027 4368 3178 4414 tuum
3226 4362 3277 4414 in
3306 4376 3440 4429 pace
3466 4377 3480 4414 :
3516 4361 3630 4430 quia
3657 4358 3726 4413 vi-

2160 4449 2356 4503 derunt
2382 4449 2522 4504 oculi
2552 4450 2657 4503 mei
2693 4450 2933 4504 salutare
2962 4459 3112 4505 tuum
3142 4449 3296 4519 (Luc.
3328 4451 3423 4521 ιι).
3455 4472 3473 4503 ι
3517 4466 3525 4476 ·

2233 4550 2369 4618 Quia
2410 4567 2540 4621 ergo
2589 4568 2655 4605 ex
2703 4552 3006 4621 gentilitate
3050 4553 3335 4616 venimus,
3391 4555 3482 4607 sed
3532 4560 3725 4606 san..tos

2163 4643 2361 4698 Judmm
2383 4654 2567 4714 patres
2598 4644 2754 4699 nobis
2782 4646 2833 4698 in
2861 4645 3026 4700 divini
3058 4648 3263 4702 amoris
3302 4649 3599 4701 imitatione
3619 4660 3725 4715 pro-

2163 4736 2442 4805 ponimus,
2481 4736 2633 4804 qnasi
2669 4735 2914 4804 qumdam
2957 4746 3240 4791 cantorum
3274 4738 3637 4808 gazophylacia
3668 4750 3723 4787 ex

2162 4825 2331 4879 latere
2377 4835 2564 4894 porta),
2597 4843 2719 4896 quae
2764 4827 2904 4881 tiam
2939 4829 3209 4897 aquilonis
3246 4830 3491 4899 respicit,
3539 4842 3722 4890 sumus,

2159 4917 2253 4971 sed
2294 4916 2541 4970 all-viam
2590 4918 2758 4971 austri
2808 4917 2973 4973 facies
3011 4927 3276 4972 tenemus.
3322 4919 3389 4973 Et
3436 4918 3724 4979 notandum,

2162 5009 2302 5076 quod
2348 5009 2461 5062 lucc
2489 5008 2674 5063 cadent
2702 5010 3085 5080 gazophylacia
3134 5010 3278 5064 inter
3306 5022 3518 5080 portam
3548 5008 3726 5079 aquilo-

2160 5103 2242 5154 nis
2272 5110 2325 5154 ct
2363 5101 2591 5155 orientis
2618 5117 2738 5156 esse
2764 5102 3143 5171 perhibentur.
3179 5103 3315 5168 Quia
3347 5110 3466 5172 post
3499 5103 3721 5155 izzcarna~

2159 5192 2359 5245 tionem
2391 5191 2753 5256 Dominicam,
2782 5193 3072 5247 multitudo
3102 5194 3345 5265 gentium
3378 5195 3445 5248 ad
3473 5194 3619 5247 ﬁdem
3646 5205 3721 5243 ve-

2158 5280 2257 5345 nit,
2292 5290 2455 5348 atque
2486 5282 2624 5335 inter
2650 5282 2796 5351 ipsos
2833 5282 3018 5337 ﬁdeles
3043 5283 3290 5353 populos,
3324 5291 3378 5337 et
3408 5286 3718 5337 sacramenta

2158 5373 2441 5426 dominicae
2486 5373 2911 5437 incarnationis,
2964 5390 3085 5442 quae
3139 5374 3449 5428 medullitus
3498 5372 3717 5440 diligunt,

2158 5465 2320 5516 corda
2343 5462 2641 5515 amantium
2683 5470 2930 5532 surgunt.
2978 5461 3226 5516 llaheant
3270 5478 3401 5532 ergo
3436 5470 3607 5514 sancta
3640 5471 3717 5528 ga-

2159 5551 2471 5622 zophylacia
2516 5552 2640 5605 hinc
2680 5551 2910 5605 orientis
2941 5560 3150 5620 portam
3181 5560 3236 5605 et
3279 5551 3403 5604 inde
3430 5547 3711 5619 aquilonis:

2158 5641 2285 5707 quia
2327 5641 2467 5693 inter
2493 5641 2604 5708 ipsa
2649 5639 3036 5708 redemptionis
3073 5655 3186 5694 sua:
3232 5642 3485 5709 mysteria
3514 5652 3713 5707 quatse-

2159 5742 2418 5801 quuntnr,
2442 5742 2494 5786 et
2517 5732 2767 5787 carnales
2792 5733 3050 5801 quosdam
3083 5747 3220 5800 quos
3243 5742 3297 5786 et
3328 5733 3465 5785 intra
3499 5736 3709 5784 sanetam

2159 5825 2455 5879 l'Itrt‘lesizun
2481 5825 2742 5889 tolerant,
2773 5825 2924 5879 multi
2950 5826 3001 5879 in
3029 5825 3193 5880 Deum
3223 5824 3346 5878 forti
3376 5836 3549 5877 amore
3568 5816 3709 5890 proli-
