3950 6330
231 451 330 505 961

1154 443 1509 501 (ΣΟΜΜΕΝΤ.
1554 442 1617 497 IN
1660 437 2110 496 EZEClilELEM.
2151 471 2175 479 -
2259 438 2383 494 LIB.
2426 439 2562 494 XVI.

3396 442 3503 496 91ἶᾶ

229 566 409 631 ciunt,
438 564 729 633 virtutibus
764 568 1103 623 excrescunt,
1153 558 1342 614 :etcrni
1386 556 1583 627 judicis
1618 556 1819 609 azlvcu-
1846 562 1893 616 Α
1924 552 2369 615 immissionibus,
2416 570 2445 607 a
2476 568 2764 623 pravorum
2796 553 3161 616 suasionibus,
3193 553 3258 606 ab
3290 554 3501 610 lucreti-

230 664 347 709 tum
382 663 633 726 quaarunt
657 662 708 706 et
740 653 881 707 inter
903 668 963 705 ea
987 666 1106 719 quae
1138 658 1351 711 amant,
1379 658 1540 717 atque
1571 646 1658 698 illa
1698 659 1816 713 qua:

227 751 491 813 tolerant,
524 747 677 817 quasi
706 747 954 815 quaedam
984 741 1392 812 gazophylacia,
1427 739 1642 793 divitias
1663 736 1817 805 spiri—

229 851 320 895 tus
353 842 404 894 in
446 847 625 893 mente
673 844 908 892 servant.
948 834 1055 889 Nec
1106 834 1247 887 inter
1286 839 1655 890 sacramenta,
1697 843 1817 897 quae

224 930 492 998 diligunt,
537 937 592 982 et
632 943 752 998 qum
797 925 908 995 jam
952 924 1223 979 contraria
1275 932 1490 1002 portant
1536 921 1811 981 deficiunt,

225 1025 357 1091 quia
385 1024 451 1077 ad
475 1020 769 1077 australem
801 1021 943 1073 viam
981 1018 1148 1073 facies
1176 1017 1477 1071 intendunt.
1505 1014 1644 1081 Quid
1668 1014 1813 1069 enim

226 1117 488 1185 patimur,
536 1113 679 1184 quod
710 1120 891 1182 patres
920 1110 1088 1163 nostri
1116 1124 1216 1178 pro
1255 1119 1439 1160 amore
1481 1105 1689 1160 Domini
1725 1120 1813 1157 au-

228 1215 319 1260 tea
366 1221 469 1259 non
519 1204 875 1273 pertulerunt.
924 1200 1229 1255 Notandum
1274 1212 1438 1261 vero,
1481 1196 1623 1265 quod
1672 1196 1814 1249 inter

224 1304 439 1363 portam
483 1294 652 1347 austri
686 1303 739 1347 et
781 1293 1050 1361 aquilonis
1087 1290 1373 1345 orientalis
1397 1305 1515 1343 esse
1552 1288 1814 1342 describi-

225 1394 317 1437 tur
350 1402 361 1435 :
396 1384 519 1452 quia
563 1383 820 1436 Dominus
862 1396 925 1435 ac
963 1380 1269 1449 redemptor
1306 1385 1487 1431 noster
1517 1377 1583 1431 de
1628 1374 1810 1429 Judaza

224 1484 390 1539 natus
428 1485 533 1535 est,
566 1489 797 1541 moxque
829 1473 880 1524 in
913 1471 1014 1525 iide
1058 1486 1155 1524 sua
1198 1469 1489 1523 Ecclesium
1537 1483 1603 1521 ex
1636 1466 1810 1538 genti-

223 1564 329 1619 bus
361 1565 681 1619 construxit.
720 1563 883 1629 Quasi
928 1563 1070 1614 enim
1116 1561 1257 1614 inter
1287 1558 1639 1613 meridianam
1684 1573 1810 1627 por-

222 1664 339 1710 tam
384 1665 438 1710 et
481 1656 749 1725 aquilonis
798 1654 1086 1723 apparuit,
1140 1653 1267 1721 quia
1306 1667 1372 1705 ex
1421 1650 1507 1703 illa
1545 1650 1710 1711 venit,
1759 1658 1814 1703 et

224 1749 386 1802 istam
429 1748 481 1801 in
510 1763 608 1801 suo
650 1746 872 1801 servitio
903 1745 1186 1798 convertit.
1230 1741 1381 1796 Unde
1416 1749 1469 1795 et
1502 1741 1638 1794 bene
1674 1741 1811 1794 diei-

221 1849 317 1895 tur
356 1842 498 1910 quod
533 1848 689 1910 porta
719 1840 908 1893 eadem
949 1836 1228 1891 orientalis
1263 1835 1329 1888 ad
1358 1834 1499 1886 viam
1545 1830 1813 1899 aquilonis

1920 658 2105 697 eorum
2146 644 2421 697 erroribus
2464 643 2791 698 defendunt?
2826 645 2905 699 Au
2953 661 3056 699 non
3091 657 3273 701 custos
3320 649 3502 718 templi

1919 732 2114 797 fuerat,
2161 734 2251 803 qui
2278 734 2489 789 labores
2530 752 2638 788 sua:
2668 736 2936 805 passionis
2967 752 3293 794 enumerans
3320 739 3451 794 dicit
3483 758 3496 792 :

1924 842 1941 872 ι
1976 823 2030 876 lu
2059 823 2241 877 labore
2259 834 2312 879 ct
2337 841 2598 889 mrumna,
2634 828 2683 879 in
2719 827 2911 896 vigiliis
2944 831 3144 890 multis,
3179 830 3230 883 in
3259 828 3421 893 fame,
3448 839 3504 884 ct

1918 915 2029 977 siti,
2070 914 2352 984 injejuniis
2375 918 2577 979 multis,
2606 917 2657 969 in
2682 916 2882 986 frigore
2913 928 2965 972 et
2990 920 3233 973 nuditate
3263 920 3348 991 (ΙΙ
3373 919 3500 975 Cor.

1917 1020 1972 1058 xi
1994 1004 2033 1073 ).
2072 1025 2089 1055 ι
2121 1006 2298 1075 Atque
2344 1008 2526 1061 statim
2568 1008 2750 1061 subdit
2778 1026 2790 1061 :
2823 1026 2840 1058 ι
2875 1008 3079 1063 Praeter
3115 1010 3225 1076 illa,
3253 1027 3371 1080 quae
3400 1028 3499 1067 ex-

1916 1096 2187 1151 trinsecus
2214 1106 2360 1161 sunt,
2403 1099 2655 1153 instantia
2686 1114 2800 1153 mea
2824 1102 3163 1167 quotidiana,
3197 1101 3502 1156 sollicitudo

1915 1188 2155 1241 omnium
2209 1187 2557 1241 ecclesiarum
2614 1188 2794 1257 (Ibid.
2826 1190 2867 1258 ).
2904 1209 2919 1239 ι
2970 1189 3221 1252 Pensate,
3284 1206 3500 1259 qumso.

1915 1286 2097 1331 custos
2162 1277 2345 1345 templi
2408 1287 2604 1345 quanta
2658 1278 3022 1333 sollicitudine
3079 1280 3264 1350 vigilet
3310 1299 3322 1333 :
3375 1296 3501 1335 ecce

1914 1368 2057 1421 enini
2091 1369 2142 1421 in
2174 1369 2355 1439 seipse
2398 1370 2792 1423 inzcstimahilia
2842 1372 3072 1440 patitur,
3120 1383 3174 1425 et
3210 1374 3387 1427 cordis
3418 1375 3501 1427 sui

1916 1460 2330 1515 sollicitudinem
2374 1461 2491 1515 aliis
2535 1464 2859 1531 impartitur.
2891 1462 3077 1531 Cujus,
3106 1479 3257 1533 rogo,
3287 1465 3506 1517 virtutis

1914 1559 2017 1614 est,
2067 1550 2185 1620 plus
2212 1552 2278 1606 de
2303 1552 2536 1606 utilitate
2581 1554 2971 1622 proximorum,
3005 1569 3166 1623 quam
3201 1544 3266 1608 de
3297 1569 3393 1608 sua
3419 1555 3500 1607 af-

1916 1637 2154 1693 flictione
2180 1642 2459 1710 cogitare?
2489 1642 2619 1707 Quis
2664 1642 2763 1695 hoc
2805 1642 2965 1711 digne
2994 1643 3245 1706 '«l‘SiltltBl,
3274 1643 3395 1712 quis
3422 1644 3501 1696 di-

1916 1748 2017 1801 gne
2046 1734 2273 1801 penset?
2320 1732 2573 1797 Laborat,
2615 1733 2779 1804 luget,
2824 1734 3013 1799 esurit,
3060 1735 3193 1797 sitit,
3227 1735 3389 1805 alget,
3416 1736 3497 1805 je-

1908 1822 2087 1887 jnnat,
2137 1822 2342 1893 vigilat,
2394 1834 2447 1877 ct
2496 1834 2672 1878 tamen
2723 1825 2990 1895 vigilando
3038 1828 3106 1879 de
3147 1827 3499 1880 ecclesiarum

222 1930 446 1999 respicit
478 1948 491 1982 :
526 1930 650 1998 quia
683 1942 842 1983 natus
872 1928 1141 1981 [Dominus
1184 1939 1507 1996 synagogam
1559 1923 1810 1981 destruit,
1845 1932 1889 1989 Β
1917 1912 2158 1965 onminm
2208 1913 2568 1967 sollicitudine
2619 1916 2839 1984 cogitat.
2891 1915 3054 1969 ECCLK
3083 1924 3165 1968 est
3212 1916 3509 1970 solertissi-

221 2029 278 2073 et
308 2020 707 2074 multitudinem
740 2018 979 2088 gentimn
1010 2015 1233 2085 colligit.
1267 2013 1571 2067 Notandum
1599 2025 1814 2081 quoque

220 2121 325 2173 est,
354 2112 493 2179 quod
526 2126 649 2165 cum
692 2111 759 2165 de
789 2109 1187 2181 gazophylaciis
1221 2108 1511 2169 diceretur,
1559 2115 1611 2159 et
1648 2104 1815 2158 facies

221 2216 412 2253 eorum
454 2200 519 2254 ad
560 2200 700 2252 viam
747 2199 1039 2254 australem
1087 2198 1329 2251 additum
1367 2204 1470 2259 est,
1514 2210 1677 2247 unam
1712 2212 1724 2247 :
1758 2201 1815 2245 ut

221 2292 478 2344 videlicet
507 2300 693 2361 aperte
726 2293 1046 2354 sentiamus,
1079 2291 1203 2360 quia
1240 2306 1343 2344 non
1384 2290 1485 2343 alia
1517 2299 1599 2345 est
1627 2290 1711 2343 via
1746 2290 1813 2342 ad

221 2382 505 2437 ccelcstem
536 2384 765 2453 patriam
797 2384 975 2447 nobis,
1009 2385 1097 2452 qui
1127 2400 1192 2437 ex
1217 2384 1519 2451 gentilitate
1544 2383 1810 2442 venimus,

222 2489 390 2546 atque
435 2476 537 2530 alia
582 2477 685 2531 illis
716 2477 979 2545 pulvilius,
1014 2477 1104 2544 qui
1138 2476 1355 2529 fuerunt
1383 2476 1431 2529 in
1462 2474 1642 2529 Judata
1680 2492 1691 2527 :
1720 2474 1814 2527 sed

222 2569 341 2621 inec
374 2568 561 2622 eadem
601 2584 705 2620 una
754 2568 837 2619 via
860 2576 942 2620 est
980 2567 1134 2619 nobis
1177 2575 1230 2619 et
1273 2566 1395 2629 illis,
1436 2580 1555 2632 quae
1604 2580 1700 2617 nos
1747 2563 1813 2616 ad

221 2666 427 2711 interna
472 2657 665 2727 gaudia
694 2658 961 2727 perducit,
992 2672 1111 2725 quae
1148 2656 1305 2709 nobis
1339 2670 1433 2722 per
1465 2655 1812 2724 Evangelium

222 2748 357 2802 dicit
384 2767 397 2801 :
425 2768 442 2799 ‹
474 2749 585 2817 Ego
606 2766 723 2803 sum
745 2750 852 2812 via,
878 2749 1077 2802 veritas
1104 2757 1156 2801 et
1184 2749 1293 2801 vita
1322 2746 1503 2817 (Joon.
1536 2746 1666 2816 xw).
1694 2766 1712 2797 ι
1748 2746 1813 2798 Et

225 2839 291 2891 de
316 2852 423 2905 quo
457 2836 745 2892 Psalmista
774 2838 886 2892 ait.
913 2838 1392 2907 Utcognoscamus
1418 2837 1469 2890 in
1498 2846 1637 2889 terra
1671 2836 1811 2888 viam

225 2942 395 2992 tuam,
431 2938 482 2983 et
516 2930 568 2983 in
607 2930 859 2984 omnibus
898 2930 1148 3001 gentibus
1176 2929 1413 2983 salutare
1446 2938 1614 2983 tuum.
1659 2929 1811 2995 Quod

225 3022 368 3072 enim
405 3020 677 3073 ll;ehraicc
700 3020 969 3084 estJesus,
992 3022 1093 3073 hoc
1115 3019 1305 3073 Latine
1332 3019 1528 3073 diritur
1544 3016 1809 3073 Salvator.

226 3110 527 3163 Salvatoris
557 3125 687 3179 ergo
725 3110 955 3163 interra
990 3110 1072 3163 via
1102 3111 1467 3177 cognoscitur,
1498 3108 1621 3176 quia
1653 3105 1811 3161 Jesns

230 3202 371 3256 Deus
397 3210 524 3255 ante
546 3202 739 3256 satcula
768 3212 823 3255 et
850 3204 1010 3256 homo
1036 3202 1210 3257 factus
1238 3203 1289 3255 in
1321 3203 1424 3256 line
1466 3202 1807 3266 steculorum,

1914 2018 2037 2056 mus
2067 2013 2248 2057 custos
2287 2005 2466 2072 templi
2501 2006 2550 2057 in
2584 2006 2832 2075 exemplo
2867 2006 3196 2075 propositus.
3237 2006 3496 2070 Imitetur,

1916 2092 2005 2160 qui
2032 2092 2194 2146 valet.
2234 2094 2471 2149 Adversa
2517 2097 2715 2149 etenim
2764 2113 2863 2167 pro
2915 2098 3140 2150 veritate
3181 2099 3304 2166 pati,
3362 2100 3499 2152 bona

1915 2184 2177 2250 proximis
2219 2185 2549 2253 impendere,
2579 2187 2723 2241 circa
2756 2188 3057 2241 animarum
3087 2188 3502 2242 sollicitudinem

1914 2273 2141 2342 vigilare
2167 2290 2180 2326 :
2207 2290 2272 2328 ne
2302 2276 2420 2343 quis
2444 2276 2495 2329 in
2526 2277 2769 2346 perfidia,
2801 2294 2867 2333 ne
2897 2280 3019 2348 quis
3050 2280 3100 2333 in
3129 2282 3403 2349 superb'a,
3434 2298 3501 2337 ne

1916 2367 2039 2434 quis
2071 2366 2122 2419 in
2149 2368 2358 2436 rapina,
2389 2368 2471 2422 vel
2515 2370 2850 2423 innnnnciitia
2896 2371 3184 2435 laberetur,
3213 2374 3497 2441 exquirere

1918 2466 2081 2525 atque
2132 2473 2494 2528 compescere.
2544 2458 2655 2513 lloc
2706 2472 2805 2524 est,
2856 2462 3107 2531 templum
3159 2462 3271 2528 Dei,
3307 2464 3358 2517 id
3396 2475 3503 2527 est,

1916 2556 2161 2601 sanctam
2197 2548 2491 2603 Ecclesium
2523 2553 2810 2605 custodire.

1987 2644 2125 2696 Sunt
2168 2651 2349 2697 autem
2404 2644 2626 2697 minoris
2668 2646 2873 2699 ordinis
2922 2648 3250 2710 sacerdotes,
3292 2649 3381 2717 qui
3429 2648 3499 2702 ad

1914 2734 2279 2787 ministerium
2305 2734 2494 2788 altaris
2516 2736 2781 2789 excubant
2813 2754 2826 2788 :
2858 2737 2948 2805 qui
2976 2737 3221 2791 videlicet
3252 2738 3305 2791 in
3344 2739 3467 2807 adju
3486 2770 3500 2781 ο

1918 2826 2059 2880 torio
2100 2825 2362 2893 majorum
2404 2836 2622 2895 peccata
2656 2826 3082 2895 delinquentium
3120 2826 3388 2881 subtiliter
3421 2828 3502 2881 in-

1916 2915 2205 2985 vestigant,
2257 2924 2310 2969 et
2352 2915 2515 2968 vitam
2559 2916 2856 2969 carnalium
2892 2916 3189 2986 corrigunt,
3237 2926 3400 2986 atque
3432 2918 3505 2969 ad.

1915 3005 2019 3059 hoc
2064 3020 2231 3073 usque
2271 3005 2603 3073 perducunt,
2646 3014 2704 3058 ut
2745 3020 2841 3073 per
2875 3004 3109 3059 lamenta
3146 3006 3505 3075 paenitentiae,

1916 3098 2069 3165 quasi
2110 3097 2401 3151 incendant
2442 3113 2661 3153 carnem
2714 3098 2766 3151 in
2799 3098 3100 3164 sacrificio,
3145 3115 3305 3168 quam
3348 3100 3503 3169 prius

1914 3189 2096 3244 vivere
2130 3190 2497 3258 permiserunt
2546 3189 2597 3242 in
2640 3199 2891 3259 peccato.
2936 3188 3054 3245 Non
3105 3190 3251 3244 enim
3289 3190 3366 3255 hi,
3406 3194 3500 3259 qui

228 3292 480 3360 gentibus
504 3300 587 3344 est
614 3291 1011 3345 manifestatns.
1045 3292 1157 3346 U.ia
1183 3308 1313 3361 ergo
1346 3300 1430 3345 cst
1458 3292 1563 3355 via,
1596 3301 1651 3344 et
1680 3291 1803 3354 illis,
1836 3278 1879 3338 C
1913 3284 2116 3338 sanctis
2160 3283 2404 3337 eCclesiis
2454 3290 2723 3352 prmsunt,
2782 3298 2877 3351 per
2937 3282 3258 3351 semetipsos
3307 3297 3503 3337 cuue.a

225 3382 315 3449 qui
351 3382 418 3434 ab
466 3391 651 3435 austro
683 3390 845 3445 sunt,
878 3392 932 3436 et
969 3383 1068 3445 his,
1106 3383 1196 3450 qui
1228 3382 1295 3435 ab
1342 3372 1611 3451 aquilonis
1658 3391 1814 3451 parte

228 3473 527 3541 respiciunt
564 3491 575 3525 :
610 3474 736 3541 quia
779 3472 965 3527 electis
1012 3472 1209 3527 Jmlacis
1243 3483 1297 3526 et
1338 3473 1589 3542 gentibus
1630 3473 1812 3527 Domi-

224 3578 327 3615 nus
356 3579 420 3615 ac
455 3563 761 3632 redemptor
803 3572 985 3617 noster
1028 3563 1247 3633 expulsa
1280 3577 1440 3633 poena
1490 3562 1812 3629 formidinis,

226 3653 289 3705 ad
318 3653 548 3718 Patrem,
573 3655 747 3709 factus
784 3665 867 3709 est
898 3655 999 3709 iter
1031 3656 1256 3719 amoris,
1303 3666 1465 3724 atque
1490 3655 1814 3724 atljutorinm

225 3746 616 3813 perventionis.
648 3746 906 3816 Sequitur
940 3765 952 3799 :

302 3856 319 3886 ι
344 3837 412 3889 Et
437 3837 574 3890 dixit
601 3838 667 3891 ad
699 3854 802 3891 me.
841 3838 951 3893 Hoc
980 3846 1063 3891 est
1092 3837 1535 3908 gazophylacium
1564 3838 1705 3905 quod
1732 3852 1814 3891 rc-

229 3944 246 3975 ι
284 3926 444 3996 Spicit
475 3927 615 3979 viam
646 3929 1001 3981 meridianam
1031 3928 1391 3987 sacerdotum,
1428 3927 1516 3995 qui
1545 3926 1815 3979 excubant

229 4034 245 4063 ι
280 4015 334 4067 in
360 4016 623 4069 custodiis
646 4017 852 4086 templi.
879 4036 896 4067 ι
931 4018 1106 4085 Atque
1134 4032 1256 4070 mox
1285 4017 1531 4071 subditur
1555 4034 1567 4069 :
1606 4035 1623 4066 ‹
1646 4014 1816 4069 Porro

229 4126 248 4157 ς
285 4108 729 4177 gazophylacium
777 4111 920 4179 quod
958 4110 1177 4179 respicit
1224 4110 1289 4163 ad
1338 4110 1479 4161 viam
1524 4109 1812 4177 aquilonis,

231 4218 249 4250 ο
285 4200 628 4255 sacerdetmu
656 4201 782 4263 erit,
831 4204 921 4270 qui
955 4203 1226 4257 excubant
1252 4203 1318 4256 ad
1346 4201 1703 4255 ministerium
1732 4199 1813 4253 al-

229 4314 247 4346 ι
282 4296 433 4348 laris.
474 4314 490 4344 ι
547 4293 603 4347 In
659 4295 858 4365 quibus
905 4298 1181 4365 propheta:
1225 4295 1406 4349 verbis
1454 4294 1607 4362 prius
1633 4292 1815 4357 ,nobis

224 4385 577 4455 qnmt‘endum
601 4395 685 4439 est
713 4386 803 4454 qui
833 4386 943 4441 sint
973 4386 1195 4455 majoris
1219 4385 1426 4439 ordinis
1455 4384 1766 4438 sacerdotes
1796 4396 1812 4436 :

224 4485 408 4529 utrum
453 4475 531 4537 hi,
562 4476 653 4543 qui
694 4476 749 4528 in
786 4474 1048 4529 custodiis
1087 4474 1362 4529 excubant
1397 4472 1605 4542 templi,
1650 4487 1718 4525 an
1760 4472 1812 4525 hi

226 4566 317 4635 qui
352 4566 404 4618 in
451 4565 752 4620 ministerio
792 4565 1000 4620 altaris.
1033 4562 1139 4620 Sed
1176 4564 1301 4633 quia
1332 4561 1492 4633 paulo
1528 4569 1649 4631 post
1688 4560 1815 4615 sub-

225 4658 374 4711 ditur
405 4674 418 4709 :
451 4656 632 4711 Altare
659 4667 771 4711 erat
813 4667 933 4710 ante
959 4656 1145 4726 faciem
1187 4654 1387 4725 templi,
1420 4661 1602 4724 aperte
1628 4662 1812 4708 osten-

224 4748 373 4802 ditur
414 4748 536 4801 illos
562 4762 681 4802 esse
734 4747 955 4817 majoris
988 4747 1197 4800 ordinis
1238 4745 1582 4809 sacerdotes,
1627 4744 1717 4812 qui
1760 4743 1812 4795 in

224 4838 488 4892 custodiis
532 4840 715 4909 templi
762 4838 1069 4900 excubant,
1110 4836 1236 4905 quia
1280 4833 1525 4905 profecto
1564 4834 1618 4887 in
1656 4833 1813 4886 altari

224 4928 370 4996 quod
396 4937 478 4981 est
520 4927 748 4981 interius
779 4926 1111 4980 ministrant.
1144 4924 1210 4978 Hi
1256 4932 1459 4987 autem,
1506 4923 1597 4992 qui
1637 4921 1703 4975 ad
1739 4921 1815 4975 al-

226 5026 365 5078 tare,
398 5018 540 5085 quod
585 5028 711 5072 ante
753 5016 946 5071 faciem
977 5014 1154 5084 templi
1183 5021 1287 5078 cst,
1331 5013 1623 5090 excubant,
1644 5019 1815 5063 Atanto

229 5106 519 5159 inferiores
546 5114 687 5166 sunt,
742 5115 946 5173 quanto
976 5104 1029 5157 in
1069 5103 1431 5157 exterioribus
1478 5102 1811 5156 ministrant.

228 5194 590 5262 Quaerendum
619 5195 875 5265 ergojam
909 5194 1063 5249 nobis
1096 5203 1202 5257 est,
1230 5193 1321 5262 qui
1344 5193 1656 5246 sacerdotes
1680 5191 1812 5257 sint,

227 5287 321 5356 qui
354 5286 610 5355 templum
650 5287 987 5350 custodiunt,
1021 5294 1076 5341 et
1107 5286 1199 5354 qui
1239 5284 1308 5339 ad
1347 5283 1708 5338 ministerium
1737 5282 1814 5337 al-

228 5378 366 5431 taris
388 5376 657 5431 excubare
685 5378 1057 5447 perhibentur.
1112 5375 1363 5445 Magister
1396 5374 1540 5428 enim
1572 5376 1813 5443 gentium

227 5466 481 5527 ﬁdelibus
539 5470 784 5524 scribens
840 5470 955 5523 ait:
1012 5467 1345 5537 «Templum
1402 5466 1497 5521 Dei
1562 5474 1810 5521 sanctum

228 5566 332 5619 est.
380 5559 523 5629 quod
547 5560 678 5615 estis
702 5577 796 5616 vos
827 5562 844 5632 (
868 5560 895 5614 1
918 5559 1039 5615 Cor.
1068 5560 1191 5629 nt).
1230 5580 1247 5611 ι
1281 5559 1383 5625 Qui
1412 5559 1594 5628 itaque
1629 5574 1814 5613 sacer-

228 5645 385 5702 dotes
433 5656 579 5713 sunt,
621 5650 713 5718 qui
760 5650 1016 5719 templum
1064 5650 1155 5704 Dei
1208 5649 1553 5711 custodiunt,
1611 5648 1714 5703 nisi
1759 5648 1814 5702 hi

228 5741 358 5811 qui,
386 5739 609 5805 orando,
634 5743 996 5811 przedieando,
1048 5741 1380 5812 spiritalibus
1426 5739 1636 5795 actibus
1684 5741 1820 5811 vigi-

228 5834 424 5901 lando,
456 5844 695 5892 sanetam
745 5838 1042 5893 Ecclesiam
1069 5854 1097 5892 a
1130 5838 1487 5907 malignorum
1530 5836 1817 5896 spirituum

1916 3392 2076 3445 agere
2101 3374 2417 3444 praevalent,
2451 3375 2543 3429 scd
2568 3390 2690 3428 cum
2721 3374 2821 3442 ipsi
2849 3373 3028 3427 causis
3054 3371 3387 3440 spiritalibus
3414 3389 3505 3427 oc-

1916 3477 2207 3539 cupantur,
2260 3467 2305 3522 si
2358 3481 2669 3537 quamrava
2717 3474 2773 3519 et
2816 3464 3053 3519 carnalia
3100 3472 3505 3533 perpetrantur,

1916 3560 2031 3613 haec
2062 3558 2182 3613 aliis
2213 3558 2547 3613 discutienda
2580 3566 2740 3625 atque
2774 3555 3094 3623 corrigenda
3134 3556 3503 3617 committunt,

1916 3666 2013 3719 per
2039 3667 2179 3720 quos
2217 3652 2346 3706 dmn
2371 3651 2605 3706 carnalis
2636 3652 2742 3705 vita
2774 3652 3064 3720 corrigitur
3089 3692 3103 3715 ,
3126 3638 3188 3705 et
3231 3668 3401 3721 usque
3432 3653 3497 3705 ad

1916 3742 2259 3796 abstinentia}
2292 3742 2762 3820 atque‘oratiouis
2811 3743 3047 3796 studium
3096 3741 3504 3811 proficientibus

1915 3834 2248 3904 pervcnitur,
2292 3835 2448 3903 quasi
2494 3834 2544 3887 in
2585 3834 2739 3887 altari
2777 3834 2890 3902 jam
2921 3849 3049 3888 caro
3085 3834 3409 3898 incenditur,
3441 3845 3500 3888 ut

1916 3925 1971 3977 in
2001 3933 2295 3993 conspectu
2342 3924 2728 3993 omnipotentis
2774 3923 2982 3977 Domini
3017 3923 3139 3978 inde
3177 3923 3507 3979 sacrificium

1917 4017 2179 4078 redoleat,
2227 4016 2369 4071 unde
2410 4016 2562 4084 prius
2592 4015 2745 4084 culpa
2782 4014 3116 4083 diSpliccbat.
3171 4014 3274 4070 Sed
3316 4016 3418 4069 bac
3449 4016 3504 4070 in

1918 4120 1978 4159 re
2012 4106 2243 4176 quaestio
2282 4106 2480 4177 oritur,
2532 4122 2650 4160 cum
2703 4106 2951 4175 superius
3001 4107 3203 4161 dictum
3252 4107 3321 4161 sit
3361 4108 3507 4176 quod

1916 4197 2299 4269 gazophylaeia
2326 4198 2394 4251 ad
2419 4196 2710 4251 australem
2738 4198 2877 4250 viam
2902 4196 3067 4252 facies
3094 4197 3373 4263 baberent,
3399 4214 3503 4267 qua

1918 4287 2129 4342 ratione
2154 4269 2296 4341 nunc
2323 4288 2541 4350 dicitur,
2574 4287 2699 4355 quia
2724 4288 3170 4359 gazophylacium
3192 4329 3205 4351 ,
3240 4289 3381 4358 quod
3422 4306 3506 4343 re-

1916 4379 2077 4447 spicit
2116 4380 2256 4432 viam
2287 4379 2662 4441 meridianam,
2694 4380 3035 4435 sacerdotum
3073 4390 3179 4444 est,
3215 4382 3303 4448 qui
3334 4395 3502 4434 exen-

1914 4471 2049 4526 bant
2077 4472 2131 4525 in
2163 4470 2423 4525 custodiis
2444 4471 2645 4540 templi,
2689 4480 2743 4526 et
2775 4471 3216 4543 gazophylacium
3242 4473 3383 4541 quod
3427 4487 3509 4526 re-

1919 4562 2079 4632 spicit
2118 4562 2259 4616 viam
2291 4561 2575 4631 aquilonis,
2615 4562 2977 4624 sacerdotum,
3022 4562 3112 4629 qui
3146 4562 3413 4615 excubant
3439 4563 3510 4617 ad

1924 4653 2288 4707 ministerium
2354 4652 2586 4707 altaris?
2636 4652 2692 4706 Si
2740 4653 2884 4708 enim
2941 4662 3168 4721 utraque
3223 4651 3388 4707 facies
3437 4653 3506 4707 ad

1922 4742 2216 4797 australem
2261 4743 2407 4797 viam
2436 4743 2719 4809 tendebat,
2751 4745 3022 4814 quomodo
3056 4758 3200 4798 mine
3235 4760 3399 4797 unum
3437 4744 3509 4798 ad

1921 4834 2303 4897 meridianam,
2326 4845 2490 4903 atque
2510 4834 2652 4889 aliud
2682 4834 2747 4888 ad
2774 4833 3043 4903 aquilonis
3063 4834 3205 4887 viam
3233 4832 3512 4902 respicere

1922 4927 2161 4983 dicitur?
2196 4924 2301 4981 Sed
2345 4926 2396 4979 in
2442 4926 2527 4979 bis
2568 4924 2749 4979 verbis
2785 4924 3129 4995 agnoscimus
3164 4924 3307 4993 quod
3342 4939 3511 4995 gazoa

1924 5018 2231 5090 phylacium
2290 5017 2630 5071 sacerdotum
2686 5016 2778 5086 qui
2821 5017 3090 5072 excubant
3140 5016 3195 5071 in
3240 5016 3513 5072 custodiis

1924 5108 2108 5178 templi
2158 5107 2232 5161 ita
2279 5108 2513 5177 positum
2562 5107 2771 5172 fuerat,
2824 5115 2885 5161 ut
2934 5106 3103 5162 solam
3148 5107 3511 5163 meridianam

1921 5198 2063 5251 viam
2122 5198 2437 5266 respiceret,
2488 5196 2929 5268 gazophylacium
2984 5211 3113 5251 vero
3159 5196 3507 5253 sacerdotum

1922 5290 2010 5358 qui
2041 5286 2395 5343 exeubantad
2424 5288 2783 5343 ministerium
2809 5287 3087 5342 altarisita
3116 5294 3238 5341 erat
3257 5288 3311 5341 in
3338 5286 3507 5351 atrio,

1920 5391 1980 5435 ut
2005 5390 2059 5436 et
2100 5382 2168 5436 ad
2200 5380 2498 5435 australem
2518 5381 2662 5434 viam
2694 5388 2749 5434 et
2787 5378 3057 5449 aquilonis
3086 5375 3281 5432 faciem
3320 5377 3504 5431 inten-

1919 5474 2090 5538 deret,
2114 5472 2369 5543 quatinus
2394 5481 2589 5527 etcum
2614 5470 2998 5542 gazophylacio
3029 5469 3370 5525 sacerdotum
3408 5467 3505 5535 qui

1917 5564 2188 5619 excubant
2228 5564 2283 5618 in
2325 5561 2587 5619 custodiis
2627 5561 2809 5631 templi
2842 5559 3201 5617 meridianam
3227 5558 3367 5613 viam
3416 5574 3505 5612 as-

1912 5655 2155 5724 piceret:
2187 5662 2242 5710 et
2283 5664 2460 5710 tamen
2492 5653 2607 5708 sine
2632 5652 3017 5725 gazophylacio
3059 5650 3370 5707 eorumdem
3413 5662 3505 5703 s2-

1916 5744 2195 5800 cerdotnm
2232 5743 2671 5815 gazophylacium
2720 5744 3059 5797 sacerdotum
3101 5740 3191 5812 qui
3232 5739 3508 5794 excubant

1916 5837 1985 5892 ad
2017 5835 2378 5892 ministerium
2413 5836 2600 5891 alta-ris
2642 5835 2909 5905 aquilonis
2945 5835 3083 5889 viam
3116 5834 3344 5889 videret.
3393 5826 3507 5883 Sed
