3950 6344
438 426 541 483 953

1092 428 1149 483 Β.
1194 429 1446 487 RAllANl
1488 430 1705 488 ΜΑῐηί
1747 428 2069 486 AllClllEP.
2115 426 2425 485 MOGUNT.
2469 425 2753 483 OPERUM
2793 423 2973 480 PARS
3013 422 3075 479 ll.

3629 419 3732 477 081

435 543 562 612 quid
606 550 689 595 est
714 540 837 603 hoc,
878 540 1077 596 fratres
1113 543 1446 610 cbarissimi,
1477 546 1606 615 quid
1646 546 1699 598 in
1737 545 1822 599 his
1854 545 2035 598 verbis
2065 547 2111 604 Α
2141 542 2295 595 verbi
2333 540 2631 594 ministerio
2659 540 2966 609 fatigemur,
2999 556 3095 595 seu
3133 539 3500 609 indigentibus
3545 549 3731 595 nostra

436 632 722 702 mysticum
746 645 1033 701 possumus
1062 632 1277 696 intueri,
1304 635 1403 687 nisi
1432 636 1532 688 hoc
1558 636 1699 703 quod
1732 635 2027 688 secundum

438 739 501 777 ea
525 738 643 791 qua:
683 723 961 791 praemissa
998 733 1125 776 sunt
1149 708 1263 790 jam
1296 723 1554 792 spiritalis
1576 722 1790 790 adjutor
1812 722 2030 790 majoris

436 812 641 865 ordinis
661 820 823 881 queat
845 811 1090 882 intelligi,
1107 814 1232 882 quia
1255 812 1566 868 sacerdotes
1583 814 1803 883 majoris
1822 815 2029 868 ordinis

438 901 530 971 qui
554 902 824 967 excubant
860 902 912 954 in
943 904 1206 958 custodiis
1247 904 1427 974 templi
1471 904 1637 959 solam
1674 905 2029 959 meridianam

436 994 579 1045 viam
603 993 917 1062 respiciunt,
941 995 1195 1062 quoniam
1219 994 1348 1049 solis
1368 994 1558 1049 studiis
1581 995 1915 1064 spiritalibus
1935 1012 2030 1050 oc-

439 1084 641 1151 cupati,
663 1097 877 1151 semper
903 1083 1011 1146 his,
1036 1100 1154 1152 quae
1177 1085 1380 1138 amoris
1400 1082 1492 1137 Dei
1517 1095 1663 1149 sunt,
1694 1085 1923 1141 sollicite
1954 1087 2034 1139 in-

443 1178 686 1233 tendunt.
722 1178 1045 1233 Sacerdotes
1068 1191 1248 1235 autem
1278 1183 1503 1236 minoris
1538 1181 1772 1245 ordinis,
1800 1181 1891 1250 qui
1921 1180 2032 1234 dis-

440 1269 709 1323 cntiendis
743 1272 983 1338 peccatis
1007 1270 1432 1343 delinquentium
1467 1280 1739 1343 praesunt,
1768 1273 1932 1328 etiam
1964 1272 2033 1326 ad

440 1358 710 1429 aquilonis
734 1361 873 1414 viam
896 1362 1081 1416 oculos
1111 1363 1416 1428 reﬂectunt,
1444 1365 1569 1417 utin
1598 1374 1778 1419 mente
1805 1378 2034 1431 peccan-

438 1447 596 1512 tium,
622 1464 741 1519 quae
762 1452 872 1505 sint
895 1454 1129 1521 torporis
1155 1454 1351 1523 frigora
1378 1455 1624 1507 videant:
1649 1463 1703 1508 et
1724 1455 1835 1508 haec
1856 1454 2035 1507 verbis

445 1540 807 1608 correptionis
834 1557 1003 1611 usque
1026 1544 1090 1597 ad
1122 1545 1449 1613 pmnitentiae
1472 1545 1705 1615 gemitus
1734 1546 2035 1613 perducen-

442 1636 543 1691 tes,
569 1630 722 1699 quasi
754 1647 947 1687 carnes
976 1633 1027 1686 in
1056 1633 1215 1687 altari
1246 1634 1456 1689 Domini
1500 1633 1812 1687 incendunt.
1848 1631 2039 1701 Respi-

444 1719 593 1773 ciunt
615 1720 777 1774 ctiam
798 1737 922 1776 cum
952 1724 1161 1794 magnis
1189 1723 1562 1779 sacerdotibus
1591 1722 1659 1778 ad
1683 1722 2038 1778 meridianam

449 1811 623 1875 viam,
660 1813 785 1881 quia
816 1823 1077 1883 quantum
1106 1814 1172 1869 ad
1208 1817 1527 1885 semetipsos
1564 1825 1649 1871 est
1683 1815 1894 1871 fervent
1918 1816 2039 1886 igne

2136 633 2464 702 largiamur,
2494 633 2606 686 sive
2630 646 2728 700 per
2753 632 3136 685 abstinentiam
3160 646 3383 685 carnem
3422 633 3731 694 domemus,

2136 742 2228 779 seu
2264 724 2380 778 zelo
2420 740 2769 786 moveamur,
2807 724 2921 778 sive
2959 739 3057 793 per
3083 724 3401 793 patientiam
3438 722 3733 791 aliquando

2136 815 2330 869 leniter
2371 831 2536 885 prava
2562 814 2885 877 toleremus,
2928 823 2989 867 ut
3023 831 3120 868 nos
3148 828 3495 883 summopere
3533 814 3730 867 debea-

2136 923 2255 961 mus
2281 907 2635 960 intentionem
2668 915 2910 961 nostram
2942 905 3246 971 discutere,
3274 913 3545 974 quatenus
3571 919 3728 959 omne

2136 998 2279 1066 quod
2318 996 2568 1061 facimus,
2625 1014 2730 1053 non
2777 1007 2987 1062 nostro,
3027 998 3133 1065 sed-
3158 997 3371 1051 Domini
3415 997 3532 1051 zelo
3564 996 3729 1051 facia-

2137 1104 2275 1149 mus,
2314 1102 2381 1141 ne
2409 1088 2461 1142 in
2496 1089 2581 1143 bis
2607 1102 2726 1157 quae
2754 1088 2963 1156 agimus
3000 1088 3158 1142 nobis
3189 1087 3371 1156 potius
3392 1127 3407 1151 ,
3437 1103 3604 1157 quam
3629 1088 3729 1143 Do-

2139 1178 2287 1231 mino
2315 1179 2701 1233 ministrcmus.

2223 1292 2239 1324 ι
2270 1274 2336 1327 Et
2366 1289 2585 1328 mensus
2613 1283 2697 1329 est
2729 1274 2928 1328 atrium
2967 1285 3187 1331 centum
3224 1276 3529 1330 cubitorum
3556 1274 3730 1345 longi-

2146 1384 2164 1415 ‹
2200 1364 2383 1417 tudine
2414 1372 2469 1419 et
2500 1364 2785 1421 latitudine
2839 1374 3058 1419 centum
3115 1366 3419 1420 cubitorum
3473 1380 3571 1436 per
3598 1380 3731 1433 qua-

2146 1477 2163 1509 c
2195 1459 2373 1512 drum.
2413 1477 2430 1507 ι
2482 1457 2783 1529 (Ηὶετοη.)
2863 1457 2971 1513 Iste
3032 1466 3213 1511 autem
3267 1458 3352 1511 vir
3411 1458 3503 1526 qui
3565 1457 3729 1511 intro-

2140 1537 2669 1602 duxit'Ezecbielem
2713 1548 2768 1603 in
2814 1548 3014 1602 atrium
3050 1549 3313 1613 exterius,
3353 1558 3408 1604 et
3446 1556 3507 1603 ut
3546 1548 3623 1601 ita
3651 1546 3732 1602 lo-

2141 1657 2281 1711 quar
2308 1642 2376 1696 ad
2400 1654 2585 1697 sancta
2617 1651 2930 1697 sanctorum
2975 1658 3195 1698 mensus
3218 1651 3301 1697 est
3328 1644 3502 1712 ipsum
3533 1644 3733 1697 atrium

2145 1733 2196 1786 in
2220 1747 2327 1800 quo
2366 1742 2524 1787 erant
2563 1733 2682 1787 duae
2707 1733 2921 1787 exedra:
2964 1734 3078 1788 sive
3123 1733 3511 1804 gazophylacia
3555 1743 3734 1788 custo-

2144 1825 2272 1879 dum
2319 1825 2504 1896 templi
2532 1826 2646 1880 sive
2684 1818 2875 1881 altaris
2912 1827 3237 1881 habitaculis
3269 1827 3532 1896 delegata,
3566 1835 3621 1880 et
3653 1840 3734 1881 re-

443 1903 748 1970 charitatis,
775 1915 831 1959 et
861 1907 1109 1961 succensi
1140 1919 1266 1962 sunt
1293 1907 1524 1963 ﬂammis
1553 1908 1757 1963 amoris
1780 1907 1875 1963 Dei
1901 1925 1913 1961 :
1945 1908 2039 1963 sed
2070 1905 2114 1964 B
2141 1915 2285 1984 perit
2328 1914 2683 1987 longitudinis
2710 1926 2766 1971 et
2796 1916 3099 1971 latitudinis
3128 1932 3226 1986 per
3261 1917 3527 1986 quadrum
3558 1925 3733 1972 cente-

443 1994 569 2061 quia
601 2004 821 2064 peccata
844 1995 1269 2065 delinquentium
1306 1999 1501 2052 crebro
1530 2000 1840 2068 corrigunt,
1871 2000 2036 2054 etiam

445 2090 513 2142 ad
561 2086 829 2156 aquilonis
862 2088 1003 2141 viam
1046 2089 1233 2143 oculos
1279 2088 1584 2144 reflectunt.
1622 2088 1893 2161 (Ηὶενοη.)
1935 2090 2038 2159 Qui

443 2184 660 2250 utrique
686 2196 785 2249 pro
810 2179 1003 2235 ciliciis
1030 2182 1143 2237 suis
1165 2181 1393 2237 Domino
1419 2182 1737 2249 servientes,
1765 2182 2039 2253 appellan-

446 2283 536 2328 tur
558 2273 653 2327 [ilii
681 2271 875 2327 Sadoc.
910 2271 1061 2328 Unde
1088 2273 1336 2328 subditur
1365 2290 1378 2328 :

402 2348 407 2355 ’
522 2380 542 2413 ι
575 2362 667 2416 lsti
701 2370 827 2416 sunt
858 2362 950 2416 lilii
984 2363 1179 2427 Sadoc,
1231 2364 1324 2433 qui
1355 2365 1618 2420 accedunt
1646 2365 1711 2420 de
1742 2364 1868 2420 filiis
1908 2365 2040 2422 Levi

456 2476 475 2510 ‹
514 2456 580 2511 ad
610 2455 919 2522 Dominum,
947 2464 1005 2511 ut
1034 2457 1342 2513 ministrent
1370 2459 1440 2513 ei.
1480 2478 1500 2511 ι
1538 2458 1715 2513 Sadoc
1754 2475 1913 2530 ergo,
1947 2461 2041 2531 qui

448 2549 840 2617 interpretatur
853 2549 1032 2617 justus
1077 2550 1191 2604 sive
1209 2550 1540 2620 justi/imm,
1573 2552 1917 2621 omnipotens
1954 2552 2041 2605 vi-

450 2646 645 2702 delicet
676 2645 833 2699 Deus.
871 2643 948 2699 De
981 2660 1089 2715 quo
1116 2647 1375 2715 scriptum
1413 2654 1498 2701 est
1536 2663 1549 2699 :
1584 2664 1602 2697 ι
1644 2644 1830 2701 Justus
1862 2646 2044 2701 Domi-

450 2751 555 2790 nus
589 2747 643 2789 et
670 2736 910 2804 justitias
954 2735 1171 2802 dilexit,
1215 2730 1497 2806 mquitates
1538 2737 1673 2791 vidit
1713 2737 1894 2792 vultus
1925 2737 2043 2807 ejus

454 2823 637 2898 (Psal.
668 2826 755 2896 x).
812 2845 828 2879 ι
870 2826 961 2882 Isti
1016 2838 1197 2882 autem
1246 2828 1339 2883 ﬁlii
1380 2829 1555 2884 Sadoc
1600 2827 1667 2883 de
1718 2828 1843 2883 filiis
1888 2828 2040 2896 Levi,

454 2918 546 2989 qui
601 2919 991 2988 interpretatur
1034 2930 1352 2990 assumptus,
1396 2930 1452 2975 et
1497 2920 1594 2990 ipsi
1637 2929 1987 2975 assumuntur
2013 2935 2045 2975 a

452 3010 683 3064 Domino
712 3018 771 3063 ut
817 3011 1075 3065 accedant
1114 3010 1182 3064 ad
1211 3027 1333 3066 eum
1369 3019 1423 3066 et
1452 3026 1794 3081 nequaquam
1833 3012 1901 3066 dc
1930 3010 2045 3066 solo

459 3101 672 3159 dicatur
703 3100 887 3172 Moysi,
933 3101 1146 3172 Moyses
1190 3102 1479 3157 accedebat
1506 3102 1571 3157 ad
1610 3101 1921 3166 Dominum,
1953 3101 2045 3156 alii

454 3205 586 3246 vero
617 3207 724 3245 non
762 3191 1110 3256 accedebant,
1150 3192 1244 3246 sed
1276 3207 1487 3256 omnes,
1515 3192 1605 3262 qui
1650 3192 1893 3247 serviunt
1916 3192 1965 3246 ei
1992 3200 2046 3247 et

2143 2021 2243 2061 nos
2289 2007 2521 2071 cubitos,
2574 2017 2634 2063 ut
2663 2009 2975 2063 sacerdotes
3012 2008 3107 2064 Dei
3148 2009 3451 2062 ministerio
3492 2009 3732 2063 servien-

2142 2102 2244 2158 tes,
2278 2096 2370 2165 qui
2398 2112 2496 2165 per
2523 2104 2729 2151 arctam
2774 2106 2827 2153 et
2866 2106 3149 2167 angustam
3189 2097 3331 2150 viam
3375 2097 3729 2161 intraverant,

2142 2185 2380 2239 habeant
2406 2186 2788 2241 deambulacra
2820 2185 3107 2250 latissima,
3138 2193 3192 2239 et
3228 2186 3280 2238 in
3323 2184 3569 2254 perfecto
3617 2202 3732 2241 con-

2143 2288 2522 2348 summatoque
2540 2279 2802 2332 virtutum
2830 2292 3058 2333 numero
3073 2288 3505 2333 commoremur.
3531 2277 3596 2351 (ϐ
3606 2282 3729 2349 reg.)

2145 2370 2299 2442 Smpe
2341 2369 2455 2439 jam
2497 2388 2595 2441 per
2639 2371 3030 2441 longitudinem
3084 2369 3547 2441 longanimitatem
3601 2372 3727 2439 spei,

2140 2476 2242 2531 per
2281 2461 2618 2516 latitudinem
2652 2475 2783 2515 vero
2819 2460 3105 2515 charitatis
3146 2459 3557 2528 amplitudinem
3602 2458 3730 2513 dixi-

2144 2568 2266 2606 mus
2308 2550 2550 2622 ﬁgurari.
2602 2550 2959 2605 Centenarius
2993 2557 3176 2603 autem
3223 2563 3484 2603 numerus
3535 2548 3588 2601 in
3626 2563 3726 2617 quo

2145 2644 2400 2699 denarius
2437 2643 2619 2698 decies
2650 2643 2885 2705 ducitur,
2916 2641 3060 2711 quod
3088 2656 3357 2694 summum
3388 2639 3726 2708 perfectionis

2144 2735 2322 2805 signet
2368 2733 2525 2803 plene
2568 2733 2819 2802 superius
2859 2732 3063 2785 dictum
3115 2738 3217 2783 est.
3260 2726 3401 2794 Quid
3435 2737 3521 2782 est
3557 2730 3724 2797 itaque

2145 2828 2345 2881 atrium
2396 2824 2658 2894 spiritalis
2703 2822 2951 2887 aediﬁcii,
3008 2821 3110 2876 nisi
3162 2819 3463 2889 amplitudo
3499 2820 3720 2875 fidelium

2145 2918 2513 2989 populorum?
2553 2916 2671 2986 lpsa
2699 2924 2879 2969 autem
2924 2914 3306 2984 longanimitas
3345 2914 3495 2983 spei,
3526 2922 3578 2965 et
3616 2912 3725 2965 lati-

2146 3010 2277 3064 tudo
2307 3008 2593 3064 charitatis
2632 3021 2801 3062 vacua
2830 3007 2883 3061 in
2919 3006 3174 3060 cordibus
3212 3004 3447 3059 fidelium
3478 3020 3592 3077 Anon
3630 3014 3721 3065 est,

2146 3114 2270 3153 nam
2327 3112 2427 3169 per
2490 3098 2649 3153 ﬁdem
2712 3096 2978 3167 quidquid
3036 3095 3181 3150 valet
3246 3106 3520 3165 operatur.
3586 3094 3723 3151 Unde

2147 3198 2201 3243 et
2239 3204 2338 3258 per
2390 3187 2619 3244 Paulum
2665 3186 2909 3253 dicitur:
2951 3206 2967 3237 ε
3006 3187 3062 3241 ln
3100 3186 3339 3241 Christo
3389 3185 3517 3241 Jesu
3565 3201 3725 3256 neque

457 3284 768 3338 ministrant
793 3284 1021 3338 Domino
1050 3285 1484 3355 appropinquare
1507 3260 1782 3340 dicuntur.
1812 3280 2041 3357 (στος.)
2072 3260 2115 3322 C
2149 3278 2491 3338 circumcisio
2542 3278 2742 3348 aliquid
2784 3278 2947 3342 valet,
3004 3292 3179 3347 neque
3234 3278 3587 3347 prasputium,
3638 3278 3721 3333 scd

455 3370 655 3427 Omnes
690 3374 856 3438 cnim,
891 3376 981 3442 qui
1010 3385 1423 3443 perseveranter
1460 3376 1794 3445 spiritalibus
1831 3378 2043 3433 actibus

458 3464 743 3519 intendunt
773 3465 863 3519 lilii
889 3464 1020 3533 justi
1059 3477 1200 3531 sunt,
1228 3477 1281 3523 et
1313 3469 1378 3523 de
1410 3469 1535 3524 tlliis
1568 3468 1748 3540 pepuli
1778 3470 2042 3539 assumpti

458 3554 725 3608 accedunt
774 3554 840 3607 ad
883 3554 1170 3609 Dominum
1223 3564 1282 3610 ut
1332 3558 1639 3613 ministrent
1682 3560 1750 3614 ei.
1794 3558 1930 3625 Quia
1977 3560 2043 3615 de

457 3644 592 3716 ipsis
613 3661 827 3716 quoque
859 3647 1105 3703 fidelibus
1126 3649 1415 3719 eligantur,
1440 3651 1531 3719 qui
1563 3651 1629 3705 ad
1656 3652 2045 3720 omnipotentis

459 3736 824 3791 ministerium
858 3739 1113 3803 veniant,
1142 3750 1195 3794 et
1224 3741 1536 3796 caelestibus
1577 3743 1768 3796 studiis
1788 3758 1888 3814 pro
1914 3757 2041 3796 eru-

461 3825 665 3882 ditione
707 3827 889 3898 populi
928 3829 1229 3883 intendant.
1276 3829 1382 3884 Sed
1413 3832 1570 3885 nobis
1601 3832 1829 3887 solerter
1871 3832 2044 3901 inqui-

457 3918 684 3972 rendum
713 3926 818 3983 est,
862 3920 952 3989 qui
985 3928 1131 3984 sunt,
1168 3922 1260 3989 qui
1300 3921 1528 3976 Domino
1572 3922 1904 3976 ministrant.
1942 3922 2045 3978 Nc—

458 4023 564 4077 que
593 4008 740 4062 enim
789 4024 979 4063 omnes
1009 4010 1100 4078 qui
1127 4009 1333 4081 legunt,
1366 4025 1555 4065 omnes
1594 4013 1685 4080 qui
1725 4012 2041 4081 praedicant,

458 4110 646 4151 omnes
670 4098 762 4167 qui
806 4098 1022 4167 propria
1066 4100 1325 4165 tribuunt,
1374 4116 1563 4155 omnes
1606 4102 1696 4170 qui
1743 4117 1838 4171 per
1866 4105 2046 4156 carnis

460 4190 839 4245 abstinentiam
869 4207 1067 4261 corpus
1111 4194 1401 4262 castigant,
1436 4194 1662 4248 Domino
1691 4194 2041 4249 ministrant:

462 4282 553 4350 qui
597 4281 741 4336 enim
790 4281 1017 4353 legendo
1062 4284 1603 4353 atque‘pracdicando
1650 4283 1876 4355 gloriam
1920 4300 2047 4353 pro-

461 4373 633 4440 priam
670 4383 919 4439 quaerunt
942 4414 954 4438 ,
995 4372 1271 4443 largiendo
1306 4389 1426 4442 quae
1456 4374 1694 4439 habent,
1747 4382 1802 4429 et
1850 4389 2047 4445 corpus

461 4478 513 4516 ιη
540 4462 863 4530 abstinentia
902 4464 1258 4527 macerando,
1290 4464 1475 4518 laudes
1507 4464 1748 4534 recipere
1786 4464 1853 4517 ab
1875 4464 2049 4518 homi-

463 4552 622 4606 nibus
647 4561 924 4621 appetunt,
967 4553 1089 4616 sibi,
1121 4568 1226 4607 non
1260 4554 1510 4620 Domino,
1553 4554 1880 4611 ministrant.
1929 4556 2045 4623 Quo

2147 3371 2300 3437 ﬂdes,
2339 3388 2457 3443 qua).
2497 3385 2592 3441 per
2633 3371 2978 3425 dilectionem
3028 3377 3304 3439 Operatur.
3340 3388 3357 3420 ι
3408 3370 3465 3423 Si
3512 3385 3635 3438 ergo
3675 3370 3721 3424 in

2146 3463 2254 3516 vita
2294 3462 2534 3518 fidelium
2576 3460 2729 3528 juxta
2756 3461 3043 3529 quemdam
3084 3459 3300 3513 modum
3356 3475 3453 3529 per
3504 3460 3723 3530 singulos

2145 3552 2383 3623 perfecta
2442 3562 2557 3626 est,
2606 3550 2996 3621 [longanimitas
3045 3549 3177 3619 spei,
3228 3547 3467 3617 perfecta
3518 3549 3723 3602 latitudo

2145 3638 2451 3707 cbarilatis,
2470 3640 2711 3711 perfecta
2727 3640 2995 3695 certitudo
3015 3639 3157 3701 ﬁdei,
3182 3638 3483 3708 perfectum
3503 3640 3721 3695 studium

2145 3731 2477 3801 Operationis
2502 3730 2697 3783 atrium
2730 3728 2913 3798 templi
2957 3743 3055 3798 per
3097 3712 3366 3796 quadrum
3397 3738 3611 3781 centum
3640 3742 3722 3781 cu-

2144 3823 2286 3877 bitos
2320 3822 2500 3875 habet.
2550 3820 2606 3875 lu
2656 3834 2909 3874 mensura
2944 3825 3124 3872 autem
3171 3818 3387 3886 quadri,
3442 3832 3548 3871 non
3594 3816 3722 3870 aliud

2145 3910 2288 3967 latus
2343 3912 2516 3981 majus
2563 3919 2686 3975 est,
2743 3917 2904 3979 atque
2949 3908 3094 3963 aliud
3140 3909 3335 3971 minus,
3390 3909 3485 3962 sed
3544 3916 3719 3963 cuncta

2147 4006 2305 4061 simul
2334 4013 2567 4075 quatuor
2604 4002 2771 4056 latera
2803 4002 2995 4071 tequali
3030 4002 3203 4072 spatio
3230 4002 3523 4057 tenduntur
3556 4020 3568 4054 :
3608 4000 3721 4071 quia

2146 4106 2202 4150 et
2246 4096 2392 4165 ipsas
2433 4094 2649 4148 easdem
2701 4094 2929 4147 virtutes
2971 4107 3105 4160 quas
3132 4092 3393 4157 diximus,
3434 4090 3589 4145 fidem
3624 4090 3718 4145 sci-

2148 4188 2295 4253 licet,
2333 4202 2481 4257 spem
2510 4196 2565 4241 et
2595 4187 2916 4241 charitatem
2947 4194 3110 4253 atque
3146 4184 3541 4254 Operationem,
3563 4197 3720 4255 quan-

2148 4280 2235 4335 diu
2258 4280 2309 4333 in
2345 4278 2449 4333 bac
2476 4278 2585 4332 vita
2612 4277 2842 4331 vivimus
2879 4275 3113 4344 aequales
3143 4275 3243 4329 sibi
3283 4290 3405 4329 esse
3434 4276 3572 4345 apud
3611 4287 3721 4328 nos-

2148 4372 2402 4441 metipsos
2442 4370 2763 4425 invenimus.
2794 4370 2998 4424 Idcirco
3030 4377 3209 4424 autem
3240 4368 3413 4437 major
3450 4385 3579 4440 spe,.
3608 4368 3718 4428 ﬁde.

2147 4465 2385 4520 charitas
2429 4464 2647 4529 dicitur,
2688 4464 2811 4533 quia
2840 4470 3124 4533 postquam
3173 4462 3239 4516 ad
3295 4464 3535 4519 auctoris
3572 4469 3719 4517 nostri

2150 4559 2383 4627 speciem
2429 4558 2762 4626 pervenitur,
2811 4571 2934 4626 spes
2987 4556 3201 4625 quidem
3248 4565 3303 4610 et
3355 4555 3493 4611 fides
3523 4554 3715 4616 transit,

460 4651 646 4697 contra
671 4656 769 4711 per
804 4641 1145 4697 l‘salmistam
1194 4643 1451 4699 Dominus
1480 4645 1609 4700 dicit
1642 4664 1655 4699 :
1693 4664 1711 4695 ι
1747 4644 2045 4701 Ambulans
2072 4616 2124 4675 Β
2151 4616 2243 4704 sed
2268 4616 2507 4703 charitas
2527 4616 3176 4718 permanet..Nam-nunc
3200 4655 3254 4701 et
3280 4656 3539 4716 quantum
3562 4645 3717 4700 credi-

462 4732 518 4787 in
548 4734 630 4786 via
662 4734 1005 4789 immaculata
1048 4736 1135 4790 hic
1166 4737 1296 4791 mihi
1319 4737 1663 4793 ministrabat
1694 4736 1875 4810 (Psal.
1902 4738 1986 4809 c).
2023 4759 2040 4789 ι

462 4821 637 4877 Habet
662 4824 804 4877 enim
839 4824 1103 4879 maculam
1141 4826 1192 4878 in
1219 4826 1324 4889 via,
1353 4827 1442 4895 qui
1475 4827 1526 4879 in
1554 4825 1696 4881 bono
1723 4840 1885 4895 opere
1902 4828 2045 4896 quod

463 4915 594 4984 agit,
642 4922 870 4969 terrenae
906 4914 1091 4985 gloria:
1129 4916 1230 4969 sibi
1270 4917 1548 4985 praemium
1605 4917 1881 4987 proponit,
1919 4917 2045 4985 quia

463 5005 518 5057 in
546 5008 648 5061 hoc
673 5007 871 5059 mttndo
903 5008 1149 5076 recipere
1176 5009 1479 5061 mercedem
1503 5010 1749 5077 requirit.
1770 5009 1835 5062 Et
1877 5008 2048 5063 foedat

462 5094 518 5148 in
546 5105 839 5164 conspectu
865 5096 956 5151 Dei
982 5097 1214 5165 speciem
1256 5097 1380 5151 boni
1408 5099 1587 5167 operis
1619 5098 1824 5153 macula
1864 5113 2045 5168 prava:

465 5185 800 5241 intentionis.
856 5186 1104 5240 Fortasse
1143 5188 1341 5241 etenim
1385 5189 1507 5257 quis
1536 5188 1831 5258 disciplinae
1869 5188 2046 5242 studio

469 5275 711 5328 intentus
754 5272 945 5339 fervet,
992 5275 1176 5344 culpas
1215 5277 1643 5345 delinquentium
1690 5288 1919 5344 resecat,
1953 5278 2045 5347 qui

468 5377 647 5421 tamen
672 5366 738 5419 ad
766 5367 881 5422 hzec
902 5368 1105 5437 agenda
1132 5370 1175 5422 si
1208 5385 1314 5423 non
1340 5384 1406 5423 ex
1432 5369 1814 5439 omnipotentis
1836 5384 2044 5434 amore,

466 5458 560 5512 sed
590 5459 810 5529 proprio
838 5459 1089 5513 ducitur:
1119 5461 1222 5514 sibi
1255 5460 1307 5514 in
1348 5461 1433 5514 his
1466 5468 1521 5514 et
1546 5476 1649 5515 non
1683 5462 1908 5515 Domino
1939 5460 2043 5514 mi—

468 5550 680 5604 nistrat.
722 5549 874 5604 Alius
902 5563 969 5603 ne
998 5565 1156 5620 asper
1178 5567 1296 5605 esse
1331 5552 1597 5616 videatur,
1643 5552 1809 5605 multa
1852 5552 2047 5606 leniter

470 5638 681 5703 tolerat,
709 5655 827 5709 qua:
850 5650 1253 5710 perpetrantur.
1295 5642 1345 5695 ls
1380 5642 1559 5711 itaque
1592 5643 1717 5711 quia
1744 5642 1909 5697 videri
1949 5656 2047 5712 pro

472 5728 695 5783 Domino
720 5730 997 5784 districtus
1026 5746 1130 5785 non
1152 5729 1263 5783 vult
1294 5744 1390 5799 per
1408 5729 1646 5784 lenitatis
1675 5746 1783 5785 sua:
1808 5730 2044 5785 studium

469 5820 570 5873 sibi
603 5829 655 5875 et
682 5836 785 5875 non
816 5820 1041 5876 Domino
1067 5822 1356 5876 ministrat.
1388 5820 1578 5876 Restat
1606 5837 1737 5891 ergo
1769 5834 1826 5877 ut
1856 5825 1967 5878 sive
1993 5824 2045 5876 in

2151 4755 2292 4803 mus,
2321 4746 2531 4792 tantum
2563 4752 2827 4801 amamus,
2852 4744 2908 4790 et
2935 4744 3197 4805 quantum
3240 4752 3488 4791 amamus
3528 4744 3713 4789 tantum

2151 4830 2217 4885 de
2256 4845 2351 4899 spe
2400 4830 2799 4899 praesumimus.
2830 4828 2905 4884 De
2945 4828 3049 4883 fide
3096 4844 3311 4898 quoque
3336 4840 3389 4883 et
3420 4828 3713 4897 operatione

2147 4919 2384 4974 Joannes
2405 4918 2677 4988 apostolus
2708 4918 2905 4971 fatetur
2929 4918 3111 4972 dicens
3138 4935 3151 4969 :
3187 4917 3319 4983 «Qui
3343 4933 3402 4973 se
3428 4918 3555 4972 dicit
3577 4928 3712 4969 nosse

2152 5010 2342 5073 Deum,
2389 5017 2445 5063 et
2473 5008 2726 5062 mandata
2758 5006 2873 5075 ejus
2921 5024 3027 5061 non
3067 4992 3325 5071 custodit,
3373 5008 3597 5062 mendax
3640 5012 3710 5059 est

2150 5099 2201 5170 (I
2232 5098 2391 5153 Joan.
2439 5097 2522 5167 ιι).
2558 5095 2757 5152 Notitia
2810 5099 3005 5168 quippe
3052 5098 3143 5152 Dei
3176 5098 3242 5152 ad
3286 5097 3445 5152 fidem
3502 5096 3709 5166 pertinet

2150 5188 2549 5253 mandatorum,
2578 5189 2823 5243 custodia
2880 5187 2947 5241 ad
2988 5189 3379 5257 operationem.
3428 5187 3557 5243 Cum
3596 5198 3706 5253 ergo

2149 5279 2322 5332 virtus
2352 5286 2560 5349 tempus
2597 5288 2653 5331 et
2698 5279 2872 5331 locum
2898 5278 3152 5346 operandi
3194 5278 3416 5347 appetit,
3440 5286 3580 5331 tanto
3602 5274 3705 5345 quis

2150 5379 2423 5439 operatur,
2477 5380 2677 5439 quanto
2708 5369 2873 5423 Deum
2906 5371 3138 5428 noverit.
3166 5380 3221 5424 et
3270 5378 3418 5423 tanto
3460 5387 3516 5424 se
3560 5370 3703 5424 Deum

2154 5477 2314 5515 nosse
2352 5461 2573 5525 indicat,
2604 5470 2860 5529 quantum
2894 5476 2988 5529 per
3020 5462 3156 5515 bona
3194 5470 3468 5530 Operatur.
3512 5461 3707 5515 Metian-

2156 5560 2243 5605 tur
2290 5568 2421 5621 ergo
2476 5551 2657 5605 fideles
2706 5551 2881 5621 pepuli
2916 5552 3142 5605 virtutes
3189 5551 3241 5603 in
3295 5551 3575 5619 quadrum,
3596 5549 3702 5618 quia

2156 5643 2521 5711 unusquisque
2573 5644 2665 5711 qui
2695 5642 2745 5695 in
2788 5642 2975 5695 activa:
3006 5646 3128 5695 vitm
3163 5642 3422 5697 exercitio
3464 5649 3701 5699 versatur,

2158 5742 2365 5787 tantum
2417 5732 2587 5785 credit
2634 5742 2894 5800 quantum
2951 5740 3153 5800 sperat,
3184 5741 3329 5786 amat
3373 5742 3430 5787 et
3455 5739 3703 5806 apt-ratur,

2160 5833 2363 5876 tantum
2414 5830 2595 5891 sperat
2654 5832 2912 5889 quantum
2941 5822 3132 5883 credit.
3167 5831 3444 5889 operatur.
3475 5830 3526 5877 et
3561 5828 3703 5881 amat,
