3950 6324
471 415 579 471 937

1128 409 1193 465 Β.
1234 409 1493 476 RABANI
1533 409 1754 467 ΜΑυῐιι
1794 404 2115 465 AllClllEP.
2157 401 2469 463 MOGUNT.
2512 401 2801 461 OPERUM
2842 403 3025 460 PARS
3061 403 3126 459 ll.

3694 397 3802 455 ass

468 543 694 583 censum
750 524 967 580 flamma
1032 524 1237 578 amoris
1307 526 1599 579 ardeamus
1654 522 1759 576 Per
1824 536 2089 590 compun-
2116 530 2161 585 Α
2196 520 2341 575 tibus
2362 520 2557 575 colum:
2582 535 2626 573 re
2652 530 2828 584 erant,
2866 534 2970 573 una
3009 520 3155 582 hinc,
3196 528 3249 573 et
3286 518 3456 573 altera
3502 517 3649 571 inde.
3687 514 3805 569 Neu

469 619 669 673 ctionis
717 626 897 671 autem
939 615 1230 685 lacrymas,
1274 615 1349 667 nil
1409 623 1707 675 terrenum,
1765 611 1839 665 nil
1890 610 2089 665 transi-

473 709 673 762 lorium
710 720 954 775 quaerere
998 704 1280 760 debemus.
1328 704 1489 759 Solus
1520 702 1675 756 nobis
1710 702 1823 769 ipse
1854 700 2089 755 sufiieiat

469 798 559 866 qui
578 796 708 850 fecit
732 796 911 849 omnia
934 813 945 847 :
966 795 1410 854 transcendamus
1426 807 1522 862 per
1539 790 1867 845 desiderium
1883 791 2084 852 omnia,

469 897 530 942 ut
554 897 788 942 mentem
814 886 1136 954 colligamus
1190 886 1242 939 in
1274 900 1399 938 uno.
1444 883 1558 938 Non
1587 881 1700 951 jam
1742 884 1937 937 timore
1965 896 2085 951 pa:-

469 997 537 1035 na
549 995 687 1043 rum,
707 995 813 1033 non
830 979 1091 1033 memoria
1108 979 1383 1042 vitio‘rnm,
1403 979 1494 1031 sed
1512 978 1715 1030 amoris
1729 976 1943 1029 llamma
1971 992 2089 1030 suc-

470 1070 650 1133 censi,
702 1069 990 1123 ardeamus
1038 1068 1091 1121 in
1133 1067 1388 1137 lacrymis
1429 1083 1551 1120 cum
1584 1066 1751 1120 odore
1798 1065 2082 1119 virtutum.

554 1179 570 1213 ι
600 1161 669 1214 Et
706 1159 1009 1214 introduxit
1042 1175 1128 1212 me
1158 1160 1211 1212 in
1241 1157 1565 1211 vestibulum
1605 1157 1812 1227 templi,
1846 1165 1900 1211 et
1937 1171 2089 1210 men-

477 1269 496 1303 ι
532 1268 624 1305 sus
653 1260 737 1304 est
767 1249 1092 1303 vestibuhun
1118 1250 1354 1319 quinque
1391 1250 1588 1303 culzitis
1629 1250 1775 1312 hinc,
1825 1258 1879 1301 et
1924 1248 2087 1317 quin-

480 1360 498 1393 ς
533 1356 637 1409 que
662 1339 859 1393 cubitis
886 1340 1028 1393 imle.
1058 1339 1126 1393 Et
1176 1338 1516 1393 latitudinem
1547 1347 1714 1408 portae
1738 1338 1900 1391 trimn
1938 1337 2090 1391 cuti-

480 1450 499 1482 (
541 1442 717 1486 tormn
768 1431 913 1494 hinc,
952 1440 1007 1483 et
1033 1432 1194 1484 trium
1238 1432 1546 1485 cubitorum
1591 1431 1732 1484 inde.
1767 1429 2088 1499 Lougitudi-

479 1540 500 1572 ι
549 1538 667 1575 nem
693 1531 872 1574 autem
898 1520 1149 1575 vestibuli
1179 1522 1367 1591 viginti
1390 1522 1720 1585 cubitorum,
1748 1520 2088 1575 latitudinem

480 1632 499 1663 ι
536 1613 785 1667 undecim
836 1614 1163 1675 cubitorum,
1196 1622 1251 1667 et
1274 1624 1397 1668 octo
1415 1614 1672 1681 gradibus
1693 1614 2089 1667 ascendebatur

483 1721 503 1755 ι
537 1704 605 1757 ad
647 1720 787 1758 eam.
822 1723 839 1753 ι
875 1701 1148 1774 (Ηὶενοη.)
1176 1702 1531 1771 Supradictus
1560 1718 1777 1773 quoque
1810 1705 1891 1757 vir
1914 1704 2086 1758 intro-

474 1794 629 1850 duxit
652 1796 991 1849 Ezeehielem
1017 1794 1071 1849 in
1102 1795 1423 1848 vestibulum
1449 1796 1562 1849 sive
1594 1797 1853 1870 πρόπυλον
1882 1785 2086 1865 templi,

2190 612 2329 665 dixit
2362 612 2501 675 dure,
2542 627 2609 667 ne
2653 611 2704 665 in
2740 611 2954 664 dualem
2996 612 3302 667 incurreret
3340 626 3679 671 numerum,.
3710 610 3806 663 sed

2190 718 2295 755 una
2325 712 2381 757 et
2410 719 2539 767 una,
2578 704 2669 773 qui
2713 702 2988 772 perfectus
3017 710 3100 756 est
3149 716 3426 763 numerus,
3486 710 3543 754 et
3600 700 3807 754 unione

2190 794 2271 846 sui
2298 794 2537 847 imitatur
2576 794 2762 849 Deum.
2805 793 2912 847 Illa:
2945 802 3125 847 autem
3158 802 3314 847 erant
3351 793 3617 847 columna:
3662 792 3804 855 dure,

2189 885 2257 939 de
2297 887 2493 955 quibus
2532 896 2587 939 et
2620 888 2670 939 in
2724 885 3047 957 Apocalypsi
3094 886 3334 941 dicitur:
3375 905 3392 936 ι
3439 886 3541 953 Qui
3584 884 3803 946 vicerit,

2191 975 2383 1030 faciam
2412 992 2534 1031 eum
2572 976 2877 1031 columnam
2911 977 2963 1029 in
2998 976 3198 1045 templo
3246 977 3341 1031 Dei
3371 976 3499 1038 mei,
3559 983 3614 1028 et
3652 972 3808 1027 foras

2186 1081 2294 1119 non
2327 1066 2653 1135 egredietur.
2698 1086 2714 1116 ›
2755 1066 2817 1119 Et
2852 1065 3047 1120 Petrus
3071 1082 3131 1120 ac
3152 1065 3390 1121 Joannes
3414 1066 3684 1121 columine
3706 1080 3807 1133 ap.

2188 1155 2459 1225 pellantur
2493 1156 2770 1220 Ecclesire,
2804 1172 2900 1226 per
2943 1173 3081 1226 quos
3126 1158 3459 1227 ingredimur
3496 1157 3564 1212 ad
3596 1155 3807 1211 Sancta

2190 1260 2523 1313 sanctorum,
2558 1259 2613 1304 et
2642 1265 2872 1319 quorum
2903 1251 3149 1305 doctrina
3179 1251 3246 1304 ad
3284 1249 3585 1313 Christum,
3614 1257 3809 1305 noster

2190 1339 2451 1394 introitus
2490 1351 2591 1394 est.

2265 1451 2283 1481 ι
2328 1432 2681 1499 Eteolumnm
2708 1441 2866 1487 erant
2907 1432 2960 1486 in
3005 1431 3274 1487 frontibus
3304 1450 3409 1488 una
3438 1436 3565 1489 hinc.
3614 1444 3672 1488 et
3725 1430 3808 1487 al-

2196 1541 2214 1572 ι
2252 1531 2362 1577 tera
2399 1522 2539 1577 inde.
2576 1542 2592 1573 ι
2627 1522 2702 1577 De
2728 1523 2923 1591 quibus
2948 1523 3214 1578 columnis
3257 1524 3309 1577 in
3344 1524 3479 1579 libro
3511 1525 3719 1595 Regum
3749 1532 3807 1577 ct

2187 1612 2638 1682 Paralipomenon
2692 1612 2925 1683 legitur,
2982 1612 3071 1668 ubi
3139 1622 3412 1667 structura
3465 1613 3648 1681 templi
3704 1613 3807 1667 Sa-

2191 1702 2474 1757 lomoniaci
2516 1711 3002 1767 commemoratur,
3033 1702 3176 1773 quod
3213 1704 3266 1757 in
3298 1704 3566 1758 vestibulo
3615 1704 3801 1773 templi

2192 1814 2352 1850 unam
2381 1798 2621 1866 posuerit
2648 1813 2678 1851 a
2707 1798 2932 1860 dextris,
2972 1805 3026 1851 et
3052 1796 3277 1850 alteram
3309 1812 3338 1849 a
3369 1797 3608 1851 sinistris
3639 1796 3801 1863 juxta

475 1886 620 1957 quod
662 1901 881 1940 mensus
915 1894 999 1938 est
1037 1885 1276 1954 quinque
1316 1885 1515 1939 cubitis
1568 1886 1696 1939 hinc
1738 1895 1793 1938 et
1841 1886 2081 1955 quinque
2116 1883 2157 1940 Β
2186 1889 2385 1941 ostium
2430 1889 2636 1958 templi.
2705 1888 2795 1941 Ila:
2825 1898 2953 1943 sunt
2977 1888 3231 1942 videlicet
3256 1887 3547 1949 columnaa,
3580 1886 3648 1941 de
3672 1888 3800 1957 qui-

475 1977 671 2031 cubitis
696 1978 837 2037 inde,
863 1976 1116 2045 quoniam
1143 1978 1232 2045 qui
1259 1976 1601 2031 introductus
1616 1987 1720 2042 est,
1747 1977 1945 2032 divinis
1972 1996 2090 2032 scu-

474 2068 627 2121 sibus
660 2066 835 2119 fuerat
879 2068 1124 2121 eruditus
1154 2084 1166 2119 :
1193 2077 1248 2120 et
1302 2082 1402 2121 nec
1433 2068 1683 2121 dextram
1716 2079 1945 2122 noverat
1987 2085 2087 2124 nec

476 2158 771 2220 sinistram,
840 2157 937 2211 sed
994 2158 1080 2211 via
1149 2158 1295 2229 regia
1356 2160 1780 2230 ingrediebatur.
1834 2160 2089 2216 Latituth

476 2259 657 2301 autem
685 2248 852 2315 ipsius
879 2258 1070 2316 portze,
1099 2264 1197 2318 per
1224 2264 1386 2318 quam
1417 2250 1673 2304 introitus
1718 2261 1836 2304 erat
1882 2253 1951 2306 ad
1992 2268 2088 2306 ve-

474 2338 732 2393 stibulum
771 2340 975 2409 templi,
1001 2340 1233 2395 habebat
1257 2353 1443 2396 ternos
1468 2343 1683 2396 cubitos
1708 2343 1833 2397 hinc
1859 2353 1913 2399 et
1942 2344 2085 2397 inde.

477 2432 534 2487 In
568 2450 676 2503 quo
715 2432 1009 2504 Scriptum
1039 2446 1242 2489 saucuc
1263 2434 1600 2491 observanda
1629 2437 1922 2509 elegantia,
1941 2439 2089 2507 quod

478 2539 585 2577 non
639 2524 841 2579 dixerit
879 2540 911 2577 a
956 2524 1146 2592 dextra
1191 2535 1248 2579 et
1290 2526 1515 2581 sinistra
1546 2547 1557 2581 :
1591 2544 1658 2583 ne
1707 2528 1989 2583 videretur
2034 2530 2087 2583 in

476 2613 685 2667 sanctis
724 2622 1039 2667 sanctorum
1076 2614 1359 2669 sinistrum
1402 2616 1605 2686 aliquid
1654 2620 1960 2683 nominare,
1993 2622 2088 2675 sed

482 2705 703 2760 hinc‘et
736 2706 881 2771 inde,
940 2706 991 2760 id
1036 2716 1142 2771 est,
1183 2724 1249 2762 ex
1282 2717 1513 2778 utraque
1546 2721 1720 2779 parte.
1778 2711 2089 2784 Statimque

477 2797 715 2867 prudens
740 2795 911 2851 lector
941 2796 1215 2866 intelligit,
1252 2800 1453 2853 trinum
1480 2817 1768 2856 numerum
1807 2803 1876 2857 ad
1906 2803 2085 2857 Triui-

477 2888 607 2943 tatis
637 2888 956 2957 mysterium
993 2890 1290 2957 pertinere,
1325 2905 1447 2959 qure
1480 2900 1637 2962 porta
1668 2901 1751 2948 est
1778 2894 2087 2964 ingredien-

475 2977 610 3031 tium
642 2978 709 3031 ad
744 2976 912 3031 Deum
941 2995 955 3030 :
981 2978 1108 3031 dum
1146 2988 1201 3033 et
1232 2979 1396 3033 Pater
1437 2980 1489 3033 iu
1520 2979 1659 3036 Filio
1692 2991 1798 3047 est,
1831 2992 1886 3037 et
1920 2982 2087 3039 Filius

475 3070 531 3124 in
563 3070 743 3132 Patre,
772 3078 827 3124 et
878 3070 929 3123 in
964 3078 1194 3139 utroque
1230 3069 1470 3139 Spiritus
1501 3082 1722 3129 sanctus
1748 3092 1761 3127 :
1786 3075 1880 3145 qui
1914 3077 2088 3129 lrinus

474 3176 733 3214 numerus
774 3176 877 3215 una
917 3170 1072 3231 porta
1091 3173 1186 3217 est
1218 3178 1429 3227 eorum,
1459 3165 1552 3235 qui
1596 3178 1719 3236 post
1746 3166 2083 3237 baptismum

473 3250 775 3315 Trinitatis,
807 3254 1127 3322 perveniunt
1161 3256 1229 3308 ad
1260 3256 1510 3310 Salutem.

547 3343 700 3409 Quod
727 3353 907 3398 autem
959 3345 1204 3413 sequitur
1237 3364 1255 3394 ι
1297 3345 1576 3413 longitudo
1622 3347 1874 3402 vestibuli
1905 3348 2079 3419 vigin-

474 3438 516 3491 ti
554 3436 858 3491 cubitorum
892 3475 909 3501 ,
954 3446 1009 3491 et
1062 3436 1290 3493 latitudo
1348 3440 1599 3495 undecim
1654 3441 2000 3504 cubitorum,
2056 3460 2075 3492 ι

473 3532 690 3586 videtur
730 3529 911 3585 facere
974 3532 1328 3601 qumstionem
1366 3574 1381 3597 ,
1432 3534 1701 3603 quomodo
1760 3533 1935 3588 dualis
1972 3550 2075 3587 nu-

473 3637 697 3684 merus,
761 3622 853 3691 qui
915 3621 1151 3676 refertur
1208 3623 1276 3677 ad
1325 3624 1461 3676 duas
1523 3622 1797 3687 deeadas,
1848 3632 1906 3678 et
1982 3639 2082 3677 uo-

477 3714 743 3779 decimus,
783 3716 875 3783 qui
924 3731 1033 3768 uno
1075 3716 1280 3787 indiget
1322 3726 1380 3770 ut
1414 3734 1632 3771 sacrum
1664 3726 1951 3772 nttmerum
1989 3733 2082 3773 ex-

476 3803 616 3874 pleat
645 3802 1021 3858 duodecinuuu
1062 3806 1113 3859 in
1158 3805 1429 3860 vestibulo
1470 3807 1656 3877 templi
1682 3823 1803 3862 esse
1825 3807 2074 3862 dicatur:

476 3895 630 3962 Quod
660 3894 907 3965 plerique
935 3897 1014 3950 sic
1048 3898 1283 3950 solvunt.
1331 3898 1592 3964 Quamvis
1630 3898 1805 3953 sancti
1835 3898 1947 3953 sint
1991 3913 2079 3952 sa-

471 3986 742 4049 cerdotes,
766 3986 895 4040 etin
922 3986 1102 4055 templi
1136 3988 1451 4042 ministeriis
1476 3988 1745 4052 collocati,
1763 3997 1817 4042 et
1838 3987 2081 4058 quotidie

476 4078 727 4133 victimas
754 4077 989 4134 oderant
1027 4079 1265 4145 Christo,
1302 4092 1483 4137 tamen
1519 4083 1644 4152 quia
1688 4082 1741 4136 in
1788 4083 1890 4137 hoc
1930 4099 2081 4137 mor-

477 4168 572 4222 tali
616 4167 899 4239 fragilique
949 4172 1293 4240 corpusculo,
1337 4182 1394 4226 et
1422 4172 1868 4243 argrotationibus
1906 4175 2079 4229 vitiis-

472 4272 582 4327 que
642 4257 883 4326 subjecto
950 4271 1396 4328 commorantur,
1463 4264 1796 4318 vieenarium
1880 4264 2082 4320 habent

476 4362 857 4418 uumerum,et
882 4352 1246 4408 undeciumm.
1278 4353 1433 4409 Unde
1483 4353 1695 4409 dicebat
1748 4362 1806 4409 et
1845 4354 2076 4423 Aposto-

474 4437 561 4492 lus
599 4455 612 4490 :
655 4457 673 4488 ι
715 4438 877 4493 Miser
911 4455 1012 4511 ego
1039 4441 1219 4506 homo,
1260 4444 1383 4512 quis
1423 4459 1509 4498 me
1552 4443 1807 4499 liberabit
1845 4445 1913 4499 de
1950 4460 2075 4500 eor-

474 4544 609 4601 pore
630 4529 819 4585 mortis
839 4530 998 4601 hujus
1020 4530 1327 4602 (Renum).
1361 4551 1379 4583 ι
1409 4532 1525 4587 Non
1544 4534 1689 4603 quod
1701 4533 1860 4603 juxta
1894 4535 2074 4589 saevis-

2194 1979 2294 2033 bus
2320 1978 2519 2032 Paulus
2547 1980 2623 2031 ait
2643 1976 2784 2049 (Gal.
2814 1980 2871 2039 ιι)
2903 1997 2916 2031 :
2956 1997 2973 2028 ‹
3004 1976 3259 2042 Jacobus,
3298 1981 3529 2049 Cephas,
3556 1991 3609 2034 et
3639 1979 3806 2034 Joan-

2196 2085 2326 2132 nes,
2380 2068 2471 2138 qui
2528 2070 2850 2123 videbantur
2901 2068 3167 2123 eolumnrc
3218 2085 3370 2133 esse,
3428 2072 3652 2125 dextras
3716 2072 3806 2125 de-

2192 2161 2388 2213 derunt
2423 2159 2555 2213 mihi
2583 2170 2637 2213 et
2669 2159 2927 2214 Barnabte
2970 2160 3266 2223 societatis,
3300 2172 3356 2214 ut
3387 2178 3483 2215 nos
3522 2162 3577 2215 in
3625 2172 3803 2229 genti-

2191 2254 2315 2317 bus,
2350 2252 2423 2306 illi
2454 2262 2637 2306 autem
2689 2252 2740 2306 in
2794 2252 3228 2322 circumcisione.
3265 2274 3282 2304 ι
3336 2252 3543 2320 Quibus
3596 2254 3798 2313 verbis,

2192 2346 2350 2416 quasi
2372 2361 2645 2416 exponere
2666 2348 2877 2401 videtur
2920 2346 3241 2417 mysterium
3272 2350 3650 2401 columnarum
3688 2362 3798 2400 ma-

2194 2437 2464 2493 terialium
2496 2446 2589 2502 ;et
2624 2438 2753 2507 quid
2800 2437 3474 2507 videlicet.tignravenut,
3512 2448 3572 2493 et
3624 2454 3801 2503 quare

2191 2528 2312 2583 dna:
2349 2528 2455 2583 sint
2485 2526 2658 2583 factm.
2691 2528 2981 2597 Apostolus
3008 2545 3241 2599 namque
3272 2543 3323 2583 et
3355 2531 3605 2585 du'ctores
3628 2547 3801 2584 eune-

2190 2618 2230 2672 ti
2284 2619 2553 2688 spiritales
2577 2619 2913 2690 signiﬁcant:
2966 2621 3141 2675 fortes
3183 2620 3438 2675 ninurmn
3474 2620 3575 2676 fide
3626 2630 3796 2690 atque

2190 2725 2355 2779 opere
2401 2720 2455 2765 et
2486 2709 2942 2779 contemplatione
2980 2711 3046 2764 ad
3102 2726 3335 2779 superna
3391 2715 3613 2766 eleCtos.
3671 2715 3797 2767 Dea:

2190 2810 2320 2856 Sunt
2348 2812 2554 2864 autem,
2601 2810 2661 2854 ut
2712 2811 2767 2855 et
2806 2812 3015 2870 gentes,
3058 2812 3109 2857 et
3140 2802 3612 2858 circumcisionem
3656 2818 3795 2873 pra)-

2189 2892 2421 2947 dicando
2464 2892 2516 2945 in
2548 2890 2846 2946 Ecclesiam
2894 2892 3260 2948 introducam.
3295 2892 3521 2948 Stabant
3581 2897 3632 2947 in
3664 2909 3792 2963 por-

2188 2984 2301 3038 ticu
2330 2993 2457 3038 ante
2494 2982 2639 3038 fores
2688 2983 2894 3054 templi,
2936 2995 2991 3039 et
3043 2984 3347 3055 ingressum
3390 2986 3533 3041 illius
3571 3002 3669 3039 suo
3694 2986 3791 3041 de-

2188 3088 2316 3129 core
2354 3088 2418 3129 ac
2464 3072 2869 3144 pulchritudine
2906 3089 2973 3129 ex
3004 3086 3232 3145 utraque
3272 3085 3426 3145 parte
3470 3076 3791 3131 mirabiliter

2188 3165 2475 3219 ornabant.
2500 3164 2712 3219 Ostium
2742 3174 2921 3221 autem
2956 3167 3139 3236 templi
3170 3168 3429 3221 lioiuinus
3452 3180 3537 3223 est
3568 3187 3580 3221 :
3622 3186 3640 3219 ι
3662 3170 3784 3239 quia

2111 3243 2156 3305 C
2191 3270 2351 3309 nemo
2386 3255 2532 3309 venit
2560 3257 2626 3309 ad
2660 3246 2895 3319 Patrem,
2932 3258 3032 3311 nisi
3063 3274 3159 3328 per
3190 3259 3360 3328 ipsqu
3386 3259 3567 3329 (.Ioau.
3607 3276 3736 3329 xiv).
3762 3281 3779 3310 ι

2190 3348 2257 3403 Et
2310 3350 2450 3405 sicut
2498 3350 2624 3405 alibi
2676 3350 2850 3405 dicit:
2887 3369 2905 3400 ι
2938 3351 3047 3419 Ego
3075 3367 3196 3405 sum
3226 3351 3450 3413 ostium,
3485 3367 3584 3420 per
3627 3367 3710 3406 me
3742 3353 3786 3406 si

2186 3440 2311 3511 quis
2364 3441 2655 3501 introierit,
2707 3441 3010 3497 salvabitur
3030 3441 3220 3513 (Joan.
3276 3450 3353 3512 κ).
3390 3463 3407 3494 ι
3442 3442 3597 3509 Quod
3638 3444 3784 3497 video

2183 3528 2311 3585 licet
2328 3529 2591 3584 columna:
2604 3530 2673 3583 ab
2704 3538 2936 3600 utroque
2949 3531 3121 3585 latere
3145 3546 3327 3585 coram
3348 3532 3534 3602 positae
3557 3533 3787 3587 circum-

2183 3628 2350 3684 stant,
2373 3635 2495 3674 cum
2528 3620 2762 3674 ministri
2802 3620 3069 3676 sermonis
3097 3622 3313 3690 utrique
3362 3622 3559 3691 populo
3604 3622 3786 3677 introi-

2185 3722 2295 3767 tum
2330 3712 2476 3783 regni
2528 3713 2769 3767 cmlestis
2797 3713 3123 3768 ostendunt:
3152 3724 3211 3767 ut
3238 3714 3352 3769 sive
3394 3730 3421 3767 a
3456 3715 3577 3769 luce
3606 3716 3783 3771 scien-

2183 3804 2271 3859 tite
2320 3803 2507 3874 legalis
2554 3804 2804 3874 quisque,
2867 3820 2960 3860 seu
3004 3820 3071 3861 ex
3126 3806 3304 3873 rigore
3355 3806 3682 3875 gentilitatis
3720 3806 3786 3859 ad

2183 3896 2343 3950 fidem
2370 3895 2643 3967 Evangelii
2671 3896 2901 3960 venerit,
2934 3896 3132 3950 habeat
3167 3908 3388 3966 paratos
3416 3910 3530 3957 eos,
3563 3898 3655 3966 qui
3685 3896 3785 3951 sibi

2180 3990 2287 4044 iter
2341 3987 2531 4043 salutis
2556 3997 2611 4042 et
2642 3989 2806 4042 verbo
2853 3990 3228 4043 demonstrent
3282 3999 3334 4041 et
3364 3990 3634 4057 exetuplo.
3692 3987 3783 4043 Vel

2179 4090 2351 4145 certe,
2384 4080 2509 4148 quia
2537 4080 2605 4134 de
2645 4079 2835 4134 iisdem
2856 4079 3125 4135 columnis
3156 4080 3295 4134 libro
3334 4080 3782 4149 Paralipomenon

2182 4170 2257 4225 ita
2306 4169 2569 4238 scriptum
2626 4178 2755 4223 est:
2809 4188 2826 4219 ι
2871 4168 3128 4240 lpsasque
3174 4168 3456 4224 columnas
3496 4171 3679 4239 posuit
3730 4170 3783 4224 in

2179 4258 2469 4323 vestibulo,
2518 4275 2677 4313 unam
2707 4276 2737 4313 a
2768 4260 2974 4315 dextris
2999 4268 3055 4315 et
3090 4258 3317 4325 alteram
3358 4276 3389 4315 a
3418 4260 3660 4316 sinistris
3692 4259 3781 4331 (II

2181 4351 2314 4405 Par.
2346 4350 2451 4422 ut).
2492 4369 2511 4403 ο
2555 4351 2681 4405 ldeo
2707 4360 2832 4406 sunt
2859 4352 2978 4406 dure
3005 4350 3160 4407 facta:
3189 4352 3473 4416 columine,
3504 4363 3670 4423 atque
3708 4353 3778 4407 ita

2182 4443 2477 4513 dispositae,
2496 4451 2564 4497 ut
2590 4443 2745 4497 nobis
2767 4451 2823 4498 et
2851 4443 2904 4497 in
2931 4442 3204 4514 prosperis
3235 4451 3290 4497 et
3324 4445 3375 4496 in
3414 4445 3667 4500 alvei-sis
3696 4446 3779 4498 in-

2182 4550 2431 4605 gressum
2465 4534 2655 4603 patri-.e
2687 4534 2944 4599 caelestis,
2976 4543 3102 4589 ante
3132 4534 3320 4589 oculos
3342 4535 3541 4589 mentis
3581 4536 3779 4591 haben-

476 4620 673 4671 simam
701 4620 949 4675 lueresim
973 4620 1236 4675 abolenda
1258 4637 1487 4692 corpora
1504 4638 1622 4678 esse
1644 4624 1958 4689 credamus,
1981 4625 2073 4680 sed
2106 4601 2154 4660 D
2180 4627 2310 4679 dum
2332 4641 2454 4681 esse
2483 4627 2734 4681 doceant.

476 4711 625 4785 quod
669 4715 779 4766 voti
828 4714 1000 4767 nostri
1048 4715 1120 4769 sit
1168 4719 1543 4786 supervestiri,
1579 4736 1684 4773 non
1738 4721 1980 4791 spoliari,
2018 4732 2073 4776 et

476 4803 708 4858 mortale
760 4804 863 4859 hoc
912 4807 1161 4876 accipere
1208 4809 1711 4874 immortalitatem,
1758 4822 1816 4866 et
1878 4828 2070 4868 eorru-

473 4894 685 4963 ptivum
714 4894 935 4950 induere
960 4897 1441 4967 incorruptionem.
1468 4900 1537 4954 Et
1567 4910 1689 4955 octo
1709 4903 1965 4973 gradibus
1986 4918 2073 4957 as-

475 4984 808 5041 eeodebatur
842 4988 911 5042 ad
948 5002 1090 5042 eam.
1136 4986 1272 5042 Octo
1298 4990 1413 5043 sive
1449 4990 1637 5045 decem
1676 4992 1935 5060 gradibus
1980 4994 2070 5062 qui

473 5075 747 5141 periectas
760 5084 843 5131 est
866 5092 1147 5142 numerus,
1166 5079 1549 5143 autundeeim,
1575 5080 1643 5134 de
1664 5095 1772 5150 quo
1791 5082 1904 5151 jam
1934 5082 2073 5137 dixi-

476 5176 623 5220 mus.
656 5166 962 5221 ascenditur
984 5167 1048 5221 ad
1073 5176 1283 5224 portam
1307 5168 1715 5226 sanctorumJn
1743 5172 1899 5242 cujus
1925 5171 2072 5229 fron-

2255 4722 2550 4792 thnus.)
2602 4722 2727 4777 lla‘c
2776 4738 2992 4793 quoque
3044 4722 3227 4779 sobrio
3285 4723 3474 4777 lectori
3534 4722 3773 4779 suﬂicere

2176 4812 2466 4876 credimus,
2494 4829 2614 4883 qua:
2639 4812 2797 4881 juxta
2845 4804 3121 4882 majorum.
3161 4815 3481 4868 documenta
3515 4813 3581 4868 de
3625 4827 3771 4867 men-

2182 4921 2307 4959 sura
2335 4906 2550 4960 ratione
2587 4906 2791 4975 templi,
2817 4915 2872 4960 et
2908 4904 3177 4965 vestibuli,
3210 4913 3263 4960 et
3287 4914 3634 4968 caeterorum,
3658 4916 3771 4972 qum

2178 4994 2253 5047 ibi
2279 4994 2547 5063 descripta
2580 5003 2725 5059 sunt,
2756 5009 2854 5049 nos
2891 4993 3147 5051 diximus.
3176 4993 3330 5049 Nunc
3364 4992 3639 5063 quomodo
3664 4992 3771 5063 ipso

2180 5084 2437 5153 propheta
2456 5084 2797 5140 introductus
2819 5084 2889 5140 sit
2918 5086 2973 5139 in
3001 5085 3282 5156 templum,
3314 5094 3371 5141 et
3393 5084 3528 5156 quid
3558 5083 3629 5140 ibi
3648 5095 3767 5153 ges-

2179 5173 2335 5239 serit,
2366 5187 2636 5243 exponere
2666 5174 2997 5231 curabimus.
