3950 6324
128 371 252 427 ὓιῖῦ

1099 371 1455 426 COMMENT.
1500 370 1563 425 IN
1602 370 2055 427 ΕΖΕΕΙΙΙΕΙᾸΞΜ.
2096 404 2166 415 ——
2206 374 2333 431 LIB.
2378 376 2537 434 XVII.

3336 376 3438 432 970

1068 607 1365 684 LIBER
1447 604 1901 682 DECIMUS
1983 604 2537 687 SEPTIMUS.

1440 745 2179 773 .______ﬁ_.__.

758 807 984 864 CAPUT
1023 806 1154 862 XLI.

148 914 511 971 Mcnsumtur
540 916 785 981 temptant
821 930 868 973 et
893 918 1143 974 Sanctum
1172 930 1473 974 sanctorum
1523 932 1541 970 :
1574 918 1638 972 de
1669 936 1754 973 ro-

226 988 384 1041 cltlea
403 1004 608 1061 quoque
633 991 808 1057 agitur
824 1003 843 1040 :
866 992 930 1043 tle
955 990 1137 1044 hostiis
1162 990 1339 1061 templi
1368 1000 1415 1044 et
1442 990 1751 1052 sanctuarii,

226 1066 278 1111 et
310 1058 547 1111 ostiariis
574 1065 885 1113 sanctuartt.

234 1187 256 1221 ι
290 1169 362 1224 Et
396 1170 695 1236 introduxit
735 1187 821 1227 me
874 1173 927 1227 In
977 1173 1230 1243 templum
1258 1212 1275 1239 ,
1323 1181 1379 1227 et
1421 1190 1639 1231 mensus
1677 1185 1758 1232 est

157 1280 178 1314 ι
224 1260 439 1320 frontes
475 1278 570 1319 sex
603 1263 817 1319 cubitos
841 1262 1141 1318 latitudinis
1170 1264 1314 1329 hinc,
1346 1271 1401 1318 et
1432 1280 1524 1319 sex
1551 1266 1760 1322 cubitos

158 1373 180 1409 ι
216 1356 529 1413 latitudinis
559 1355 702 1420 inde,
730 1353 1067 1410 latitudinem
1101 1355 1456 1410 tabernaculi.
1484 1356 1549 1410 Et
1579 1356 1760 1412 latitu-

160 1467 181 1500 ι
221 1448 295 1503 do
357 1457 525 1519 porta:
572 1447 757 1502 decem
804 1446 1107 1502 cubitorum
1155 1456 1294 1510 erat,
1330 1456 1385 1502 et
1434 1448 1601 1503 latera
1639 1464 1761 1517 por-

162 1557 182 1591 ι
222 1546 295 1594 ta:
342 1540 583 1611 quinque
627 1539 825 1594 cubitis
877 1538 1001 1593 hinc
1041 1547 1094 1593 et
1132 1539 1370 1609 quinque
1392 1540 1589 1595 cubitis
1614 1541 1756 1596 inde.

165 1650 185 1683 ι
223 1639 284 1686 et
313 1646 533 1686 mensus
557 1638 641 1686 est
673 1630 1064 1700 longitudinem
1095 1630 1212 1700 ejus
1236 1632 1588 1701 quadraginta
1612 1634 1758 1687 cubi-

164 1743 186 1776 ι
227 1733 437 1789 torum,
453 1732 508 1778 et
529 1722 867 1777 latitudinem
888 1721 1077 1792 viginti
1101 1722 1430 1777 cubitorum.
1452 1742 1469 1773 ι
1492 1722 1759 1795 (Ιιὶενοη.)

159 1813 297 1869 Post
326 1812 494 1868 multa
519 1811 776 1883 mysteria
814 1811 1101 1879 variosque
1129 1811 1402 1873 introitus,
1437 1820 1493 1866 et
1522 1811 1762 1867 locorum

159 1902 505 1973 singulorum
530 1902 911 1972 proprietates,
938 1901 1154 1954 tandem
1185 1900 1474 1970 aliquando
1504 1902 1587 1954 vir
1610 1901 1765 1970 cujus

160 1995 444 2052 funiculus
482 1993 984 2056 czementariorum,
1028 2001 1082 2046 et
1121 2006 1389 2048 mensura:
1432 1992 1670 2049 calamus
1709 1995 1762 2049 in

160 2105 334 2145 manu
358 2098 496 2153 erat,
524 2086 867 2143 Ezechielem
899 2086 1214 2157 prophetam
1238 2086 1602 2143 introducitin
1630 2096 1764 2143 tem-

1781 809 1981 869 Aocto
2029 805 2239 878 (Eccle.
2305 810 2414 878 χι).
2457 828 2475 859 ι
2526 807 2600 861 Dc
2647 805 2799 875 cujus
2842 809 3050 862 numeri
3103 819 3449 867 sacramento

1858 898 2052 953 crebro
2086 899 2395 969 disputasse
2424 914 2511 953 me
2536 898 2681 953 novi.
2709 898 2834 953 Sive
2861 898 2983 968 quia
3011 914 3108 969 per
3143 899 3448 955 tribulatio-

1860 1002 1956 1041 ncs
1994 994 2048 1042 et
2069 988 2347 1057 angustias
2392 985 2553 1056 hujus
2582 986 2761 1041 smeuli
2810 987 3075 1043 intramus
3104 988 3169 1041 ad
3196 1000 3445 1044 sanctum

1860 1080 2057 1133 atrium
2091 1079 2324 1144 Domini,
2349 1079 2549 1135 idcirco
2595 1079 2872 1147 longitudo
2901 1087 3068 1150 porta:
3100 1080 3329 1135 habebat
3352 1097 3450 1135 cu-

1860 1169 2004 1224 bitos
2033 1169 2408 1241 quadraginta,
2432 1170 2522 1239 qui
2548 1183 2805 1224 numerus
2834 1184 3047 1239 semper
3075 1171 3125 1224 in
3152 1170 3334 1225 labore
3363 1186 3451 1241 po-

1862 1258 2000 1313 situs
2046 1266 2151 1313 est.
2191 1257 2345 1313 Unde
2396 1267 2453 1312 et
2488 1258 2697 1329 Moyses
2750 1258 2948 1330 (Exod.
2996 1261 3180 1332 xxsiv)
3218 1272 3272 1316 et
3304 1262 3451 1316 Elias

1862 1344 1983 1416 (III
2036 1344 2167 1417 Reg.
2217 1344 2334 1417 XIX)
2367 1346 2725 1417 quadraginta
2773 1346 2966 1401 diebus
3022 1362 3128 1401 ιιοςι
3161 1350 3449 1403 comedunt

1862 1454 2081 1508 panem,
2104 1446 2160 1494 et
2193 1454 2389 1510 aquam
2419 1455 2525 1494 non
2556 1438 2767 1494 bibunt.
2814 1438 2881 1492 Et
2910 1438 3064 1494 annis
3095 1440 3450 1509 quadraginta

1863 1530 2091 1601 populus
2116 1530 2282 1585 Israel
2308 1537 2537 1584 vexatur
2567 1537 2621 1585 ct
2664 1528 2924 1599 probatur
2964 1533 3016 1584 in
3062 1530 3367 1597 solitudine,
3400 1538 3456 1586 et

1864 1638 1961 1692 per
1993 1620 2192 1676 multos
2231 1620 2445 1675 labores
2503 1628 2703 1675 terram
2756 1620 3190 1689 repromissionis
3220 1621 3455 1691 ingredi-

1866 1722 1953 1767 tur
1976 1712 2168 1784 (Num.
2204 1728 2329 1777 xxv;
2361 1711 2515 1765 Deut.
2545 1711 2626 1783 tl).
2671 1713 2739 1767 Et
2783 1711 3045 1768 Dominus
3074 1723 3237 1782 atque
3264 1712 3457 1767 Salva-

1868 1811 1953 1858 tor
1979 1803 2275 1858 secundum
2314 1801 2574 1871 assumpti
2604 1816 2849 1871 corpons
2900 1800 3276 1872 fragilitatem,
3318 1819 3442 1871 qua-

1866 1894 2116 1965 draginta
2158 1894 2348 1949 diebus
2386 1901 2625 1948 tentatur
2653 1894 2707 1949 in
2761 1894 3050 1948 solitudine
3078 1894 3292 1965 (Matth.
3344 1894 3452 1965 iv),

1868 1993 1927 2039 ut
1957 1994 2079 2055 post
2106 1983 2387 2039 victoriam
2437 1984 2699 2038 accedant
2744 1982 2921 2053 angeli
2968 1992 3024 2037 et
3053 1984 3357 2038 ministrent
3382 1984 3456 2040 ei.

1867 2074 2001 2129 Cum
2030 2081 2207 2129 autem
2233 2072 2721 2143 pertribulationes
2740 2082 2797 2130 et
2827 2076 3103 2146 angustias
3123 2078 3459 2146 potuerimus

159 2181 343 2253 plum,
366 2191 421 2237 et
447 2196 665 2236 mensus
684 2188 768 2235 est
793 2178 1022 2234 frontem
1057 2178 1235 2249 templi
1269 2198 1281 2232 :
1314 2194 1412 2250 pro
1454 2194 1562 2249 quo
1604 2179 1757 2234 telam

1869 2165 2044 2220 dicere
2071 2164 2203 2218 illud
2229 2163 2584 2234 apostolicum
2610 2182 2623 2218 :
2654 2184 2671 2215 ι
2706 2165 2763 2219 lu
2790 2166 3042 2220 omnibus
3078 2166 3340 2231 tribulati,
3365 2169 3457 2222 sed

163 2273 550 2344 Septuaginta,
588 2280 643 2327 et
670 2271 812 2327 a’lim
833 2271 1157 2335 Theodotio,
1189 2282 1241 2327 et
1275 2272 1329 2325 in
1355 2271 1579 2325 circuitu
1604 2270 1758 2342 Sym-

163 2365 401 2419 machus
424 2362 831 2418 transtulerunt.
862 2361 930 2416 Et
975 2371 1203 2433 utraque
1230 2372 1384 2431 parte
1423 2362 1651 2417 latitudo
1682 2371 1761 2417 ta-

170 2453 460 2510 bernaculi
517 2468 706 2509 senum
779 2453 1085 2507 cubitorum
1155 2463 1307 2515 erat,
1362 2462 1759 2508 sacramentum

166 2554 548 2599 creaturarum
578 2543 820 2598 omnium
853 2542 1162 2606 continens,
1196 2543 1248 2595 in
1279 2558 1372 2596 sex
1404 2542 1548 2596 enim
1575 2543 1763 2598 diebus

167 2637 409 2691 mundus
456 2644 539 2691 est
602 2644 1026 2690 consummatus.
1078 2633 1182 2686 Per
1231 2649 1460 2702 quorum
1517 2635 1762 2689 notitiam

164 2741 479 2795 causasque
529 2724 855 2780 conditionis
905 2732 1070 2793 atque
1101 2724 1365 2779 rationem
1401 2724 1667 2781 intramus
1695 2726 1763 2779 ad

168 2818 436 2889 templum
465 2816 583 2878 Dei,
620 2826 671 2871 et
706 2834 771 2871 ex
801 2816 1188 2871 Creaturarum
1220 2816 1410 2871 ordine
1444 2824 1603 2885 atque
1629 2832 1764 2871 con-

169 2909 376 2965 stantia
436 2908 815 2977 cognoscimus
868 2907 1201 2962 Creatorem.
1266 2906 1518 2961 Latitudo
1587 2917 1764 2963 autem

170 3008 345 3070 porta:
374 2998 553 3067 templi
582 3007 699 3052 erat
722 2999 906 3053 decem
939 2998 1267 3063 cubitorum,
1300 3000 1388 3068 qui
1422 3009 1667 3054 sacratus
1713 3009 1767 3053 et

172 3090 445 3160 perfectus
483 3099 565 3144 est
588 3104 869 3153 numerus,
896 3097 951 3143 et
976 3089 1027 3142 in
1056 3105 1163 3158 quo
1189 3104 1373 3144 mense
1401 3090 1655 3159 septimo,
1683 3091 1768 3144 die

176 3184 382 3239 decima
416 3183 640 3246 mensis,
669 3181 933 3252 jejunium
986 3191 1041 3237 et
1083 3182 1391 3252 propitiatio
1416 3189 1519 3236 est.
1554 3182 1769 3237 Decima

178 3282 359 3328 autem
388 3274 473 3327 die
512 3274 713 3328 mensis
735 3274 917 3344 primi,
939 3274 1028 3343 qui
1054 3274 1352 3343 appellatur
1372 3273 1640 3339 Nisan,ad
1667 3275 1767 3328 im-

179 3364 527 3419 molationem
565 3373 620 3419 et
654 3364 1101 3433 praeparationem
1134 3363 1355 3418 Pascha:
1404 3380 1574 3434 agnus
1618 3380 1770 3419 assu-

179 3457 364 3511 mitur.
404 3456 645 3525 Septimo
690 3456 853 3524 igitur
883 3471 1068 3510 mense
1124 3456 1344 3510 decimae
1386 3454 1687 3509 oﬁ'eruntur
1716 3457 1768 3509 iu

1863 2272 1971 2311 non
2000 2256 2342 2326 coangustati
2370 2254 2454 2326 (ΙΙ
2481 2252 2603 2309 Cor.
2638 2249 2747 2327 iv),
2770 2275 2786 2308 ι
2818 2265 2978 2327 atque
3014 2258 3143 2313 illud
3190 2260 3461 2328 propheti-

1863 2360 2020 2401 cum:
2050 2364 2069 2396 ε
2100 2345 2157 2400 In
2186 2345 2529 2401 tribulatione
2555 2346 2791 2402 dilatasti
2820 2348 2948 2403 mihi
2973 2346 3145 2420 (Psal.
3166 2349 3258 2421 iv),
3286 2370 3303 2401 ι
3334 2361 3461 2407 tunc

1864 2436 2021 2492 nobis
2064 2436 2363 2492 latissimus
2401 2439 2643 2509 aperitur
2667 2438 2940 2504 introitus,
2978 2440 3068 2510 qui
3094 2442 3279 2513 viginti
3310 2443 3463 2499 cubi-

1868 2537 2042 2583 torum
2068 2527 2236 2583 habet
2263 2528 2601 2583 latitudinem
2634 2545 2649 2582 :
2678 2538 2738 2583 ut
2770 2532 3038 2599 superatis
3073 2532 3255 2586 mundi
3286 2544 3463 2589 certa-

1866 2621 2102 2676 minibus
2114 2630 2281 2691 atque
2297 2621 2547 2687 terrenis,
2566 2622 2655 2691 qui
2678 2630 2731 2677 et
2753 2623 2864 2690 ipse
2881 2624 3055 2679 dualis
3076 2633 3159 2679 est
3180 2641 3459 2693 numerus,

1868 2712 2201 2785 ingrediatur
2217 2712 2397 2784 templi
2412 2714 2725 2783 penetralia.
2743 2722 2797 2770 et
2812 2716 3091 2771 audiamus
3108 2718 3460 2787 imperantem

1867 2804 2146 2875 discipulis
2168 2806 2488 2861 Dominum:
2520 2824 2538 2857 ι
2570 2804 2856 2871 Contione,
2874 2822 2975 2879 ego
2998 2808 3101 2864 vici
3124 2812 3401 2866 mundum.
3435 2831 3454 2863 ι

1945 2912 1963 2945 ι
1996 2896 2062 2949 Et
2111 2895 2389 2965 ingressus
2438 2896 2765 2952 intrinsecus
2819 2914 3037 2954 mensus
3072 2908 3156 2954 est
3190 2901 3243 2955 in
3284 2901 3462 2961 fronte

1874 3005 1891 3035 ι
1929 2995 2099 3056 porta:
2144 2987 2281 3041 duos
2312 2987 2545 3049 cubitos,
2576 2995 2632 3041 et
2658 2995 2869 3057 portam
2896 2988 3081 3044 decem
3128 2992 3458 3060 cubitorum,

1875 3094 1893 3125 ί
1931 3084 1987 3131 et
2014 3076 2354 3131 latitudinem
2387 3087 2554 3147 porta:
2578 3090 2784 3149 septem
2813 3080 3141 3146 cubitorum,
3168 3094 3222 3136 ct
3242 3101 3463 3143 mensus

1877 3184 1895 3216 ί
1929 3174 2013 3220 est
2039 3164 2429 3236 longitudinem
2461 3166 2577 3234 ejus
2602 3168 2789 3239 viginti
2840 3170 3147 3225 cubitorum
3178 3182 3232 3228 ct
3281 3176 3463 3229 latitu-

1877 3275 1895 3306 ι
1930 3257 2111 3311 dinem
2138 3258 2326 3328 viginti
2356 3258 2661 3314 cubitorum
2693 3270 2820 3316 ante
2848 3263 3041 3319 faciem
3067 3267 3268 3337 templi.
3299 3270 3363 3323 Et
3387 3270 3463 3325 di-

1877 3364 1893 3394 c
1924 3345 2005 3399 xit
2027 3345 2095 3400 ad
2120 3361 2209 3400 me
2234 3365 2246 3399 :
2274 3345 2388 3401 Hoc
2408 3356 2486 3401 est
2516 3347 2775 3404 Sanctum
2799 3361 3161 3409 sanctorum.»
3189 3356 3460 3433 (meram)

1872 3434 2232 3501 Quantumvis
2268 3437 2637 3506 proﬁciamus,
2677 3456 2893 3511 semper
2914 3444 3069 3499 nobis
3090 3447 3261 3515 rnajor
3282 3452 3463 3519 profe-

180 3548 275 3603 Dei
295 3548 662 3611 horrea'sive,
686 3545 1037 3615 ulsquwm
1064 3547 1317 3616 appellari
1340 3550 1642 3612 consuevit,
1661 3560 1770 3605 ιη,
1798 3518 1841 3580 C
1874 3536 1996 3583 ctus
2017 3529 2280 3599 aperitur,
2309 3531 2447 3585 unde
2475 3541 2595 3600 post
2625 3532 2902 3587 introitum
2929 3537 3108 3604 templi
3140 3554 3347 3594 rursum
3380 3545 3462 3597 in-

181 3639 406 3693 cuiaria.
466 3636 620 3694 Unde
669 3636 800 3691 dicit
852 3646 907 3692 et
950 3637 1278 3706 Apostolus:
1319 3657 1337 3687 ‹
1377 3636 1679 3692 Dilatamini
1718 3647 1774 3693 et

179 3746 279 3785 vos
308 3729 391 3801 (ll
417 3727 539 3784 Cor.
565 3729 663 3796 γι).
695 3748 713 3780 ›
750 3727 819 3783 Ut
847 3736 1131 3797 postquam
1158 3743 1254 3796 per
1279 3727 1464 3783 decem
1487 3736 1653 3796 porta:
1678 3745 1771 3783 cu-

181 3822 324 3877 bitos
347 3821 600 3890 templum
622 3819 743 3889 quis
766 3818 928 3874 fuerit
949 3819 1248 3889 ingressus,
1277 3835 1342 3874 ex
1366 3828 1595 3889 utraque
1619 3830 1770 3889 parte

180 3920 348 3982 porte
376 3912 544 3980 ipsius
566 3910 756 3974 latera,
785 3909 921 3973 sive,
946 3917 1003 3962 ut
1025 3910 1243 3979 proprie
1270 3909 1323 3963 in
1349 3908 1613 3964 Hebraico
1636 3910 1770 3965 dici-

184 4012 291 4066 tur,
316 4002 523 4057 humeri
562 4008 966 4063 mensurentur,
991 4000 1079 4069 qui
1104 4014 1320 4069 semper
1362 3998 1671 4055 referuntur
1701 4003 1767 4056 ad

184 4110 365 4165 opera.
407 4092 557 4149 [inde
584 4101 638 4148 et
660 4092 935 4156 lssachar,
972 4109 990 4141 ι
1039 4090 1369 4146 desideravit
1426 4092 1640 4153 bonum,
1682 4108 1769 4147 rea

184 4187 468 4259 quiescens
512 4185 654 4239 inter
688 4184 894 4239 medios
937 4183 1131 4246 cleros,
1170 4183 1463 4252 vidensque
1506 4182 1766 4251 requiem,

184 4279 309 4350 quia
340 4277 476 4331 bona
503 4284 605 4337 est,
634 4284 689 4330 et
716 4282 935 4359 terram,
953 4272 1076 4342 quia
1103 4272 1334 4341 pinguis,
1363 4273 1641 4341 supposuit
1664 4274 1768 4326 hu-

185 4383 389 4425 merum
431 4367 499 4421 ad
544 4364 936 4427 laborandum,
979 4371 1036 4416 et
1066 4362 1241 4416 factus
1274 4368 1359 4415 est
1402 4361 1484 4415 vir
1532 4362 1767 4431 agricola

187 4456 336 4532 (Ceu.
364 4455 531 4528 χιιι).
566 4475 585 4506 ι
618 4455 684 4510 Ει
709 4454 762 4509 in
801 4461 951 4509 veste
1000 4452 1272 4522 pontiﬁcis
1317 4452 1593 4508 humerale
1643 4470 1765 4509 cum

186 4546 431 4603 rationali
459 4545 762 4615 stringitur,
790 4552 850 4597 ut
876 4543 1070 4598 rationi
1122 4557 1283 4613 opera
1314 4543 1663 4613 copulentur,
1712 4556 1769 4600 et

185 4638 354 4710 possit
394 4636 575 4691 dicere
623 4635 707 4689 vir
744 4634 1185 4690 ecclesiasticus:
1225 4653 1242 4684 ι
1268 4633 1313 4687 Α
1356 4635 1625 4689 mandatis
1663 4637 1767 4691 tuis

187 4724 421 4783 intellexi
449 4722 623 4796 (Psal.
650 4724 863 4794 cxvni).
900 4743 918 4774 ι
951 4722 1054 4788 Qui
1089 4721 1296 4776 humeri
1328 4731 1496 4791 porta:
1521 4738 1585 4777 ex
1614 4732 1766 4778 utra-

188 4831 293 4889 que
315 4826 488 4887 parte,
533 4816 729 4885 quinas
760 4815 1030 4870 habebant
1070 4814 1331 4884 porticus,
1365 4823 1425 4869 ut
1456 4830 1551 4885 per
1599 4826 1765 4872 terre-

189 4922 288 4963 nos
312 4921 500 4961 sensus
541 4914 704 4974 atque
732 4905 963 4968 divinos,
990 4919 1153 4974 super
1180 4919 1407 4973 quorum
1463 4904 1759 4961 differentia

190 5008 327 5064 smpe
360 4993 697 5063 scripsimus,
724 4992 1092 5062 ingrediantur
1124 4995 1286 5064 adyta
1342 4993 1525 5063 templi
1557 5036 1572 5059 ,
1614 4995 1765 5064 cujus

191 5100 404 5142 mensus
426 5092 511 5139 est
529 5066 615 5137 vii-
645 5083 751 5148 ille,
776 5084 865 5153 qui
893 5083 1085 5138 ductor
1111 5084 1386 5154 prephetae
1426 5094 1566 5151 erat,
1598 5085 1765 5157 longi-

193 5177 423 5232 tudinem
452 5174 805 5245 quadraginta
827 5173 1158 5237 cubitorum,
1208 5181 1264 5228 et
1288 5172 1627 5229 latitudinem
1680 5177 1764 5231 vi-

192 5269 319 5341 ginti
346 5266 673 5333 cubitdrum,
698 5266 833 5333 sive,
859 5274 917 5321 ut
938 5265 1128 5321 melius
1146 5274 1252 5330 est,
1278 5276 1445 5338 porta:
1474 5268 1763 5339 longitudi-

194 5374 312 5417 nem
339 5376 403 5414 ac
419 5359 775 5425 latitudinem,
804 5359 928 5431 quia
956 5375 1115 5429 supra
1150 5370 1360 5417 tantum
1387 5361 1456 5418 de
1478 5362 1763 5421 latitudine

193 5459 253 5508 et
278 5451 512 5507 humeris
535 5450 651 5521 ejus
673 5449 903 5505 dixerat.
927 5449 1079 5517 Quod
1122 5460 1301 5507 autem
1335 5452 1499 5508 vicies
1527 5456 1763 5524 quadra-

194 5539 332 5614 ginta
355 5540 856 5612 octingentesimum
900 5557 1181 5597 numerum
1210 5542 1392 5609 faciat,
1423 5544 1514 5615 qui
1553 5545 1764 5601 vicinus

195 5638 274 5688 est
297 5630 593 5696 octonario,
624 5630 754 5685 nulli
802 5629 1023 5685 dubium
1052 5641 1154 5688 est.
1206 5633 1359 5688 Unde
1409 5642 1465 5691 et
1494 5635 1546 5690 in
1578 5635 1761 5692 Eccle-

200 5720 357 5778 siaste
391 5722 740 5792 prmcipitur:
782 5741 801 5773 ι
841 5721 973 5778 Date
1022 5736 1200 5794 partes
1234 5736 1437 5796 septem
1461 5768 1477 5792 ,
1535 5728 1659 5783 date
1707 5740 1762 5783 et

582 5815 855 5876 Pn'uot.
900 5815 1029 5877 CX.

1874 3617 2166 3685 grcdimur,
2196 3618 2540 3681 intrinsecus,
2558 3618 2689 3681 sive,
2712 3627 2771 3671 ut
2792 3618 2935 3674 LXX
2952 3625 3361 3694 transtulerunt,
3381 3630 3462 3685 in-

1873 3707 2043 3761 terius
2063 3708 2285 3773 atrium,
2301 3709 2353 3762 in
2370 3709 2525 3778 cujus
2546 3707 2721 3763 fronte
2736 3711 2840 3764 duo
2860 3721 3015 3765 erant
3033 3714 3223 3781 cubiti,
3239 3728 3290 3771 ut
3303 3720 3459 3786 juxta

1873 3798 2209 3868 superiorem
2250 3813 2467 3854 sensum
2493 3814 2589 3869 per
2610 3801 2822 3855 dualem
2866 3818 3148 3859 numerum
3195 3807 3461 3878 ingredia-

1874 3906 1997 3945 mur
2039 3890 2105 3944 ad
2150 3905 2273 3945 eum
2327 3891 2522 3955 locum,
2562 3892 2648 3943 ubi
2703 3900 2829 3946 sunt
2883 3905 3067 3950 sancta
3122 3910 3455 3958 sanctorum.

1878 3981 2027 4035 Unde
2077 3990 2133 4034 et
2175 3981 2287 4051 ipsa
2315 3988 2469 4050 porta
2500 3997 2592 4036 sex
2621 3984 2923 4038 cubitorum
2965 3998 3116 4053 erat,
3171 4006 3265 4059 per
3296 4009 3457 4063 quam

1873 4074 2183 4142 introgressi
2237 4082 2494 4128 aeternam
2539 4080 2777 4145 requiem
2818 4080 3192 4147 possidemus,
3239 4100 3359 4154 qua:
3403 4088 3459 4144 in

1872 4170 2178 4229 septenario
2200 4178 2422 4217 numero
2436 4164 2859 4221 demonstratur.
2882 4168 2984 4224 Pro
3007 4187 3111 4240 quo
3126 4172 3266 4229 LXX
3284 4184 3460 4234 trans-

1874 4252 2124 4315 tulerunt,
2168 4278 2184 4303 ι
2220 4252 2285 4306 Et
2325 4253 2661 4309 latitudinem
2691 4267 2857 4325 ptit‘L’D
2894 4271 3105 4330 septem
3150 4266 3455 4325 cubitorum

1870 4342 1996 4396 hinc
2023 4360 2080 4396 et
2108 4352 2313 4412 septem
2344 4343 2645 4401 cubitorum
2692 4349 2834 4412 inde,
2864 4370 2882 4401 ι
2917 4353 2967 4406 in
3010 4351 3235 4410 llebmo
3269 4368 3325 4414 et
3353 4379 3458 4418 etn-

1870 4432 2001 4487 teris
2062 4434 2393 4490 editionibus
2443 4438 2609 4492 semel
2660 4448 2867 4495 tantum
2925 4453 3131 4515 septem
3173 4449 3339 4506 cubiti
3398 4459 3455 4508 in

1870 4521 2151 4578 latitudine
2178 4532 2346 4593 porte
2386 4528 2547 4595 positi
2577 4538 2721 4582 sunt.
2756 4529 2907 4597 Quod
2956 4544 3135 4591 autem
3167 4542 3449 4609 sequitur:

1874 4632 1892 4664 ι
1916 4613 1982 4667 Et
2004 4630 2224 4671 mensus
2245 4625 2329 4671 est
2356 4616 2742 4689 longitudinem
2770 4624 2887 4693 ejus
2914 4627 3097 4697 viginti
3126 4632 3451 4701 cubitorum.

1867 4715 1921 4760 ct
1944 4706 2280 4762 latitudinem
2302 4709 2490 4779 viginti
2521 4714 2825 4769 cubitorum
2852 4726 2977 4773 ante
3012 4718 3201 4776 faciem
3243 4727 3450 4796 templi,

1867 4807 1923 4853 ct
1950 4798 2084 4854 dixit
2116 4800 2183 4853 ad
2208 4816 2293 4855 me
2320 4820 2332 4854 :
2366 4800 2480 4857 Hoc
2508 4812 2593 4857 est
2623 4804 2877 4861 Sanctum
2904 4818 3235 4875 sanctorum.
3271 4834 3290 4867 ι
3320 4816 3451 4874 illud

1868 4890 2139 4960 signiﬁcat
2190 4893 2333 4961 quod
2368 4900 2492 4947 ante
2538 4895 2719 4965 templi
2765 4896 2977 4963 faciem,
3008 4902 3138 4956 etin
3170 4904 3461 4967 introitum

1867 4980 1984 5051 ejus
1997 4983 2253 5053 prmteriti
2284 4983 2485 5040 laboris
2503 4995 2663 5057 atque
2684 4992 3000 5047 certaminis
3021 4996 3175 5050 nobis
3195 5014 3449 5059 mensura

1868 5090 2082 5145 seraper
2112 5085 2384 5131 occurrat.
2423 5078 2596 5144 Quam
2626 5080 2770 5133 enim
2812 5083 3074 5139 rationem
3123 5087 3176 5140 in
3220 5089 3445 5160 singulis

1866 5167 2108 5221 numeris
2140 5167 2335 5237 duplex
2363 5184 2617 5223 numerus
2647 5171 2908 5240 possidet,
2931 5176 3176 5231 eamdem
3199 5178 3317 5235 dua:
3346 5184 3445 5238 ha-

1864 5259 1995 5314 bent
2013 5258 2264 5315 decades.
2291 5260 2357 5314 Et
2379 5262 2484 5317 hoc
2501 5263 2972 5330 considerandum,
2999 5269 3141 5337 quod
3174 5271 3448 5342 ingressus

1865 5347 2192 5404 intrinsecus
2220 5364 2306 5421 per
2340 5359 2551 5420 portam
2572 5354 2799 5409 duorum
2827 5356 2879 5409 in
2914 5356 3091 5415 fronte
3114 5361 3442 5433 cubitorum,

1866 5448 1921 5495 et
1941 5456 2034 5495 sex
2061 5442 2349 5499 habentem
2377 5442 2608 5510 cubitos,
2636 5456 2950 5517 septemque
2979 5449 3032 5504 in
3073 5449 3349 5510 latitudine
3375 5472 3443 5511 ex

1868 5544 2096 5607 utraque
2129 5546 2302 5609 parte,
2347 5548 2403 5593 et
2424 5538 2610 5610 viginti
2640 5542 2853 5597 cubitos
2880 5542 2933 5597 in
2977 5542 3327 5615 longitudine,
3362 5558 3445 5602 to-

1868 5630 2140 5701 tidemque
2164 5632 2217 5686 in
2237 5632 2369 5701 ipsis
2390 5635 2571 5704 templi
2610 5634 2849 5703 foribus,
2882 5636 3141 5694 doceatur
3179 5643 3445 5711 propheta

1868 5723 1958 5792 qui
1980 5725 2161 5779 sitille
2183 5724 2453 5789 locus,ch
2484 5741 2591 5795 quo
2629 5728 2926 5797 appelletur
2977 5730 3252 5789 vocabulo.
3302 5733 3450 5792 Dixit
