3950 6338
511 363 603 418 ιδἹΙ

1140 364 1200 418 Β.
1247 364 1499 420 llABANl
1540 363 1758 418 MAURI
1798 362 2117 417 AﬂClllEP.
2164 361 2470 418 MOGUNT.
2514 364 2799 422 OPERUM
2840 366 3017 421 PARS
3052 367 3117 423 ll.

3701 369 3810 425 973

507 473 648 527 enim
700 476 869 530 mihi:
908 491 927 525 ι
966 475 1082 530 Hoc
1122 483 1204 529 est
1256 475 1513 531 Sanctum
1564 486 1900 531 sanctorum.
1940 497 1957 527 ι
1996 474 2091 530 Sin
2124 480 2168 537 Λ
2201 476 2366 529 maris
2389 486 2511 547 post
2540 493 2701 533 unam
2747 479 3143 536 hebdomadam
3178 489 3233 535 et
3260 482 3405 537 illam
3438 496 3560 553 qum
3591 483 3809 554 genuit,

505 574 684 621 autem
712 576 836 621 ante
873 566 1149 637 templum,
1174 567 1309 632 sive,
1339 578 1398 622 ut
1420 568 1701 639 Scriptura
1728 567 2094 637 cognominat,

506 666 631 713 ante
654 656 845 713 faciem
872 657 1053 728 templi
1080 658 1338 713 Sanctum
1366 669 1679 714 sanctorum
1704 666 1807 721 est,
1840 668 2097 728 quantam

503 748 893 803 beatitudinem
923 750 975 803 in
1010 748 1194 819 templi
1243 750 1407 804 aditis
1436 759 1490 805 et
1523 750 1576 803 in
1609 749 1957 802 interioribus
1983 750 2100 817 ejus

503 841 775 895 :estimare
797 840 1087 895 debemus!
1116 839 1191 895 De
1213 855 1318 910 qua
1342 840 1611 910 Propheta
1636 838 1873 908 loquitur
1900 856 1911 891 :
1936 856 1955 889 ς
1990 837 2099 893 lloc

505 931 657 987 labor
672 940 757 987 est
776 933 829 986 in
842 940 1132 1001 conspectu
1150 946 1291 994 meo,
1307 932 1479 987 donec
1498 931 1771 1001 ingrediar
1785 931 1836 984 in
1853 938 2101 986 sanctua-

505 1023 644 1076 rium
678 1021 805 1086 Dei,
841 1030 897 1076 et
934 1020 1227 1092 intelligam
1271 1022 1323 1075 in
1363 1020 1671 1075 novissimis
1704 1032 1890 1075 eorum
1923 1016 2095 1090 (Psal.

503 1112 698 1187 mut).
729 1133 749 1168 ι
772 1113 877 1169 Sed
900 1123 953 1169 et
982 1114 1085 1169 hoc
1116 1118 1409 1169 notandum
1430 1154 1443 1177 ,
1471 1113 1612 1182 quod
1649 1112 1703 1166 in
1737 1110 2098 1181 descriptione

505 1205 838 1261 tabernaculi
878 1206 1131 1261 dicuntur
1169 1214 1358 1261 sancta
1397 1215 1710 1260 sanctorum
1758 1204 1951 1275 plurali
1995 1219 2096 1257 nu-

503 1312 654 1352 mero
683 1315 695 1348 :
721 1296 810 1351 hic
832 1306 1009 1352 autem
1040 1297 1300 1353 Sanctum
1324 1304 1635 1351 sanctorum
1664 1309 1891 1349 numero
1917 1296 2097 1365 singu-

504 1388 549 1444 la
560 1390 626 1455 ri,
641 1399 699 1444 ut
716 1399 837 1460 post
860 1388 1059 1445 Sancta
1082 1400 1395 1445 sanctorum
1412 1388 1696 1443 veniamus
1716 1388 1783 1443 ad
1801 1387 2060 1442 Sanctum
2080 1404 2092 1439 :

502 1481 773 1551 quomodo
795 1490 916 1552 post
939 1482 1107 1537 multa
1128 1481 1339 1539 cantica
1360 1480 1707 1551 pervenimus
1731 1463 1801 1535 ad
1814 1480 2097 1535 Canticum

502 1572 859 1637 canticorum,
879 1573 1021 1643 quod
1047 1574 1291 1627 omnium
1322 1573 1626 1628 carminum
1659 1580 1879 1627 carmen
1909 1581 2015 1635 est,
2045 1580 2101 1626 et

500 1662 643 1734 quod
672 1670 930 1717 canentes
958 1662 1141 1732 sponsi
1170 1662 1492 1731 copulamur
1516 1660 1875 1731 amplexibus.

580 1770 597 1802 ι
640 1750 698 1806 Et
737 1768 959 1807 mensus
990 1760 1073 1808 est
1101 1752 1363 1822 parietem
1406 1752 1600 1806 domus
1627 1766 1723 1827 se:
1769 1752 2100 1819 cubitorum,

507 1865 525 1895 ε
566 1858 619 1902 et
654 1846 996 1903 latitudinem
1029 1847 1215 1902 lateris
1263 1854 1494 1917 quatuor
1525 1846 1833 1901 cubitorum
1865 1847 2102 1916 undique
2130 1828 2176 1888 Β

507 1956 524 1986 ι
564 1952 660 2005 per
686 1936 971 1992 circuitum
1005 1936 1218 1992 domus.
1251 1937 1443 1991 Latcra
1474 1944 1654 1990 autem
1687 1934 1830 1991 latus
1856 1935 1922 1991 ad
1961 1937 2104 1991 latus

508 2045 526 2077 ι
558 2027 641 2083 bis
671 2028 891 2099 triginta
929 2028 1125 2092 trium;
1159 2036 1213 2082 et
1246 2036 1403 2082 erant
1437 2028 1751 2092 eminentia,
1781 2042 1903 2097 qua:
1927 2027 2105 2098 ingre-

508 2141 525 2171 ι
567 2121 825 2175 derentur
882 2134 977 2189 per
1023 2120 1289 2189 parietem
1340 2119 1535 2174 domus
1595 2118 1647 2172 in
1689 2118 1952 2175 lateribus
2007 2133 2105 2188 per

508 2232 526 2263 ι
570 2213 882 2276 circuitum,
908 2222 968 2267 ut
991 2213 1332 2268 continerent
1356 2220 1409 2266 et
1436 2226 1542 2266 non
1568 2212 1898 2282 attingerent
1919 2211 2099 2281 parie-

509 2327 525 2357 ι
567 2315 670 2361 tem
703 2305 909 2375 templi.
944 2306 1009 2360 Et
1034 2304 1212 2375 platea
1240 2314 1358 2359 erat
1393 2304 1445 2359 in
1480 2304 1774 2359 rotundum
1806 2304 2104 2360 ascendens

508 2417 525 2447 α
566 2413 782 2452 sursum
808 2412 905 2468 per
934 2395 1233 2459 cochleam,
1264 2404 1320 2449 et
1351 2396 1403 2449 in
1432 2394 1775 2450 cmnaculum
1801 2395 1985 2464 templi
2013 2394 2101 2449 de-

513 2508 531 2539 σ
571 2487 777 2544 ferebat
802 2503 899 2558 per
934 2502 1146 2558 gyrum.
1202 2485 1409 2541 Idcirco
1454 2485 1617 2540 latius
1667 2492 1787 2539 erat
1844 2484 2101 2554 templum

512 2600 528 2633 ι
556 2584 623 2636 .in
656 2580 1051 2651 superioribus,
1078 2587 1131 2634 et
1148 2577 1225 2633 sic
1240 2578 1305 2633 de
1330 2577 1680 2633 inferioribus
1708 2577 2106 2633 ascendebatur

511 2695 528 2725 ι
563 2675 629 2728 ad
655 2673 931 2744 superiora
970 2673 1022 2725 in
1053 2671 1311 2726 medium.
1344 2690 1363 2723 ι
1398 2669 1551 2737 Quod
1580 2678 1760 2723 autem
1793 2671 1845 2723 in
1870 2668 2101 2738 Septua-

505 2768 651 2835 ginta
682 2763 899 2835 ponitur
931 2780 949 2813 ι
987 2769 1041 2816 et
1078 2760 1145 2815 de
1175 2752 1369 2815 mediis
1395 2759 1459 2813 ad
1494 2760 1739 2829 tristega,
1770 2778 1788 2810 ι
1824 2757 1876 2812 id
1905 2767 2011 2823 est,
2036 2759 2104 2813 ad

507 2857 611 2911 tria
643 2854 947 2919 cmnacula,
972 2861 1027 2908 et
1068 2850 1260 2917 thracl,
1310 2852 1363 2906 in
1408 2850 1677 2905 Hebraico
1712 2866 1818 2903 non
1852 2850 2099 2903 habetur.

582 2967 600 2997 ι
640 2948 707 3003 Et
721 2948 824 3001 vidi
846 2947 899 2999 in
916 2945 1075 3000 domo
1091 2943 1430 2999 altitudinem
1458 2958 1553 3011 per
1567 2942 1857 2997 circuitum
1883 2940 2102 2995 fundata

512 3057 529 3087 ι
568 3038 732 3092 latera
757 3037 825 3093 ad
852 3050 1160 3089 mensuram
1176 3032 1373 3089 calami
1390 3048 1485 3088 sex
1503 3032 1811 3087 cubitorum
1836 3032 2033 3101 spatio,
2049 3038 2103 3086 et

513 3153 529 3179 ι
564 3128 902 3184 latitudinem
935 3142 1031 3197 per
1060 3126 1321 3196 parietem
1340 3124 1526 3180 lateris
1543 3124 1845 3179 forinsecus
1860 3124 2100 3195 quinque

512 3239 530 3270 ε
563 3220 891 3274 cubitorum.
922 3216 989 3271 Et
1024 3225 1143 3272 erat
1169 3216 1397 3271 interior
1423 3215 1618 3271 domus
1649 3215 1701 3269 in
1721 3215 1982 3270 lateribus
2004 3215 2100 3269 do.

514 3330 534 3361 ο
564 3325 702 3365 mus.
731 3308 803 3363 Et
826 3308 965 3363 inter
990 3307 1374 3379 gazophylacia
1388 3307 1727 3361 latitudinem
1746 3306 1934 3378 viginti
1951 3306 2102 3360 cubi-

514 3419 532 3452 ι
566 3408 739 3455 torum
773 3398 827 3453 in
854 3398 1081 3453 circuitu
1105 3396 1298 3452 domus
1320 3396 1575 3467 undique.
1602 3396 1667 3450 Et
1685 3397 1886 3450 ostium
1917 3396 2101 3451 lateris

513 3510 531 3542 ι
566 3489 633 3547 ad
676 3488 977 3544 orationem
1006 3486 1170 3561 (quod
1218 3487 1272 3541 in
1302 3485 1658 3558 Septuaginta
1693 3502 1799 3541 non
1828 3486 2098 3556 habetur),

512 3598 531 3631 ι
562 3578 759 3635 ostium
789 3592 953 3632 unum
984 3578 1050 3631 ad
1067 3577 1209 3631 viam
1232 3576 1806 3647 aquilonis,ctostimn
1834 3593 2003 3630 unum
2036 3577 2104 3631 ad

520 3693 538 3724 ι
573 3673 717 3727 viam
769 3672 1086 3737 australem,
1124 3681 1180 3727 ct
1204 3671 1544 3726 latitudinem
1572 3671 1677 3727 loci
1704 3672 1770 3726 ad
1802 3673 2103 3727 orationem

519 3784 537 3814 ο
571 3764 809 3833 quinque
837 3762 1143 3817 cubitorum
1172 3761 1225 3818 in
1256 3762 1509 3818 circuitu.
1537 3762 1603 3815 Et
1628 3762 1939 3827 aedilicium,
1960 3762 2105 3832 quod

522 3872 541 3905 ι
574 3863 693 3909 erat
721 3862 1030 3923 separatum
1068 3866 1393 3921 versumque
1444 3853 1510 3908 ad
1549 3854 1687 3907 viam
1721 3854 2105 3923 respicientem

522 3963 538 3994 ι
570 3945 634 3998 ad
678 3959 829 3998 mare
861 3942 1162 3997 latitudinis
1194 3942 1531 4011 septuaginta
1557 3943 1860 3997 cubitorum
1890 3963 1902 3996 ς
1929 3942 2108 4011 paries

522 4057 539 4087 ι
578 4044 758 4090 autem
787 4031 999 4089 aedificii
1030 4034 1269 4103 quinque
1296 4034 1601 4089 cubitorum
1658 4033 1959 4088 latitudinis
2010 4048 2109 4103 per

520 4146 537 4179 ‹
575 4128 949 4192 circuitum,ct
979 4126 1255 4197 longitudo
1277 4126 1394 4196 ejus
1418 4126 1709 4195 nonaginta
1733 4125 2055 4179 cubitorum.
2082 4144 2102 4177 ι

518 4214 805 4287 Postquam
844 4217 1087 4287 pervenit
1121 4216 1191 4271 ad
1230 4216 1493 4272 Sanctum
1538 4226 1879 4280 sanctorum,
1911 4217 1976 4270 de
2000 4230 2108 4285 quo

517 4324 677 4377 supra
707 4308 962 4371 diximus,
989 4306 1071 4361 vir
1103 4306 1190 4361 ille
1212 4305 1538 4361 venerabilis
1565 4321 1784 4359 mensus
1818 4314 1901 4360 est
1924 4302 2108 4359 Sancti

516 4410 826 4457 sanctorum
856 4400 1140 4471 parietem,
1169 4401 1258 4469 qui
1291 4409 1513 4469 propter
1551 4399 1812 4453 fabricam
1842 4399 2027 4453 mundi
2054 4408 2112 4455 et

2203 574 2256 618 et
2286 566 2460 631 illum,
2484 569 2575 637 qui
2605 570 2818 639 genitus
2856 578 2962 634 est,
2995 572 3215 639 triginta
3271 580 3381 627 tres
3412 573 3632 643 explere
3664 574 3808 639 dies,

2204 664 2262 709 ut
2289 657 2505 711 veniant
2544 659 2611 711 ad
2657 660 3109 727 purificationem.
3149 661 3319 715 Porro
3356 663 3399 715 si
3445 664 3700 730 genuerit
3726 662 3810 718 fev

2203 748 2423 811 minam,
2470 748 2736 818 duplicem
2765 752 3042 805 observari
3092 768 3397 817 numerum,
3426 754 3479 807 id
3506 765 3612 819 est,
3641 771 3810 809 sexa-

2203 837 2348 905 ginta
2374 854 2488 894 sex.
2508 841 2568 893 Et
2595 841 2742 910 quia,
2766 850 2824 894 ut
2848 842 3127 897 veniamus
3152 844 3217 896 ad
3241 844 3438 898 Sancta
3462 856 3805 906 sanctorum.

2202 944 2305 981 non
2335 929 2509 984 solum
2544 931 2720 999 prima
2785 932 3089 1002 indigemus
3128 932 3445 999 nativitate,
3488 936 3583 989 sed
3614 946 3671 989 ct
3712 950 3803 987 se-

2202 1022 2395 1085 cunda,
2419 1032 2477 1075 ut
2521 1022 2631 1076 nati
2685 1022 2737 1077 in
2782 1038 2971 1089 carne,
3003 1039 3356 1079 renascamur
3383 1026 3435 1078 in
3467 1026 3688 1093 spiritu.
3721 1025 3806 1081 id-

2202 1112 2347 1166 circo
2373 1129 2479 1167 non
2498 1114 2775 1184 sexaginta
2798 1130 2916 1179 sex,
2940 1116 3033 1170 sed
3056 1116 3140 1171 bis
3174 1116 3414 1186 triginta,
3439 1126 3493 1171 et
3518 1119 3681 1171 trium
3706 1134 3805 1187 p0-

2203 1205 2350 1257 nitur
2408 1214 2791 1260 numeruszut
2839 1215 3068 1275 utraque
3118 1207 3374 1262 nativitas
3422 1207 3535 1261 Deo
3585 1208 3802 1263 auctori

2200 1293 2458 1348 debeatur
2504 1295 2755 1366 illiusque
2806 1296 3124 1362 clementiae,
3161 1306 3215 1352 et
3264 1298 3463 1368 duplici
3496 1312 3655 1352 muro
3691 1300 3802 1353 cir-

2203 1398 2458 1443 cumeant
2504 1387 2675 1443 latera
2710 1390 2939 1455 domus,
2996 1405 3116 1460 qua:
3163 1391 3348 1461 templi
3400 1390 3631 1445 fuiciunt
3665 1390 3799 1446 zeli-

2204 1474 2407 1531 ficium.
2466 1478 2729 1549 Quodque
2779 1481 3025 1550 sequitur
3057 1480 3213 1552 juxta
3267 1482 3596 1537 llebraicum
3628 1500 3644 1537 :
3676 1502 3697 1534 ε
3733 1482 3800 1537 Et

2204 1577 2362 1624 erant
2395 1570 2643 1640 qucerlam
2696 1572 2987 1627 eminentia
3020 1612 3034 1637 ,
3091 1560 3214 1642 qua:
3266 1573 3658 1642 egrederentur
3704 1586 3801 1644 per

2208 1661 2467 1731 parietem
2496 1662 2688 1717 domus
2724 1677 2821 1732 per
2861 1662 3031 1716 latera
3063 1663 3116 1716 in
3168 1663 3418 1726 circuitu,
3446 1672 3504 1716 ut
3553 1663 3800 1719 centius-

2210 1761 2363 1815 rent,
2402 1760 2457 1806 et
2503 1767 2610 1807 non
2662 1753 2993 1823 attingerent
3043 1753 3304 1821 parietem
3367 1754 3578 1821 templi,
3618 1774 3636 1804 ›
3671 1752 3799 1807 illul

2205 1841 2513 1910 significat,
2556 1843 2698 1911 quod
2733 1844 2902 1899 sancti
2947 1843 3046 1897 viri
3090 1844 3142 1897 in
3185 1842 3529 1907 multitudine
3572 1844 3800 1899 credent-

2207 1934 2339 1987 tium
2362 1942 2653 2003 erumpant
2680 1947 2776 2001 per
2806 1932 3066 2003 parietem
3122 1934 3335 2003 templi,
3360 1949 3461 2003 per
3499 1935 3685 1988 omnia
3719 1934 3798 1988 vi-

2204 2025 2399 2079 delicet
2447 2025 2620 2079 latera
2672 2025 2726 2079 in
2763 2026 3028 2091 circuitu,
3076 2035 3131 2080 tl
3186 2026 3499 2082 contineant
3544 2027 3800 2083 Ecclesia:

2205 2114 2577 2179 fundamenta,
2602 2122 2655 2169 et
2685 2123 2863 2171 tamen
2895 2130 2999 2170 non
3046 2124 3268 2188 tangant
3296 2118 3561 2187 parietem
3594 2117 3798 2189 templi,

2208 2212 2414 2260 tantum
2430 2206 2629 2261 vidisse
2649 2206 2912 2270 contenti,
2944 2204 3087 2261 etde
3120 2210 3275 2277 longe
3302 2207 3686 2263 inenarrabilia
3710 2210 3801 2263 ad-

2204 2312 2390 2352 orasse
2433 2298 2707 2369 mysteria.
2742 2295 2896 2352 Nunc
2924 2298 3069 2352 enim
3099 2298 3344 2354 videmus
3376 2315 3477 2369 per.
3520 2299 3798 2370 speculum

2205 2390 2259 2444 in
2288 2389 2592 2460 :enigmate,
2618 2398 2671 2444 et
2706 2389 3076 2459 plenissimam
3101 2398 3327 2458 tangere
3370 2399 3536 2461 atque
3562 2407 3801 2462 compre-

2204 2481 2446 2537 hendere
2477 2498 2582 2537 non
2616 2495 2903 2551 possumus
2925 2481 3230 2538 veritatem.
3248 2482 3400 2550 Quod
3414 2492 3599 2537 autem
3619 2484 3795 2552 platea

2203 2574 2399 2628 eratin
2425 2574 2717 2627 rotundum
2739 2572 3035 2627 ascendens
3065 2585 3278 2627 Sursum
3301 2588 3399 2642 per
3424 2573 3724 2635 cochleam,
3749 2582 3801 2627 et

2204 2664 2258 2719 in
2282 2662 2619 2722 cmnaeulum
2649 2663 2832 2733 templi
2863 2661 3144 2718 deferebat
3169 2679 3262 2733 per
3285 2676 3573 2737 gyrum,et
3598 2666 3800 2720 idcirco

2205 2754 2369 2811 latius
2397 2764 2515 2810 erat
2556 2753 2817 2823 templum
2857 2753 2911 2807 in
2958 2753 3347 2823 superioribus,
3378 2763 3432 2810 et
3463 2756 3545 2810 sic
3572 2756 3639 2811 de
3672 2754 3801 2811 infc-

2205 2846 2439 2901 rioribns
2473 2846 2866 2901 ascendebatur
2901 2845 2970 2900 ad
3002 2845 3283 2916 superiora
3313 2854 3367 2900 et
3391 2847 3650 2913 medium,
3675 2857 3801 2917 puto

2205 2936 2549 3007 perspicuum
2575 2950 2698 2991 esse
2726 2934 2913 2990 lectori
2939 2950 3153 3005 semper
3178 2936 3495 3005 angustiora
3522 2950 3800 3007 esse,qna:

2205 3028 2458 3083 deorshm
2488 3035 2615 3082 sunt
2642 3027 2695 3080 in
2715 3026 2956 3097 jejnniis,
2985 3031 3313 3099 χαμευνίαις,
3338 3037 3393 3083 et
3418 3030 3596 3083 victus
3625 3029 3798 3083 conti-

2206 3121 2408 3183 nentia,
2451 3118 2817 3189 paulatimque
2843 3118 2967 3172 dum
2999 3120 3065 3173 ad
3103 3134 3313 3173 summa
3361 3120 3795 3195 conscendimus,

2204 3210 2450 3265 latiorem
2484 3210 2636 3264 nobis
2674 3210 2874 3280 aperiri
2904 3210 3085 3273 viam,
3138 3220 3193 3264 et
3235 3210 3445 3281 impleri
3497 3213 3640 3280 quod
3669 3214 3800 3266 scri-

2202 3310 2350 3372 ptum
2374 3311 2498 3355 est:
2529 3318 2547 3350 ι
2582 3299 3002 3355 lntribalatione
3028 3300 3264 3354 dilatasti
3292 3301 3421 3354 mihi
3444 3298 3618 3371 (Paul.
3644 3300 3739 3370 iv).
3771 3320 3791 3353 ι

2205 3391 2309 3447 Per
2358 3392 2645 3446 rotundum
2677 3398 2855 3445 autem
2892 3399 2947 3443 et
2980 3405 3077 3459 per
3123 3391 3403 3446 cmhleam
3457 3394 3797 3448 ascendimus

2205 3483 2388 3554 templi
2414 3482 2750 3543 cmuaculum
2766 3523 2780 3547 ,
2806 3497 2925 3550 qua:
2953 3482 3123 3553 figura
3154 3483 3294 3538 inter
3316 3485 3499 3537 omnia
3521 3486 3795 3540 schemata

2206 3589 2235 3627 a
2273 3572 2605 3643 philosophis
2633 3586 2855 3641 quoque
2890 3571 3048 3641 hujus
3088 3574 3270 3627 stecnli
3302 3574 3581 3644 pulchrior
3605 3594 3799 3646 appro-

2206 3662 2385 3729 batur,
2419 3664 2545 3719 dum
2572 3672 2627 3717 et
2662 3663 2881 3727 coelum,
2905 3673 2960 3717 et
3009 3662 3108 3724 sol,
3143 3674 3197 3718 et
3225 3664 3373 3729 luna,
3402 3673 3459 3720 et
3502 3675 3654 3721 astra
3700 3682 3799 3723 ca:-

2208 3763 2345 3821 tera,
2380 3763 2432 3809 et
2460 3764 2720 3824 punctum
2755 3764 2912 3810 terra:
2940 3756 2992 3809 in
3024 3757 3345 3825 corporibus
3366 3774 3585 3828 quoque
3612 3762 3800 3815 huma-

2208 3845 2293 3900 nis
2320 3847 2485 3909 ocuii,
2510 3846 2662 3914 quasi
2703 3847 2871 3899 altera
2903 3847 3107 3911 sidera,
3136 3857 3190 3901 et
3222 3848 3391 3916 figura
3437 3851 3635 3921 capitis
3661 3854 3799 3922 quod

2209 3937 2446 3991 nnmium
2465 3952 2721 3991 sensuum
2748 3938 3147 4007 receptaculum
3168 3949 3265 4003 est,
3292 3950 3604 4009 teretesque
3628 3945 3799 4016 digiti,

2210 4037 2264 4083 et
2294 4028 2517 4093 femina,
2542 4038 2597 4083 et
2630 4029 2875 4095 brachia,
2899 4033 3037 4085 hanc
3061 4030 3357 4101 praeferunt
3388 4037 3795 4092 rotundi.atcm.

2210 4118 2379 4173 Porro
2408 4118 2744 4173 cmnaculum
2785 4120 2968 4189 templi
3000 4121 3065 4175 ad
3094 4124 3237 4191 quoi
3286 4125 3352 4177 de
3400 4128 3797 4196 angustioribus

2212 4213 2278 4265 ad
2308 4211 2497 4267 altiora
2526 4212 2962 4277 conscendimus,
2986 4214 3115 4268 illud
3166 4224 3295 4284 puto
3343 4232 3503 4281 e559,
3558 4222 3701 4288 quod
3748 4222 3794 4273 ia

2213 4302 2419 4371 [legum
2455 4304 2727 4358 volumine
2776 4304 2925 4359 Elias
2960 4305 3152 4360 habuit
3191 4316 3240 4361 et
3278 4307 3490 4363 Eliseus
3518 4309 3639 4379 (HI
3674 4309 3791 4380 Reg.

2214 4414 2265 4451 vt
2290 4414 2304 4462 ;
2359 4396 2385 4451 1
2406 4394 2440 4449 γ
2471 4395 2595 4465 Reg.
2626 4396 2722 4468 1v),
2754 4404 2808 4450 et
2837 4396 2889 4451 in
2918 4399 3280 4467 apostolorum
3294 4401 3523 4457 Actibus
3546 4403 3791 4469 Tabitha,

516 4506 730 4545 omnem
768 4489 1033 4544 visibilem
1062 4498 1389 4554 creaturam,
1420 4504 1540 4557 qua:
1569 4489 1620 4541 in
1644 4503 1735 4542 sex
1764 4487 1954 4543 diebus
1982 4504 2110 4542 con—
2140 4524 2187 4583 ο
2216 4491 2268 4545 id
2298 4500 2381 4546 est
2401 4491 2614 4567 Δόρκας,
2643 4500 2697 4543 et
2726 4489 2939 4544 damula
2983 4502 3166 4546 nostra
3195 4494 3462 4561 possedit,
3498 4510 3619 4564 qua:
3647 4495 3789 4551 bonis

518 4579 630 4634 dita
677 4585 781 4644 est,
806 4594 899 4633 sex
936 4578 1171 4633 habebat
1216 4578 1396 4632 cubita
1424 4618 1437 4640 ,
1479 4586 1533 4631 et
1581 4578 1919 4632 latitudinem
1950 4579 2110 4633 unius

520 4669 706 4722 lateris
731 4677 963 4737 quatuor
989 4666 1316 4729 cubitorum,
1336 4682 1441 4719 non
1460 4681 1527 4719 ex
1555 4683 1662 4719 uno
1688 4666 1872 4730 latere,
1898 4666 1989 4719 sed
2016 4681 2113 4735 per

520 4760 823 4814 circuitum.
855 4757 1096 4825 Quatuor
1121 4766 1297 4811 autem
1324 4756 1505 4811 cubita
1542 4757 1757 4811 tenebat
1786 4773 1885 4825 per
1915 4756 2112 4811 circui—

522 4859 635 4903 tum
665 4850 857 4904 domus
899 4847 1143 4912 latitudo,
1171 4856 1230 4903 ut
1277 4858 1510 4916 quatuor
1543 4847 1807 4902 elementa
1838 4858 2107 4903 monstra-

523 4950 625 5006 ret,
652 4956 717 4995 ex
746 4942 943 5009 quibus
984 4940 1233 4994 universa
1265 4949 1547 5009 compacta
1597 4950 1743 5004 sunt,
1773 4949 1827 4994 et
1877 4942 2112 4994 maxime

523 5030 757 5082 humana
788 5043 1055 5098 corpora:
1090 5037 1278 5083 contra
1330 5043 1451 5097 quae
1488 5030 1659 5083 sancti
1711 5030 2031 5084 dimicantes
2060 5038 2114 5083 ct

524 5120 871 5191 subjicientes
919 5134 976 5174 se
1006 5120 1197 5174 animm
1238 5121 1519 5189 potestati,
1549 5121 1804 5176 interiora
1836 5132 2113 5174 merentur

528 5214 747 5275 intrare,
783 5221 837 5266 et
866 5212 1075 5267 Domini
1130 5227 1327 5267 arcana
1384 5228 1728 5284 cognoscere.
1763 5214 1880 5282 ipsa
1928 5224 2107 5268 autem

516 5303 715 5363 latera,
739 5317 857 5371 quae
899 5302 952 5356 in
990 5303 1220 5357 circuitu
1250 5304 1442 5357 domus
1466 5312 1641 5367 erant,
1670 5314 1723 5357 et
1744 5315 1972 5372 quatuor
2010 5321 2107 5359 cu-

526 5392 761 5446 bitorum
791 5392 967 5460 spatio
992 5409 1020 5444 a
1052 5391 1231 5461 templi
1255 5393 1458 5461 pariete
1482 5395 1893 5463 separabantur,
1925 5394 2112 5463 juncta

527 5480 627 5533 sibi
659 5488 836 5544 erant,
862 5480 933 5532 ita
968 5489 1027 5533 ut
1066 5496 1228 5534 unum
1266 5481 1407 5537 latus
1433 5482 1575 5537 aliud
1605 5483 1745 5537 latus
1779 5486 2117 5553 contingeret

528 5581 580 5624 et
605 5570 825 5626 haberet
854 5570 906 5625 in
935 5570 1267 5642 longitudine
1290 5588 1396 5628 non
1427 5574 1645 5644 triginta
1669 5583 1726 5628 et
1754 5568 1862 5629 tres
1883 5576 2113 5640 cubitos,

531 5662 623 5714 sed
648 5661 729 5715 bis
752 5662 968 5733 triginta
998 5672 1126 5727 tres,
1152 5663 1255 5717 hoc
1277 5674 1377 5725 est,
1410 5666 1690 5735 sexaginta
1717 5681 1832 5720 sex.
1863 5664 2030 5721 Vetus
2062 5668 2114 5720 in

532 5751 769 5808 ιρι-ως)
811 5754 1045 5823 loquitur
1097 5754 1499 5810 Testamentum
1548 5754 1732 5819 (Lm-it.
1774 5754 1871 5818 xu)
1902 5756 1955 5808 in
1993 5766 2115 5811 ortu

2213 4582 2464 4650 operibus
2492 4583 2556 4635 ad
2584 4595 2797 4634 summa
2832 4583 3366 4653 conscenderat(Art.
3388 4603 3461 4651 ix,
3488 4587 3624 4644 v.36
3639 4586 3788 4657 seq.).

2217 4670 2499 4739 Apostolus
2548 4678 2730 4723 autem
2764 4669 2975 4732 Petrus,
3007 4686 3170 4740 super
3211 4687 3371 4740 quem
3418 4673 3673 4727 Dominus
3697 4673 3779 4729 Eo

2213 4762 2391 4815 clesiae
2432 4760 2781 4814 fundamenta
2826 4760 3116 4828 solidavit,
3165 4763 3501 4817 transcendit
3550 4779 3782 4819 ccenacu-

2214 4850 2345 4915 ium,
2372 4858 2422 4905 et
2454 4851 2598 4904 venit
2624 4851 2689 4904 ad
2716 4860 2917 4905 tectum
2944 4892 2958 4914 ,
3002 4852 3142 4919 quod
3190 4853 3581 4923 significantius
3610 4854 3783 4909 Gnece

2214 4940 2359 5011 δῶμα
2406 4940 2624 5003 dicitur,
2661 4940 2710 4993 id
2742 4953 2821 4995 εει
2848 4981 2862 5004 ,
2912 4942 3036 4995 tecti
3096 4942 3350 4997 solarium
3378 4984 3391 5005 ,
3446 4954 3502 4997 et
3531 4945 3778 5014 incognita

2215 5033 2366 5103 prius
2394 5032 2587 5085 sazculo
2611 5031 2862 5087 Ecclesia:
2890 5042 3231 5087 sacramenta
3264 5035 3531 5103 cognovit.
3553 5034 3778 5089 Salvator

2215 5138 2427 5193 quoque
2462 5125 2674 5194 generis
2713 5125 2932 5177 humani
2973 5127 3173 5193 pascha
3226 5125 3354 5180 facit
3398 5128 3450 5179 in
3495 5127 3771 5189 emaaculo,

2213 5224 2266 5267 et
2292 5229 2482 5282 magno
2523 5213 2737 5282 latoque
2762 5215 3042 5269 cmnaculo
3086 5224 3247 5284 atque
3286 5216 3432 5270 omni
3465 5221 3617 5271 sorde
3660 5233 3770 5285 pur-

2212 5314 2336 5373 gato
2358 5314 2654 5374 stratoque,
2687 5315 2742 5359 et
2779 5305 2845 5358 ad
2875 5306 3113 5374 spiritale
3138 5306 3443 5359 convivium
3477 5317 3766 5375 praeparato,

2216 5395 2302 5448 ubi
2338 5396 2649 5465 mysterium
2686 5397 2928 5466 corporis
2976 5407 3029 5450 et
3077 5397 3355 5467 sanguinis
3410 5400 3523 5453 suis
3576 5395 3765 5450 tmdidit

2215 5486 2509 5554 discipulis,
2541 5493 2593 5539 et
2622 5494 2877 5540 mtcrnam
2930 5486 3084 5540 nobis
3137 5488 3260 5556 agni
3302 5488 3627 5543 immaculati
3664 5487 3763 5540 rell.

2216 5575 2333 5642 quit
2360 5576 2722 5629 festivitatem.
2755 5574 2965 5646 (Βεω.)
2994 5575 3145 5642 Quod
3190 5586 3371 5632 autem
3420 5578 3486 5633 de
3522 5586 3759 5632 structura

2219 5666 2397 5736 templi
2448 5668 2499 5719 in
2550 5666 2685 5720 libro
2716 5666 2919 5736 Regum
2952 5667 3211 5735 scriptum
3244 5678 3330 5722 est
3361 5687 3373 5723 :
3413 5688 3431 5721 ι
3469 5667 3664 5723 Ostium
3700 5667 3759 5719 lac

2218 5758 2348 5810 tcris
2384 5758 2539 5811 medii
2584 5758 2635 5812 in
2678 5767 2829 5826 parte
2869 5765 2986 5812 erat
3027 5758 3217 5813 domus
3260 5759 3465 5817 dextrae
3494 5774 3544 5818 ct
3572 5779 3658 5834 per
3682 5777 3755 5819 ce-
