3950 6334
223 392 329 448 e73

1148 391 1497 447 COMMENT.
1539 390 1602 445 ΙΝ
1640 387 2088 444 EZEClllELEM.
2133 420 2198 429 ——
2238 388 2362 443 LIB.
2402 389 2559 444 XVII.

3383 397 3482 451 971

220 502 436 561 cbleam
459 502 821 558 ascendebant
846 503 897 557 in
922 501 1159 557 medium
1184 503 1542 566 ctenaculnm,
1569 511 1622 557 et
1646 517 1675 555 a
1703 517 1808 555 me-
1835 507 1883 563 Α
1911 501 2154 570 corporis
2205 502 2361 572 hujus
2406 517 2610 568 sumus,
2648 503 3071 574 ingemiscimus,
3108 506 3444 580 dicimusquc
3474 529 3487 566 :

220 594 315 650 dio
337 594 389 648 in
416 592 659 657 tertium,
694 612 710 643 ι
741 608 845 646 non
884 592 1321 647 inconvenientcr
1339 590 1495 660 juxta
1524 592 1806 661 mysticam

220 682 672 755 significationem
690 684 815 737 huic
837 682 954 736 loco
977 684 1148 751 aptari
1174 668 1371 751 potest.
1388 681 1521 735 Nam
1546 682 1634 735 hic
1660 680 1809 734 locus

220 773 441 843 proprie
470 772 537 826 ad
564 787 763 843 corpus
788 773 1124 827 Dominicum
1158 774 1344 828 referri
1372 781 1567 841 potest.
1599 770 1809 826 Ostium

222 876 462 933 namque
506 862 696 917 lateris
725 862 886 917 medii
929 864 981 917 in
1017 874 1171 933 parte
1202 872 1319 917 erat
1362 864 1553 918 domus
1583 863 1804 924 dextrm,

222 954 375 1022 quia,
401 951 656 1008 defuncto
678 954 731 1008 in
758 969 919 1009 cruce
942 955 1189 1019 Domino,
1212 970 1347 1008 unus
1366 955 1592 1007 militum
1618 952 1805 1005 lancea

224 1040 369 1097 latus
397 1043 514 1113 ejus
543 1044 776 1112 aperuit.
820 1044 887 1098 Et
917 1047 1053 1100 bene
1086 1046 1137 1098 in
1170 1055 1325 1113 parte
1354 1045 1545 1099 domus
1581 1044 1805 1105 dextrae,

222 1132 351 1201 quia
378 1133 506 1187 dest
538 1150 626 1188 unt
658 1135 709 1190 ei
735 1135 878 1190 latus
901 1152 929 1189 a
961 1136 1129 1190 milite
1156 1145 1398 1207 apertum
1426 1144 1609 1190 sancta
1637 1135 1809 1190 credit

223 1226 465 1282 Ecclesia
509 1229 643 1284 :ubi
679 1230 843 1284 etiam
881 1242 1007 1301 apto
1045 1232 1211 1286 verbo
1250 1249 1379 1286 usus
1420 1242 1504 1286 est
1541 1232 1811 1302 cvangeli-

222 1329 328 1383 sta,
360 1330 417 1375 ut
445 1336 551 1376 non
597 1324 821 1389 diceret,
844 1324 1118 1380 Percussit
1162 1326 1302 1381 latus
1340 1335 1431 1381 aut
1484 1327 1808 1393 vulneravit,

225 1414 325 1467 sed
374 1416 608 1484 aperuit,
638 1415 911 1479 videlicet,
960 1418 1117 1486 quasi
1163 1418 1360 1474 ostium
1395 1418 1581 1473 lateris
1623 1419 1808 1483 medii,

221 1515 323 1570 per
364 1504 506 1573 quod
560 1506 715 1560 nobis
761 1506 865 1560 iter
916 1508 982 1560 ad
1040 1506 1282 1561 cmlcstia
1332 1509 1677 1578 panderetur.
1709 1509 1809 1563 Dc—

222 1590 388 1661 nique
418 1593 491 1647 ita
519 1593 823 1661 subjunx't.
862 1613 881 1645 ι
920 1595 986 1649 Et
1032 1597 1289 1653 continuo
1321 1598 1488 1651 exivit
1514 1598 1729 1669 sanguis
1756 1608 1810 1653 ct

218 1697 363 1751 aqua
393 1680 573 1753 (Joan.
606 1684 742 1754 xu),
765 1704 780 1734 ι
800 1701 939 1754 aqua
970 1686 1174 1741 scilicet
1204 1704 1304 1757 qua
1332 1688 1602 1741 abluimur
1630 1689 1679 1741 in
1712 1688 1807 1741 ba-

219 1770 439 1841 ptismo,
470 1783 525 1827 et
554 1774 792 1844 sanguis,
830 1791 936 1844 quo
962 1793 1347 1831 consecramur
1377 1778 1427 1832 in
1473 1777 1642 1832 calice
1687 1793 1810 1832 san—

1918 612 1935 644 ι
1974 593 2138 649 Miser
2182 609 2282 664 ego
2330 594 2526 659 homo,
2577 603 2699 665 quis
2737 612 2822 652 me
2857 597 3105 654 liberabit
3156 601 3223 655 de
3268 617 3493 672 corpore

1911 688 2100 740 mortis
2130 687 2323 756 hujus?
2353 686 2529 756 (Rom.
2562 690 2682 759 vn.)
2713 687 2816 742 Sed
2847 699 2901 744 et
2940 691 3005 745 ad
3034 692 3175 746 viam
3202 695 3491 748 australem

1908 776 2331 841 eratostium,et
2361 777 2533 846 ipsum
2560 778 2713 847 juxta
2733 778 3052 835 Hebraieum
3084 782 3290 838 habens
3315 784 3489 839 locum

1908 864 2205 925 orationis,
2257 873 2311 918 et
2358 866 2595 936 quinque
2639 868 2863 923 tendens
2910 871 3104 925 cubitis
3157 889 3251 935 per
3286 875 3487 930 circui-

1910 962 2045 1008 tum.
2076 954 2181 1009 Per
2207 956 2376 1027 frigus
2402 958 2543 1011 enim
2576 959 2860 1027 aquilonis,
2891 961 2954 1015 ad
2988 970 3277 1021 australem
3308 976 3489 1022 trans-

1912 1046 2051 1100 imus
2071 1046 2323 1110 calorem,
2348 1056 2399 1101 et
2424 1057 2599 1103 tamen
2636 1066 2849 1103 rursum
2896 1053 3153 1107 orationis
3198 1058 3489 1123 qumrimus

1909 1135 2084 1190 locum
2113 1136 2165 1189 in
2197 1137 2463 1205 aquilonis
2509 1139 2667 1200 ostio,
2719 1148 2775 1192 ut
2812 1145 3104 1194 evadamus
3129 1144 3397 1211 pericula;
3432 1146 3488 1201 in

1910 1224 2151 1288 australi,
2185 1235 2243 1279 ut
2271 1242 2494 1295 agamus
2524 1229 2724 1297 gratias
2754 1245 2848 1297 pro
2880 1232 3188 1299 prmtcritis,
3214 1242 3267 1289 et
3299 1235 3368 1289 sit
3394 1250 3491 1291 no-

1910 1313 1993 1368 bis
2023 1314 2262 1369 victorirc
2300 1330 2488 1370 secura
2520 1318 2804 1385 possessio.
2840 1318 3089 1388 Quinque
3118 1330 3295 1376 autem
3324 1325 3491 1383 cubiti

1911 1413 1965 1460 et
1993 1406 2045 1459 in
2078 1407 2180 1461 hoc
2212 1406 2326 1461 loco
2368 1408 2577 1463 divinus
2618 1408 2860 1463 indicant
2887 1426 3097 1475 sensus,
3132 1427 3226 1481 per
3254 1429 3388 1483 quos
3421 1416 3488 1471 de

1911 1507 2142 1553 terrenis
2191 1500 2257 1553 ad
2312 1500 2501 1553 altiora
2548 1499 2978 1555 conscendimus.
3015 1521 3035 1552 ι
3071 1501 3137 1557 Ει
3182 1504 3487 1572 aedificium,

1910 1588 2103 1658 inquit,
2134 1588 2276 1657 quod
2299 1599 2418 1643 erat
2446 1597 2776 1659 separatum,
2801 1605 3125 1661 versumque
3146 1596 3212 1647 ad
3238 1596 3378 1648 viam
3408 1612 3493 1651 re-

1911 1678 2226 1747 spicientem
2261 1676 2326 1730 a.l
2356 1692 2523 1739 mare,
2552 1678 2848 1732 latitudinis
2900 1681 3239 1750 septuaginta
3278 1682 3491 1738 cubito-

1914 1788 2054 1835 rum,
2088 1791 2104 1823 ι
2141 1781 2198 1825 ιιι
2242 1781 2361 1839 post
2392 1771 2619 1833 labores,
2650 1780 2704 1824 et
2732 1773 2991 1838 pericula,
3014 1780 3067 1827 ct
3112 1774 3293 1827 smenli
3336 1774 3494 1830 istius

217 1870 329 1915 cto.
364 1861 468 1916 Per
506 1862 608 1917 hoc
648 1880 881 1933 namque
908 1866 1107 1920 ostium
1140 1867 1293 1921 nobis
1337 1877 1421 1921 est
1469 1883 1724 1921 ascensus
1753 1868 1807 1921 in
1844 1853 1882 1909 Β
1912 1863 2107 1918 ﬂuctus
2168 1870 2330 1931 atque
2390 1861 2688 1932 naufragia.
2720 1872 2776 1916 ct
2818 1877 2988 1916 annos
3037 1866 3396 1934 septuaginta,
3426 1867 3494 1922 de

220 1950 460 2005 medium
492 1953 860 2018 cmnaculutn,
911 1962 965 2009 et
1005 1970 1035 2007 a
1080 1955 1257 2009 medio
1290 1956 1341 2009 in
1383 1957 1637 2019 tertium,
1685 1958 1807 2026 quia

218 2054 320 2111 per
347 2042 505 2095 fidem
544 2052 599 2098 et
641 2045 901 2115 mysteria
956 2046 1127 2100 nostri
1173 2046 1549 2116 redemptoris,
1581 2047 1645 2101 dc
1674 2062 1812 2116 pra:-

217 2132 361 2186 senti
388 2131 642 2188 Ecclesia:
680 2136 1089 2194 conversatione
1139 2137 1205 2191 ad
1239 2138 1479 2207 requiem
1507 2139 1807 2191 animarum

216 2229 345 2292 post
374 2231 602 2276 mortem
632 2224 974 2277 ascendimus
1006 2241 1018 2277 :
1064 2237 1358 2294 rursusque
1390 2226 1455 2280 de
1480 2227 1665 2295 requie
1696 2226 1811 2280 ani-

219 2326 455 2378 marum,
497 2312 817 2368 adveniente
861 2312 949 2368 die
970 2312 1185 2381 judicii,
1235 2316 1301 2370 ad
1348 2316 1809 2370 immortalitatem

217 2415 438 2472 quoque
466 2416 773 2472 cerporum,
803 2404 957 2473 quasi
999 2405 1051 2457 in
1091 2405 1308 2459 tertium
1346 2406 1684 2460 ccenaculnm
1714 2421 1806 2459 su-

217 2489 470 2545 blimiore
506 2489 750 2561 profectu
790 2493 1189 2562 penetrabimus
1217 2534 1231 2557 ,
1287 2508 1353 2549 ex
1383 2510 1490 2562 quo
1534 2494 1585 2548 in
1616 2510 1809 2565 magna

219 2578 505 2633 amborum
536 2590 587 2635 et
617 2581 861 2651 corporis
896 2581 1145 2638 videlicet
1168 2591 1223 2638 et
1260 2585 1455 2638 animae
1482 2585 1811 2639 beatitudine

215 2667 486 2725 vivemus.
512 2669 665 2737 Quod
688 2672 905 2742 quidem
934 2674 1037 2728 iter
1056 2673 1399 2730 invisibiliter
1426 2676 1705 2746 agebatur,
1733 2676 1807 2729 ita

215 2770 280 2817 ut
301 2762 401 2817 soli
441 2761 543 2816 hoc
574 2762 665 2831 qui
708 2763 1041 2817 intraverant
1083 2774 1324 2831 nossent,
1351 2765 1601 2835 quamvis
1634 2767 1808 2834 ipsum

215 2857 420 2911 ostium
462 2854 629 2909 etiam
671 2851 805 2909 foris
855 2853 1017 2923 positi
1056 2854 1321 2908 viderent.
1370 2854 1504 2921 Quia
1555 2855 1807 2909 nimirum

216 2957 380 3005 actus
414 2945 648 3001 fidelium
679 2945 732 2999 in
764 2946 864 3000 hoc
887 2944 1105 3008 saeculo,
1122 2952 1176 3000 et
1203 2944 1595 3001 celebrationes
1626 2960 1809 3000 sacra-

214 3048 529 3099 mentorum
557 3040 722 3093 etiatn
748 3036 961 3107 reprobi
996 3043 1222 3107 pusmtnt
1250 3036 1468 3101 intueri,
1496 3052 1684 3091 verum
1720 3051 1808 3089 ar-

216 3148 359 3189 cana
388 3130 508 3186 fidei
540 3129 762 3191 intimae,
789 3139 846 3182 et
887 3128 1116 3198 gratiam
1140 3126 1463 3191 dilectionis,
1495 3127 1673 3182 nullus
1700 3127 1805 3181 nisi

208 3223 316 3294 qui
365 3237 463 3294 per
515 3222 647 3282 hate.
702 3219 931 3274 Domino
982 3220 1139 3284 duce,
1181 3219 1247 3273 ad
1286 3219 1528 3275 caalestia
1572 3219 1806 3282 scandit,
1835 3206 1879 3267 C

217 3313 503 3385 agnoscit:
543 3329 562 3363 ι
598 3310 702 3378 Qui
735 3310 878 3363 enim
904 3309 1035 3363 dicit
1072 3324 1130 3363 se
1158 3324 1314 3363 nosse
1337 3310 1527 3373 Deum,
1560 3317 1616 3364 et
1651 3324 1803 3363 mau-

216 3404 347 3459 data
377 3400 495 3471 ejus
535 3415 640 3455 non
677 3400 932 3467 custodit,
967 3401 1197 3453 mendax
1235 3408 1319 3454 est
1352 3397 1402 3469 (Ι
1438 3397 1601 3453 Joan.
1654 3398 1738 3469 tt).
1782 3418 1801 3451 ι

223 3516 244 3551 ι
280 3497 348 3552 Ει
373 3496 498 3561 vidi,
537 3495 729 3564 inquit,
768 3494 820 3548 in
853 3493 1013 3547 domo
1033 3492 1366 3548 altitudinem
1388 3508 1484 3562 per
1502 3491 1806 3557 circuitum,

216 3587 443 3643 fundata
470 3585 640 3640 latera
680 3586 746 3638 ad
798 3598 1107 3638 mensuram
1138 3583 1329 3638 calami
1364 3598 1457 3638 sex
1504 3584 1806 3638 cubitorum

217 3677 422 3745 spatio,
443 3681 499 3727 et
524 3672 860 3726 latitudinem
891 3686 988 3740 per
1013 3672 1274 3741 parietem
1301 3671 1484 3725 lateris
1510 3669 1809 3725 forinsecus

222 3766 470 3836 quinque
527 3764 849 3818 cubitorum.
912 3762 980 3815 Et
1035 3762 1176 3815 inter
1240 3762 1622 3834 gazophylacia
1669 3762 1808 3833 (qua:

218 3858 581 3930 Symmachus
628 3855 845 3909 exedra:
883 3854 1079 3925 vocat)
1124 3854 1456 3909 latitudinem
1491 3854 1678 3926 viginti
1718 3870 1811 3909 cu-

218 3949 461 4005 biturum
505 3962 602 4017 per
642 3947 928 4001 circuitum
981 3946 1193 4001 domus.
1228 3964 1247 3998 ι
1290 3945 1557 4019 (Ηὶενοη.)
1605 3946 1812 4014 Quibus

220 4038 468 4094 numeris
496 4036 822 4100 ostenditur,
850 4035 993 4106 quod
1016 4035 1085 4092 de
1108 4037 1307 4090 mundo
1336 4037 1437 4090 hoc
1472 4048 1527 4090 et
1552 4036 1618 4091 de
1644 4045 1811 4091 terre-

219 4132 309 4187 nis
331 4129 601 4193 sensibus,
621 4138 677 4185 et
702 4129 768 4184 de
789 4128 935 4182 duali
958 4128 1187 4182 duarum
1218 4127 1541 4182 decadarum
1566 4141 1807 4187 numero,

221 4223 317 4295 qui
348 4222 581 4277 refertur
620 4221 689 4274 ad
717 4220 907 4291 viginti
942 4234 1047 4273 non
1074 4217 1243 4273 solunt
1278 4218 1329 4271 in
1364 4216 1562 4271 Sancta
1592 4228 1809 4271 sancto-

224 4332 373 4380 rum,
404 4315 498 4369 sed
546 4322 600 4369 et
648 4313 703 4367 in
742 4310 1019 4367 cwnacula
1068 4325 1252 4365 eorum
1290 4324 1594 4363 mereamur
1620 4324 1811 4363 ascen-

222 4407 443 4468 dere,et
464 4416 677 4471 semper
703 4400 901 4454 habere
925 4401 976 4453 in
1000 4396 1434 4466 memoria,quod
1460 4412 1556 4467 per
1576 4412 1669 4451 sex
1700 4397 1813 4451 dies

222 4493 553 4551 conditionis
600 4500 821 4555 nostrae,
854 4499 908 4545 et
953 4504 1048 4558 per
1101 4490 1337 4559 quinque
1388 4503 1598 4552 sensus,
1634 4496 1690 4541 et
1718 4502 1814 4556 per

222 4586 416 4657 viginti
444 4584 624 4639 cubita
668 4584 965 4638 latitudinis
1013 4587 1419 4637 ascenderimus
1464 4582 1528 4635 ad
1565 4596 1814 4636 cmnacu-
1845 4555 1892 4613 D

225 4678 340 4732 lum
370 4674 647 4745 templi,et
671 4682 940 4727 terrenam
970 4672 1351 4737 humilitatem,
1377 4684 1701 4740 sensumque
1723 4670 1813 4724 lit-

228 4778 360 4822 terte
389 4765 777 4834 relinquentes,
802 4763 1180 4817 transierimus
1219 4763 1286 4816 ad
1319 4761 1684 4817 summitatem
1712 4761 1814 4814 Ee-

224 4856 427 4919 tzlesias,
459 4854 800 4926 Spiritusque
826 4855 998 4909 sancti
1027 4854 1299 4908 consortio
1323 4853 1670 4924 gaudeamus.
1703 4872 1719 4903 ι
1752 4852 1815 4904 Et

226 4950 451 5012 ostium,
492 4947 699 5016 inquit,
754 4946 939 5001 lateris
991 4946 1058 4999 ad
1108 4946 1408 4999 orationem
1452 4955 1641 4997 contra
1672 4943 1813 4995 viam

231 5038 523 5110 aquilonis,
556 5056 575 5089 ι
604 5053 633 5090 a
671 5052 777 5105 quo
805 5036 1169 5091 exardescuut
1220 5034 1357 5088 mala
1404 5050 1565 5104 super
1600 5049 1813 5087 omnem

234 5144 449 5190 terram,
476 5137 531 5182 et
552 5142 710 5197 quem
736 5128 992 5180 Dominus
1022 5132 1339 5181 abacturum
1377 5140 1433 5178 se
1467 5141 1496 5177 a
1532 5125 1683 5178 nobis
1706 5124 1817 5192 pul-

228 5222 422 5276 licetur
442 5219 665 5274 dicens:
696 5238 714 5269 ι
748 5219 811 5271 Et
842 5233 962 5272 eum
986 5218 1075 5286 qui
1105 5219 1172 5271 ab
1216 5217 1465 5286 aquilone
1496 5226 1578 5271 est
1606 5232 1634 5269 a
1666 5216 1817 5269 vobis

227 5310 464 5380 abigam.
502 5326 522 5360 ι
549 5306 885 5376 Pulchreque
917 5306 969 5360 in
1001 5306 1141 5360 ostio
1177 5315 1365 5360 contra
1413 5306 1716 5374 aquilonem
1741 5303 1817 5358 lu-

227 5416 329 5458 rtts
352 5398 616 5456 orationis
660 5407 764 5463 est,
799 5405 858 5452 ut
900 5396 1194 5451 secundum
1244 5396 1555 5465 Apostolum
1598 5409 1814 5448 oremus

227 5498 349 5552 sine
393 5489 698 5547 cessatione
745 5488 794 5561 (Ι
826 5488 1003 5542 Thess.
1037 5486 1111 5557 v),
1144 5496 1197 5542 et
1233 5488 1475 5541 dicamus
1500 5500 1619 5538 cum
1667 5482 1816 5537 lere.-

203 5564 380 5640 .mia:
417 5600 437 5635 ι
468 5580 587 5636 Non
617 5581 775 5635 sileat
820 5578 1020 5649 pupilla
1070 5580 1209 5632 oculi
1250 5578 1353 5631 mei
1386 5575 1602 5645 (Tltren.
1652 5576 1747 5644 tt);
1793 5595 1809 5626 ι

230 5676 315 5730 vel
336 5672 621 5745 praemia
649 5672 787 5726 mala
815 5674 985 5725 vitare
1012 5668 1307 5738 cupientes,
1340 5667 1421 5720 vel
1447 5674 1667 5734 agentes
1694 5680 1819 5734 gra-

230 5764 337 5823 tias
372 5778 469 5828 pro
515 5764 817 5824 omlcritis.
867 5760 1109 5821 Ouamliu
1168 5759 1311 5811 enim
1364 5758 1415 5809 in
1472 5756 1820 5809 tabernaculo

1913 1954 2107 2022 quibus
2126 1951 2389 2007 Jeremias
2416 1953 2625 2017 scribit,
2649 1961 2703 2007 et
2724 1953 2929 2017 Daniel,
2960 1962 3012 2008 et
3039 1954 3330 2011 Zacharias
3358 1956 3490 2026 (Jer.

1914 2059 2047 2109 xxv;
2079 2042 2217 2096 Dan.
2238 2058 2323 2107 tx;
2354 2040 2515 2095 Zach.
2541 2041 2658 2111 vn),
2692 2057 2878 2096 verum
2902 2052 2957 2097 et
2978 2043 3271 2113 legitimum
3289 2055 3492 2115 septem

1910 2133 2235 2187 decadarum
2291 2130 2571 2186 sabbatum
2622 2145 3060 2201 consequamur,
3118 2143 3178 2187 ιιι
3228 2136 3297 2188 sit
3335 2137 3490 2191 nobis

1909 2232 2110 2277 reterns
2129 2222 2345 2291 requies
2370 2240 2381 2274 :
2411 2231 2460 2275 et
2478 2237 2573 2293 per
2586 2222 2825 2291 quinque
2840 2222 3141 2276 cubitorum
3158 2223 3491 2279 latitudinem

1914 2314 2191 2369 veniamus
2213 2313 2279 2367 ad
2319 2312 2708 2382 longitudinem
2742 2313 3031 2383 nonaginta
3067 2315 3397 2377 cubitorum,
3441 2318 3493 2371 iu

1912 2418 2017 2473 qua
2044 2412 2204 2457 tetate
2219 2403 2283 2458 de
2300 2403 2716 2473 repromissione
2734 2402 2897 2457 lilium
2915 2402 3047 2458 Sara
3063 2406 3360 2475 generavit,
3377 2423 3495 2475 qua:

1913 2496 2199 2567 nonaginta
2221 2495 2577 2560 annorum,id
2596 2504 2678 2550 est
2694 2510 2885 2551 novem
2915 2496 3261 2561 decadarum,
3289 2499 3497 2568 peperit

1919 2588 2092 2653 Isaac,
2113 2587 2296 2655 juncta
2319 2587 2590 2644 Abraham
2609 2588 2941 2651 centenario,
2977 2589 3028 2643 id
3058 2598 3159 2646 est.
3188 2590 3372 2644 decem
3398 2590 3492 2644 dc-

1910 2680 2167 2734 cadarum
2195 2678 2409 2733 habenti
2441 2678 2753 2749 mysterium
2771 2675 2931 2749 (Gen.
2956 2678 3088 2748 xxi).
3108 2678 3208 2747 Qui
3240 2694 3494 2734 numerus

1909 2768 2037 2839 qttid
2066 2764 2370 2839 significet,
2428 2782 2660 2837 sequens
2705 2766 2982 2837 Scriptura
3030 2768 3371 2822 monstrabit.

1986 2878 2005 2911 ι
2037 2858 2103 2913 Ει
2130 2873 2349 2915 mensus
2381 2868 2463 2913 est
2497 2858 2690 2913 domus
2722 2858 3106 2929 longitudinem
3145 2868 3360 2913 centum
3396 2874 3493 2915 cn-

1914 2975 1929 3003 .
1963 2952 2217 3015 biturum,
2246 2960 2301 3005 ct
2328 2950 2470 3019 quod
2497 2958 2806 3019 separatum
2838 2961 2961 3004 erat
2995 2949 3282 3006 mditlcinm
3308 2959 3364 3005 et
3396 2966 3493 3021 pa-

1915 3061 1933 3093 ι
1962 3046 2129 3097 rietes
2149 3042 2265 3111 ejus
2287 3040 2636 3111 longitudinis
2659 3050 2876 3096 centum
2902 3040 3226 3097 cubitorum.
3243 3042 3493 3097 Latituda

1915 3150 1932 3182 ι
1962 3140 2143 3186 autem
2163 3140 2287 3185 ante
2337 3130 2526 3185 faciem
2554 3131 2745 3186 domus
2777 3141 2831 3186 et
2859 3130 2975 3195 ejus
3004 3132 3148 3201 quod
3172 3142 3293 3187 erat
3341 3148 3491 3202 sepa-

1918 3240 1935 3273 ι
1969 3230 2144 3275 ratum
2172 3230 2358 3276 contra
2387 3222 2647 3275 orientem
2673 3230 2887 3276 centum
2909 3222 3235 3277 cubitorum.
3260 3222 3327 3276 Et
3348 3237 3495 3277 men-

1918 3332 1937 3363 ι
1971 3328 2063 3366 sus
2099 3320 2181 3367 est
2215 3312 2604 3382 longitudinem
2633 3311 2844 3366 :edilicii
2898 3323 3085 3367 contra
3133 3311 3328 3367 faciem
3356 3312 3494 3383 ejus,

1918 3421 1937 3452 ι
1971 3403 2114 3473 quod
2164 3410 2281 3455 erat
2337 3410 2645 3469 separatum
2692 3403 2758 3456 ad
2786 3403 3027 3468 dorsum,
3064 3404 3353 3459 bectbeeas
3411 3406 3495 3476 (id

1920 3501 2061 3563 «est
2092 3492 2408 3559 eminentia)
2440 3506 2503 3545 ex
2554 3501 2781 3561 utraque
2835 3502 2985 3563 parte
3029 3505 3249 3550 centum
3281 3496 3494 3551 cubito—

1920 3604 1935 3636 ι
1969 3600 2109 3647 rum,
2142 3591 2192 3637 et
2220 3582 2473 3651 templum
2500 3582 2723 3637 interius
2745 3592 2800 3637 et
2823 3584 3084 3638 vestibula
3115 3587 3261 3650 atrii,
3287 3585 3493 3648 limina.

1921 3694 1938 3725 ι
1967 3686 2023 3730 et
2046 3674 2316 3729 fenestras
2342 3674 2606 3743 obliquas,
2628 3676 2912 3731 hecthecas
2937 3679 2987 3730 in
3010 3678 3238 3733 circuitu
3269 3695 3366 3749 per
3386 3688 3496 3735 tres

1919 3785 1937 3816 ι
1971 3773 2151 3834 partes
2204 3773 2397 3819 contra
2463 3765 2887 3835 uniuscujusque
2934 3766 3115 3832 limen,
3158 3778 3496 3839 stratumque

1921 3873 1940 3907 ι
1978 3855 2119 3925 ligno
2170 3868 2266 3923 per
2296 3870 2484 3925 gyrum
2532 3854 2585 3908 in
2619 3855 2867 3909 circuitu.
2916 3851 3079 3911 Terra
3107 3867 3287 3912 autem
3324 3876 3496 3930 usque

1924 3964 1940 3995 ι
1978 3946 2045 4001 ad
2095 3944 2382 4009 fenestras,
2430 3953 2485 3998 et
2526 3943 2773 3999 fenestrae
2816 3944 3011 4001 clausa:
3049 3963 3211 4017 super
3244 3950 3405 4013 ostia,
3441 3958 3496 4004 et

1924 4054 1941 4086 ι
1978 4050 2147 4103 usque
2173 4034 2240 4088 ad
2265 4034 2482 4087 domum
2515 4035 2827 4090 interiorem
2858 4046 2913 4091 et
2936 4036 3233 4094 forinsecus
3260 4055 3358 4111 per
3381 4056 3497 4096 om-

1922 4146 1940 4177 ι
1976 4141 2097 4181 nem
2129 4127 2388 4195 parietem
2413 4126 2467 4180 in
2495 4125 2721 4181 circuitu
2748 4128 3085 4190 intrinsecus,
3119 4140 3175 4185 et
3198 4130 3498 4189 forinsecus

1924 4237 1941 4269 ι
1980 4219 2045 4271 ad
2074 4233 2405 4281 mensuram,
2433 4226 2489 4273 et
2516 4215 2805 4273 fabrefacta
2830 4222 3089 4275 cherubin
3116 4231 3169 4276 ct
3192 4222 3401 4291 palmis.
3430 4223 3497 4279 Et

1924 4328 1942 4359 ι
1981 4309 2325 4379 palmainter
2352 4310 2555 4365 cberub
2579 4319 2633 4364 et
2665 4310 2887 4366 cherub.
2927 4312 3175 4381 Duasque
3210 4312 3372 4369 facies
3403 4315 3497 4369 ha-

1927 4420 1943 4450 c
1980 4400 2140 4457 bebat
2162 4398 2383 4454 cherub.
2404 4399 2616 4455 Faciem
2642 4400 3039 4468 hominisjuxta
3059 4403 3287 4471 palmam
3309 4419 3371 4477 ex
3394 4404 3497 4459 bac.

1926 4509 1944 4541 ι
1981 4500 2156 4560 parte,
2181 4499 2235 4545 et
2261 4489 2457 4545 faciem
2494 4488 2666 4544 leonis
2684 4489 2838 4559 juxta
2867 4492 3095 4561 palmam
3120 4492 3323 4547 exalia
3348 4502 3497 4560 parte

1925 4600 1942 4632 ι
1978 4596 2284 4651 expressam
2308 4596 2405 4650 per
2426 4595 2642 4635 omnem
2664 4581 2879 4635 domum
2906 4582 2958 4637 in
2982 4582 3228 4636 circuitu.
3253 4583 3329 4637 De
3353 4592 3495 4638 terra

1924 4690 1942 4723 ι
1979 4688 2147 4740 usque
2168 4674 2234 4726 ad
2256 4672 2531 4740 superiora
2547 4680 2732 4740 portre,
2747 4672 3007 4727 cherubin
3023 4682 3077 4727 et
3096 4672 3286 4742 palma:
3298 4673 3493 4728 ctelatte

1923 4779 1941 4811 ι
1979 4769 2133 4815 erant
2154 4762 2206 4814 in
2229 4760 2433 4829 pariete
2457 4760 2657 4829 templi.
2684 4760 2871 4815 Limen
2896 4762 3320 4833 quadrangulum
3344 4772 3494 4826 erat;

1923 4870 1940 4901 ι
1978 4858 2033 4904 et
2060 4849 2223 4903 facies
2245 4849 2537 4903 sanctuarii
2560 4858 2808 4917 aspectus
2831 4858 3017 4903 contra
3065 4861 3339 4920 aspectum
3365 4850 3499 4905 alta-

1926 4962 1941 4991 ι
1984 4942 2056 4994 ris
2081 4940 2270 5011 lignei,
2296 4940 2457 4993 trium
2482 4940 2785 4993 cubitorum
2820 4939 3044 4993 altitudo
3069 4939 3184 5007 ejus
3203 4981 3217 5003 ,
3249 4949 3304 4995 ct
3332 4939 3503 5009 leugi-

1925 5050 1942 5081 ι
1984 5032 2109 5084 tudo
2132 5029 2247 5097 ejus
2269 5030 2495 5084 duorum
2519 5030 2856 5092 cubitorum,
2886 5039 2938 5084 et
2959 5032 3136 5101 anguli
3162 5030 3276 5098 ejus
3297 5040 3352 5085 et
3379 5030 3498 5086 lon-

1925 5140 1942 5171 ι
1980 5120 2163 5191 gitudo
2188 5117 2322 5187 ejus,
2350 5128 2404 5173 et
2426 5118 2659 5189 parietes
2682 5117 2797 5186 ejus
2819 5120 2998 5189 lignei.
3034 5139 3051 5169 ›
3082 5118 3349 5189 (Πὶει-οιι.)
3377 5122 3503 5176 Des-

1918 5209 2197 5264 cribuntur
2220 5219 2399 5263 autem
2435 5208 2631 5261 Sancta
2660 5219 2969 5263 sanctorum
2997 5221 3050 5265 et
3080 5211 3333 5280 templum
3364 5212 3503 5266 inte-

1921 5304 2032 5358 rius
2053 5304 2195 5373 quod
2218 5312 2340 5373 post
2376 5304 2664 5373 nonaginta
2702 5304 2912 5357 cubitos
2949 5319 3015 5357 ex
3048 5304 3220 5358 tribus
3256 5303 3504 5373 partibus

1921 5403 2179 5449 centenos
2205 5392 2413 5447 cubitos
2437 5392 2637 5447 habere
2659 5392 2887 5446 dicatur.
2923 5391 3225 5447 Perfectum
3249 5390 3502 5447 videlicet

1921 5495 2207 5535 numerum
2254 5479 2578 5534 decadarum
2633 5479 2853 5542 decem,
2897 5489 2954 5533 ιιι
2993 5488 3046 5534 et
3087 5490 3263 5535 mente
3301 5490 3358 5536 ct
3388 5496 3498 5536 ser-

1925 5586 2109 5636 mone,
2147 5578 2204 5626 et
2240 5570 2493 5640 operibus
2520 5572 2747 5625 Domino
2784 5571 3113 5631 serviamus,
3160 5572 3501 5627 recordantes

1924 5662 2066 5718 illius
2104 5661 2383 5732 apostolici
2414 5662 2645 5732 exempli
2678 5662 2730 5715 in
2758 5678 2863 5731 quo
2892 5663 2988 5727 ait,
3022 5680 3041 5713 ι
3081 5673 3137 5716 ιιι
3165 5666 3303 5719 scire
3328 5663 3474 5733 possi

1927 5770 2068 5822 mus,
2093 5768 2212 5825 qua:
2250 5754 2321 5808 sit
2354 5753 2604 5817 latitudo,
2646 5762 2702 5807 et
2729 5754 3023 5821 longitudo,
3062 5765 3115 5809 et
3153 5753 3499 5825 profundunt,
