3950 6324
507 358 608 414 975

1128 360 1189 414 Β.
1234 359 1485 415 ΒᾹΒᾹΝΙ
1526 360 1742 417 MAURI
1777 362 2081 420 ARClllEP.

2184 365 2453 431 'OCUNT.
2482 368 2765 427 OPEBUM
2810 369 2987 426 PARS
3023 370 3086 426 ll.

3652 372 3757 434 976

503 476 559 521 et
584 466 827 523 altitudo.
867 466 1019 534 Quod
1051 476 1229 524 autem
1273 468 1595 525 llebraicum
1624 471 1755 526 dicit
1786 471 2068 527 aedificium
2101 480 2151 536 Λ
2180 476 2442 534 triuserus
2461 488 2618 534 erant
2644 495 2907 535 mensum
2934 496 3069 535 sum.
3094 480 3226 535 nihil
3269 483 3411 538 enim
3434 483 3638 555 absque
3668 502 3761 543 ra-

504 565 809 626 separatum
839 565 894 612 et
918 557 1155 627 parietes
1184 557 1322 627 ejus,
1355 556 1705 629 Septuaginta
1752 558 1954 631 reliqua
1992 561 2076 615 in-

503 654 865 715 terpretantur
890 654 944 699 et
970 644 1300 716 separantis,
1332 661 1451 716 qua:
1489 664 1595 702 non
1616 650 1860 704 haereant
1900 650 2077 720 parie-

504 735 648 790 tibus
679 734 879 803 templi,
911 735 1005 789 sed
1030 735 1361 805 propinquos
1390 746 1446 791 et
1480 752 1607 793 suos
1638 736 1874 792 habeant
1895 739 2076 808 parie-

504 832 621 891 tes;
660 826 833 896 ipsum
856 840 1068 895 quoque
1102 824 1358 896 templum
1386 837 1441 882 et
1462 826 1640 896 anguli
1672 825 1789 896 ejus
1813 836 1868 882 et
1894 826 2070 896 telam,

501 913 555 970 id
596 922 704 979 est,
746 915 1038 988 πρόπυλον,
1091 915 1208 972 sive
1250 916 1588 980 vestibulum,
1632 918 1871 976 exterius
1919 929 2076 975 erant

501 1011 671 1059 strata
717 1002 884 1075 ligno,
926 1004 1191 1074 sapientia
1237 1004 1489 1061 videlicet
1530 1006 1675 1077 quod
1719 1007 1922 1079 lignum
1950 1010 2076 1064 vitae

500 1095 663 1150 situm
688 1095 740 1149 in
773 1095 1023 1166 paradiso
1062 1094 1337 1168 Scriptura
1374 1110 1797 1166 commemorat;
1827 1099 2077 1156 fenestra:

502 1200 716 1256 quoque
756 1184 911 1254 juxta
963 1184 1314 1256 Septuaginta
1361 1195 1521 1242 erant
1552 1185 1706 1243 facta:
1756 1189 1810 1243 in
1857 1189 2074 1245 modum

502 1276 634 1330 retis
678 1276 851 1331 instar
878 1276 1238 1332 cancellorum
1267 1317 1284 1343 ,
1323 1286 1383 1333 ut
1428 1293 1535 1333 non
1579 1278 1849 1349 speculari
1901 1279 2077 1349 lapide

501 1382 601 1422 nec
625 1367 800 1434 vitro,
841 1368 936 1423 sed
974 1367 1131 1440 lignis
1171 1368 1565 1425 interrasilihus
1602 1381 1660 1425 et
1709 1370 2077 1427 vermiculatis

500 1461 916 1529 clauderentur;
948 1478 1047 1533 pro
1084 1464 1281 1535 quibus
1325 1464 1379 1519 in
1412 1461 1677 1521 Hebraico
1711 1464 1961 1536 obliquas
1998 1466 2075 1522 fe-

501 1561 713 1609 nestras
746 1554 927 1620 habet,
956 1570 1076 1626 quae
1122 1555 1177 1611 in
1208 1555 1377 1611 tribus
1407 1564 1612 1612 tantum
1642 1569 1798 1612 erant
1829 1558 2073 1630 partibus

501 1643 705 1714 templi,
746 1644 814 1699 ad
856 1644 1136 1699 dexteram
1177 1644 1425 1701 videlicet
1457 1653 1512 1702 et
1540 1647 1836 1715 sinistram,
1867 1658 1923 1705 et
1954 1659 2078 1720 post

500 1742 730 1805 tergum,
764 1734 817 1789 id
844 1742 948 1797 est,
979 1735 1044 1789 ad
1072 1735 1351 1791 meridiem
1378 1744 1435 1791 et
1470 1737 1539 1793 ad
1565 1737 1894 1807 aquilonem,
1922 1747 1979 1794 et
2007 1740 2073 1795 ad

2179 569 2324 624 tione
2350 579 2404 625 et
2424 587 2677 627 mensura
2698 573 2751 627 in
2781 573 2980 643 templo
3004 573 3119 639 Dei,
3137 582 3195 628 et
3218 575 3453 632 maxime
3480 578 3532 631 in
3558 578 3765 635 Sancto

2175 672 2485 715 sanctorum
2524 676 2551 714 a
2592 663 2702 718 Deo
2732 661 2933 718 factum
2958 673 3063 719 est.
3106 664 3302 720 Crclata
3348 682 3567 737 quoque
3603 676 3767 725 erant

2177 749 2434 805 cherubin
2460 766 2476 805 :
2503 751 2645 806 haud
2675 751 2895 806 dubium
2921 753 3050 823 quin
3086 753 3139 808 in
3167 753 3325 826 lignis
3353 756 3420 811 de
3453 756 3766 825 pavimento

2177 855 2348 910 usque
2373 840 2441 895 ad
2472 839 2734 896 fenestras
2761 843 3208 914 pertingentibus,
3236 855 3292 900 et
3318 856 3425 901 tam
3453 846 3765 905 fabrefacta

2179 928 2635 994 erantcaclatutm,
2656 940 2718 985 ut
2735 947 2842 986 non
2866 933 3104 1002 sculptaz,
3125 934 3218 988 sed
3241 938 3496 1004 appositae
3514 938 3766 994 videreno

2178 1027 2286 1074 tur.
2305 1020 2575 1076 Cherubin
2595 1023 3022 1094 interpretantur
3034 1026 3263 1081 scientia:
3276 1028 3578 1085 multitudo.
3593 1031 3765 1102 Igitur

2178 1108 2501 1165 intrinsecus
2526 1110 2581 1164 in
2610 1110 2956 1168 interioribus
2982 1115 3183 1184 templi,
3210 1126 3330 1186 post
3352 1118 3594 1174 scientias
3624 1121 3767 1175 mut-

2180 1200 2460 1256 titutlincm
2484 1201 2741 1256 czclantur
2760 1203 2807 1258 ei
2832 1202 3041 1273 palmze,
3071 1205 3124 1259 in
3148 1207 3344 1276 quibus
3361 1209 3572 1280 signum
3593 1211 3761 1265 victo.

2179 1289 2272 1343 rite
2311 1297 2429 1355 est,
2460 1291 2673 1346 dicente
2702 1291 2957 1362 Apostolo
3006 1312 3021 1348 :
3058 1313 3078 1345 ι
3129 1295 3431 1367 Persequor
3468 1307 3650 1354 autem
3696 1306 3765 1355 at

2178 1385 2439 1432 statutum
2463 1378 2708 1434 hravium
2732 1396 2982 1452 supernae
3016 1385 3316 1441 vocationis
3344 1388 3437 1443 Dei
3465 1387 3520 1442 in
3543 1387 3764 1443 Christo

2176 1463 2303 1521 Iesu
2330 1464 2550 1538 (Philip.
2584 1467 2688 1541 ιιι).
2724 1489 2745 1523 ι
2797 1470 2927 1538 Qua:
2955 1472 3148 1542 palma:
3183 1484 3339 1529 erant
3380 1476 3523 1532 inter
3558 1478 3770 1535 cheruh

2175 1564 2231 1611 et
2255 1557 2481 1622 cherub,
2508 1566 2567 1612 ut
2593 1554 2757 1613 unum
2803 1561 3005 1615 cherub
3030 1561 3257 1617 duarum
3291 1564 3595 1635 palmarum
3628 1564 3766 1622 late-

2178 1648 2325 1703 ribus
2348 1649 2658 1705 vallaretur.
2684 1649 2897 1722 (Beda.)
2921 1651 3056 1706 llinc
3081 1668 3294 1724 quoque
3317 1655 3372 1709 in
3394 1654 3535 1710 libro
3557 1656 3765 1727 Regum

2178 1740 2435 1808 scriptum
2468 1749 2552 1793 est
2585 1756 2600 1793 :
2648 1739 2715 1793 Et
2743 1740 2871 1795 fecit
2914 1742 2968 1795 in
2998 1743 3078 1797 eis
3103 1743 3362 1799 cherubin
3389 1752 3446 1799 et
3470 1744 3681 1814 palmas
3709 1756 3765 1802 et

499 1824 852 1881 occidentem.
901 1823 1191 1881 Orientalis
1221 1836 1402 1881 autem
1428 1840 1558 1896 pars
1594 1842 1701 1881 non
1730 1828 1963 1883 habebat
1998 1828 2080 1884 fe—
2110 1839 2153 1899 Β
2181 1829 2422 1901 picturas
2467 1830 2667 1895 varias,
2714 1831 2870 1900 quasi
2916 1834 3290 1903 prominentes
3334 1836 3401 1891 de
3447 1839 3656 1905 pariete
3708 1846 3764 1893 et

501 1922 737 1979 uestras,
776 1914 903 1984 quia
947 1914 1063 1985 ipse
1091 1914 1344 1970 introitus
1377 1914 1581 1970 clarum
1625 1916 1952 1972 immittebat
1993 1918 2077 1972 lu-

502 2017 625 2059 men
671 2004 1020 2069 intrinsecus,
1058 2014 1113 2059 et
1141 2013 1335 2059 cuncta
1378 2005 1633 2060 interiora
1673 2006 1851 2077 templi
1885 2005 2072 2075 janua-

504 2108 625 2148 rum
672 2092 875 2148 lumine
905 2092 1326 2165 complebantur,
1357 2094 1428 2149 ita
1464 2105 1523 2150 ut
1547 2109 1644 2166 per
1670 2096 1907 2166 singulas
1934 2096 2083 2153 fene-

501 2193 645 2239 stras
688 2194 743 2239 et
796 2184 1155 2239 cancellorum
1212 2183 1478 2241 foramina
1533 2186 1678 2242 intro
1727 2189 1848 2258 quis
1898 2197 2083 2258 posset

502 2276 771 2347 aspicere.
821 2274 1032 2348 (Beda.)
1082 2276 1236 2332 Betis
1281 2286 1463 2333 autem
1512 2283 1775 2334 connexio
1822 2279 2081 2334 unitatem

500 2367 746 2438 designat
769 2361 909 2433 fidei,
939 2382 1057 2436 qua:
1081 2376 1166 2422 est
1192 2368 1246 2421 in
1277 2367 1488 2423 vinculo
1518 2369 1688 2439 pacis.
1720 2370 1871 2434 Quod
1901 2377 2080 2424 autem

500 2461 631 2516 dicit
658 2458 921 2516 fenestras
948 2474 1067 2514 esse
1092 2460 1365 2530 obliquas,
1414 2460 1652 2515 ostendit
1696 2461 2081 2515 abundantiam

502 2551 637 2607 lucis
668 2552 913 2606 interme.
962 2548 1234 2605 Fenestrae
1268 2549 1452 2620 templi
1478 2548 1730 2605 doctores
1757 2558 1880 2604 sunt
1909 2551 2083 2605 sancti

501 2650 557 2695 et
597 2640 869 2710 spiritales
910 2640 1109 2710 quique
1147 2641 1199 2694 in
1231 2639 1489 2705 Ecclesia,
1531 2640 1728 2709 quibus
1769 2650 1948 2696 mente
1987 2656 2083 2695 ex-

501 2731 816 2786 cedentibus
843 2729 975 2795 Deo,
1005 2745 1204 2785 arcana
1245 2740 1576 2784 secretorum
1615 2728 1915 2785 cmlcstium
1957 2746 2083 2800 spe—

502 2822 690 2876 cialius
716 2823 927 2876 czcteris
950 2820 1129 2875 videre
1153 2819 1484 2875 conceditur.
1513 2819 1738 2887 Quidam
1767 2834 1854 2885 ea,
1881 2835 2000 2887 quae
2028 2820 2083 2873 in

502 2912 715 2968 occulto
756 2911 955 2973 vident,
990 2910 1201 2980 publice
1224 2910 1466 2965 fidelibus
1489 2910 1748 2980 pandunt,
1778 2910 1933 2979 quasi
1958 2925 2083 2965 sus-

502 3013 660 3075 cepto
697 3004 899 3060 lumine
943 3003 1070 3058 solis
1094 3001 1343 3058 fenestra:
1364 3010 1553 3057 cuncta
1579 3001 1759 3072 templi
1786 3001 2080 3071 penetralia

505 3094 730 3164 replent.
762 3092 908 3149 Unde
934 3094 1073 3148 bene
1100 3093 1300 3147 caulem
1332 3090 1581 3146 fenestrze
1608 3092 1863 3162 obliquzc,
1892 3093 1945 3146 id
1973 3100 2079 3158 est,

2184 1920 2539 1987 egredientes.
2591 1920 2809 1976 Cherub
2847 1937 3083 1993 namque
3138 1924 3190 1979 in
3240 1926 3533 1995 parietibus
3579 1928 3764 1998 templi

2185 2007 2605 2077 facitSalomon,
2631 2025 2757 2066 cum
2771 2011 2972 2068 electos
3001 2029 3127 2069 suos
3154 2014 3415 2072 Dominus
3429 2018 3493 2071 ad
3521 2018 3762 2089 regulare

2184 2098 2585 2170 Scripturarum
2635 2112 2968 2166 sanctarum,
3018 2104 3072 2159 in
3116 2105 3310 2174 quibus
3355 2117 3440 2162 est
3479 2107 3763 2164 multitudo

2183 2194 2446 2260 scientiaz,
2471 2194 2638 2249 vitam
2668 2211 2820 2251 suam
2844 2196 3079 2267 dirigere
3107 2197 3290 2253 donat.
3312 2198 3587 2255 Cherubin
3612 2199 3762 2264 facit,

2184 2300 2305 2339 cum
2334 2300 2427 2340 eos
2467 2286 2519 2341 in
2548 2287 2651 2341 hoc
2674 2289 2875 2343 mundo
2903 2290 3207 2345 castitatem
3244 2290 3501 2361 angelica:
3537 2308 3764 2348 conver-

2183 2376 2409 2431 sationis
2433 2378 2531 2446 pro
2559 2376 2775 2432 modulo
2798 2393 2897 2432 suo
2925 2380 3083 2434 docet
3109 2380 3331 2445 imitari,
3356 2382 3497 2451 quod
3527 2382 3765 2438 maxime

2183 2465 2377 2537 vigiliis
2418 2481 2483 2521 ac
2532 2466 2777 2522 laudibus
2802 2468 3017 2533 divinis,
3054 2468 3341 2524 dilectione
3377 2470 3589 2525 sincera
3623 2470 3765 2525 Con-

2183 2559 2374 2614 ditoris
2408 2566 2463 2613 et
2510 2560 2762 2629 proximi,
2797 2560 3022 2626 geritur.
3069 2559 3281 2615 Palmas
3312 2559 3459 2626 facit,
3491 2576 3615 2616 cum
3648 2578 3765 2617 me-

2185 2649 2409 2705 moriam
2452 2659 2669 2705 :eternzc
2695 2651 3078 2706 retributionis
3105 2666 3293 2706 eorum
3329 2652 3601 2707 mentibus
3640 2652 3765 2707 infl-

2183 2744 2280 2813 git,
2307 2753 2368 2797 ut
2407 2757 2472 2798 eo
2502 2744 2681 2798 minus
2719 2744 2788 2799 ab
2818 2758 2945 2799 arce
2975 2743 3203 2814 justitim
3248 2742 3355 2798 labi
3384 2751 3607 2814 queant,
3653 2760 3765 2816 quo

2185 2833 2488 2889 mercedem
2510 2832 2734 2904 justitim
2754 2848 2967 2903 semper
2988 2844 3114 2889 ante
3136 2835 3316 2891 cordis
3335 2835 3519 2890 oculos
3541 2836 3759 2891 habent.

2184 2922 2338 2978 Facit
2384 2924 2626 2993 picturas
2654 2924 2834 2979 varias
2875 2924 3029 2993 quasi
3060 2924 3427 2992 prominentes
3461 2924 3526 2979 de
3557 2926 3765 2995 pariete

2185 3022 2241 3066 et
2269 3012 2648 3083 egredientes:
2683 3027 2805 3067 cum
2854 3011 3173 3066 multifarias
3202 3013 3461 3066 virtutum
3493 3012 3755 3082 operatio-

2190 3116 2285 3157 nes
2324 3101 2570 3156 fidelibus
2616 3102 2822 3158 tribuit.
2867 3103 3020 3157 Verbi
3064 3103 3255 3171 gratia,
3302 3104 3513 3157 viscera
3546 3104 3763 3158 miseri-

506 3185 649 3239 intus
690 3182 912 3239 latiores
941 3180 1109 3237 fuisse
1134 3182 1503 3252 perhibentur,
1547 3181 1673 3251 quia
1702 3181 1955 3234 nimirum
1992 3195 2083 3234 ne-
2110 3188 2155 3250 (ξ
2187 3191 2403 3254 cordi-.13,
2434 3192 2842 3261 benignitatem,
2870 3190 3244 3255 humilitatem,
3274 3192 3612 3262 patientiam,
3644 3207 3762 3247 mo-

503 3293 653 3334 ccssc
682 3285 788 3338 cst,
815 3285 874 3330 ut
898 3275 1143 3345 quisquis
1161 3273 1325 3345 jubar
1349 3288 1592 3343 superum
1616 3270 2084 3340 contemplationis

502 3370 587 3424 vel
631 3368 699 3423 ad
747 3377 1075 3422 momentum
1116 3364 1450 3436 perceperit,
1501 3380 1620 3419 mox
1674 3364 1849 3418 sinum
1905 3364 2084 3418 cordis

464 3488 467 3492 λ
503 3459 732 3529 amplius
758 3456 1069 3527 castigando
1096 3453 1306 3519 dilatet,
1340 3461 1503 3524 atque
1541 3454 1608 3508 ad
1649 3451 1853 3520 majora
1892 3466 2084 3521 capes-

504 3548 671 3603 senda
745 3545 930 3601 solerti
979 3544 1367 3601 exercitatione
1418 3552 1705 3614 praeparet.
1764 3542 1895 3597 ltem
1941 3543 2083 3613 quod

503 3636 775 3706 Propheta
806 3633 937 3688 dicit
976 3641 1179 3688 terram
1214 3647 1385 3703 usque
1427 3631 1492 3686 ad
1539 3631 1823 3697 fenestras,
1855 3641 1911 3687 et
1937 3630 2084 3685 fenc-

503 3737 648 3785 stras
697 3726 938 3792 clausas,
993 3724 1244 3796 designat
1295 3724 1348 3777 in
1399 3722 1707 3778 doctoribus
1759 3722 2081 3792 paucitatem

504 3821 763 3877 doctrina:
792 3817 1084 3891 spiritalis;
1115 3817 1317 3873 Paulus
1343 3832 1575 3886 namque
1594 3817 1881 3888 Apostolus
1918 3817 2079 3872 dicit:

510 3931 529 3963 ι
561 3910 841 3981 Templum
888 3909 1031 3966 enim
1080 3908 1176 3964 Dei
1226 3916 1471 3962 sanctum
1516 3916 1615 3970 εει,
1649 3908 1791 3977 quod
1822 3908 1955 3961 estis
1992 3922 2085 3961 vus

506 4004 555 4075 (1
573 4002 697 4059 Cor.
748 4000 861 4074 ιιι).
893 4020 913 4055 ι
943 3998 1147 4072 (6ης.)
1170 3999 1228 4056 ln
1252 4001 1354 4054 hoc
1382 4008 1559 4054 autem
1591 3997 1789 4068 templo
1813 3996 2080 4060 fenestrae,

505 4093 817 4151 sacerdotes
838 4100 896 4149 et
918 4091 1283 4163 speculatores
1315 4098 1462 4154 sunt,
1493 4089 1585 4158 qui
1632 4090 1686 4144 in
1709 4088 1905 4160 popqu
1947 4088 2082 4142 tide-

506 4188 639 4243 lium
687 4186 867 4241 lumen
916 4191 1120 4239 sanctae
1161 4181 1563 4253 pnedicationis
1617 4178 1924 4235 infundunt.
1975 4178 2083 4233 Sed

510 4292 633 4332 cum
666 4287 812 4331 terra
849 4289 1019 4345 usque
1046 4273 1115 4328 ad
1144 4271 1413 4328 fenestras
1457 4279 1563 4337 est,
1606 4269 1855 4327 fenestrae
1889 4268 2085 4324 clausa:

508 4377 656 4432 sunt,
685 4366 813 4436 quia
842 4381 962 4421 cum
995 4374 1209 4421 terrena
1238 4363 1493 4434 cogitatio
1521 4363 1575 4417 in
1600 4362 1939 4417 sacerdotum
1964 4375 2086 4416 eor-

508 4458 668 4513 dibus
689 4457 979 4521 cxcrescit,
1024 4454 1272 4510 fenestrze
1306 4454 1487 4509 lumen
1520 4470 1625 4510 non
1662 4453 1928 4519 fundunt,
1957 4454 2084 4526 quia

2186 3281 2437 3345 destiam,
2484 3280 2707 3337 sufferre
2744 3282 2997 3346 invicem,
3042 3291 3096 3336 et
3144 3280 3348 3337 donare
3392 3281 3764 3353 sibimetipsis,

2186 3386 2347 3441 super
2381 3372 2562 3427 omnia
2604 3382 2783 3427 autem
2832 3373 2936 3427 hoc
2981 3373 3303 3428 charitatem
3351 3374 3574 3438 habere,
3621 3376 3766 3444 quod

2184 3471 2267 3515 est
2313 3462 2581 3516 vinculum
2620 3460 2991 3532 perfectionis.
3046 3465 3177 3530 Quae
3218 3462 3467 3518 videlicet
3509 3464 3764 3528 virtutes,

2185 3566 2303 3605 ctnn
2338 3552 2393 3607 in
2433 3561 2636 3608 tantum
2671 3552 2857 3607 electis
2905 3552 3351 3607 consuetudinem
3398 3556 3672 3615 venerint,
3704 3565 3764 3607 ut

2186 3641 2332 3696 velut
2374 3640 2694 3695 naturaliter
2733 3641 2814 3695 eis
2853 3640 3135 3695 videantur
3177 3640 3372 3705 insitas,
3419 3640 3551 3710 quid
3598 3640 3765 3703 aliud,

2184 3746 2347 3801 quam
2382 3731 2606 3801 pictura:
2633 3731 2824 3785 domus
2852 3730 3060 3784 Domim
3089 3730 3483 3799 prominentes,
3512 3730 3671 3800 quasi
3700 3731 3767 3785 de

2184 3822 2390 3892 pariete
2405 3822 2636 3877 exeunt?
2656 3821 2781 3891 quia
2808 3821 2967 3876 verba
2997 3828 3054 3875 et
3078 3835 3242 3891 opera
3273 3821 3515 3876 veritatis
3534 3838 3640 3878 non
3668 3822 3766 3877 ad-

2185 3912 2290 3965 lmc
2311 3913 2379 3965 ab
2401 3912 2522 3967 aliis
2544 3911 2884 3966 extrinsecus
2904 3911 3136 3973 discunt,
3159 3911 3251 3967 sed
3273 3922 3331 3966 ut
3350 3912 3395 3967 si
3418 3913 3530 3967 sint
3549 3911 3771 3969 sibimet

2185 3999 2345 4055 inﬁxa
2374 4000 2631 4055 radicitus
2662 4008 2717 4055 et
2750 4008 2959 4069 parata,
2985 4015 3201 4070 semper
3226 4000 3293 4054 ab
3326 4000 3529 4056 intimis
3560 4003 3765 4071 cordis,

2184 4107 2303 4160 quae
2332 4101 2454 4146 sunt
2486 4091 2713 4173 agenda,
2746 4092 2859 4146 sive
2898 4091 3126 4146 dicenda
3151 4090 3449 4160 proferunt.
3490 4090 3765 4163 (Hierom)

2183 4181 2334 4250 Qrol
2363 4184 2569 4238 cherub
2596 4198 2933 4253 nequaquam
2974 4192 3035 4237 ut
3073 4183 3127 4237 in
3153 4182 3417 4252 principio
3444 4182 3607 4251 hujus
3643 4197 3767 4253 pro-

2184 4276 2359 4342 pth
2388 4274 2619 4345 legimus
2647 4284 2878 4343 quatuor
2906 4274 3137 4330 habebat
3174 4274 3363 4340 facies,
3394 4276 3629 4330 hominis
3662 4274 3765 4330 sci-

2184 4361 2309 4417 licet
2334 4373 2388 4418 et
2422 4363 2612 4428 leonis,
2647 4372 2702 4420 et
2726 4364 2900 4429 vituli,
2927 4376 2980 4420 et
3004 4364 3218 4435 aquilm,
3246 4366 3341 4419 sed
3368 4374 3579 4420 tantum
3608 4367 3763 4431 duas,

2187 4453 2288 4507 hoc
2320 4462 2421 4518 est,
2463 4454 2695 4509 hominis
2727 4463 2782 4509 et
2814 4454 3005 4511 leonis.
3038 4457 3277 4523 Quorum
3303 4456 3539 4526 primum
3576 4457 3646 4511 ad
3682 4472 3769 4512 ra-

508 4548 819 4602 sacerdotes
865 4545 934 4599 ab
981 4542 1154 4599 otlicio
1216 4543 1614 4613 praedicationis
1680 4543 2081 4598 obmutescunt.
2115 4526 2161 4585 D
2189 4544 2391 4599 tionem
2419 4560 2499 4615 per
2515 4546 2667 4611 tinet,
2700 4561 2932 4616 sequens
2958 4547 3026 4600 ad
3057 4546 3314 4601 furorem.
3367 4546 3630 4602 Furorem
3673 4562 3771 4601 au-

510 4634 779 4706 (flieron.)
806 4634 873 4688 Et
899 4649 1003 4688 non
1030 4634 1205 4689 solum
1242 4634 1511 4688 exteriora
1535 4640 1696 4688 erant
1721 4641 1890 4687 strata
1917 4633 2081 4704 ligna,

511 4726 605 4782 sed
646 4734 795 4780 tanta
837 4732 956 4778 erat
999 4723 1264 4793 lignorum
1291 4725 1446 4794 cepia
1489 4739 1586 4793 per
1612 4724 1915 4790 circuitum,
1946 4733 2007 4778 ut
2031 4732 2089 4779 et

513 4816 879 4887 pavimentum
911 4822 967 4870 et
995 4815 1061 4868 de
1081 4815 1391 4884 pavimento
1418 4829 1589 4883 usque
1627 4814 1692 4867 ad
1720 4813 1983 4869 fenestras
2026 4815 2087 4867 li-

514 4906 633 4976 gnis
659 4906 838 4960 omnia
859 4902 1233 4974 jungercntur.
1261 4902 1390 4970 Qua:
1415 4902 1665 4957 fenestra:
1684 4902 1837 4972 juxta
1861 4902 2086 4972 Septua-

512 4998 661 5065 ginta
693 4996 1071 5065 aperiebantur
1108 4993 1410 5063 tripliciter,
1440 5003 1499 5048 ut
1526 4993 1729 5062 apertis
1757 4993 1854 5054 eis,
1889 4994 2084 5063 triplex

516 5090 570 5142 in
603 5087 802 5155 templo
826 5086 919 5141 Dei
948 5084 1300 5155 intelligentia
1330 5091 1740 5138 monstraretur.
1766 5082 1929 5137 Juxta
1959 5083 2086 5138 illud

514 5176 656 5245 quod
682 5174 806 5229 alibi
830 5175 1055 5230 dicitur:
1084 5192 1104 5224 ι
1135 5174 1213 5227 Tu
1242 5182 1421 5229 autem
1445 5174 1689 5227 describe
1714 5188 1778 5226 ea
1808 5174 2090 5242 triplicitcr

517 5262 703 5337 (Prov.
745 5266 900 5331 uti).
954 5283 973 5317 ι
1012 5262 1343 5331 Prospicitur
1387 5273 1566 5317 autem
1608 5277 1823 5330 pereas
1865 5278 1971 5317 non
2003 5278 2089 5318 so-

518 5355 626 5407 lum
662 5353 907 5415 interius,
935 5354 1029 5409 sed
1058 5363 1115 5408 et
1146 5352 1406 5415 exterius,
1438 5362 1496 5405 ut
1535 5367 1653 5421 qum
1681 5353 1933 5407 interiora
1964 5361 2091 5407 sunt

516 5442 827 5506 invisibilia,
856 5456 976 5511 quae
1007 5443 1272 5497 exteriora
1302 5442 1528 5495 visibilia
1561 5458 1945 5514 cognoscamus
1968 5484 1985 5509 ,
2029 5454 2089 5498 ut

518 5532 664 5586 aliud
688 5540 942 5594 mentem,
964 5530 1108 5585 aliud
1136 5545 1370 5593 carnem,
1403 5529 1547 5584 aliud
1573 5530 1869 5599 spiritalem
1896 5530 2091 5585 intelli-

520 5623 777 5691 gentiam,
802 5622 942 5676 aliud
969 5620 1263 5692 simplicem
1286 5630 1549 5676 monstret
1572 5621 1870 5677 historiam.
1906 5622 1971 5676 Et
1992 5638 2091 5692 per

521 5726 709 5767 omnes
733 5711 963 5776 parietes
989 5712 1042 5766 in
1072 5710 1299 5767 circuitu
1324 5720 1431 5765 tam
1456 5712 1777 5766 intrinsecus
1803 5728 1963 5783 quam
1990 5729 2089 5769 ex-

2192 4641 2298 4687 tctn
2338 4635 2590 4700 dicimus,
2630 4650 2736 4688 non
2778 4649 2932 4698 eum,
2980 4635 3074 4706 qui
3113 4636 3501 4703 perturbationi
3537 4645 3593 4690 et
3637 4636 3770 4690 vitio

2188 4723 2469 4792 proximus
2494 4732 2600 4789 est,
2637 4724 2732 4779 sed
2767 4725 2858 4793 qui
2899 4724 3097 4779 mentis
3124 4724 3427 4779 consolidat
3461 4724 3767 4786 mollitiem,

2189 4824 2245 4868 ct
2273 4812 2549 4868 fortiorem
2590 4812 2722 4869 facit
2753 4815 2995 4869 animum
3032 4815 3364 4870 dimicantis.
3409 4814 3468 4868 In
3497 4815 3771 4885 principio

2189 4906 2333 4959 enim
2384 4905 2722 4973 suhjacemus
2758 4914 2814 4960 et
2859 4906 3325 4975 concupiscentia;
3373 4921 3494 4976 quae
3534 4905 3772 4961 refertur

2190 4996 2256 5049 ad
2286 4995 2510 5048 vitulum
2553 5004 2774 5065 propter
2824 5004 2982 5049 teme
3023 5010 3211 5065 opera,
3247 5005 3304 5049 ct
3340 4995 3445 5048 alia
3484 5004 3606 5049 sunt
3645 5010 3773 5048 car-

2190 5084 2354 5149 nalia.
2384 5085 2486 5138 alia
2528 5085 2812 5153 spiritalia,
2839 5099 3069 5154 quorum
3100 5094 3405 5140 extremum
3436 5085 3632 5154 aquila:
3675 5085 3773 5141 tle-

2189 5185 2426 5244 putatur.
2453 5176 2584 5230 Cum
2609 5184 2787 5229 autem
2814 5176 3193 5230 intraverimus
3206 5173 3405 5229 Sancta
3431 5183 3770 5239 sanctorum,

2190 5280 2243 5323 ct
2279 5269 2533 5323 interiora
2585 5269 2764 5338 templi
2812 5268 3217 5338 possidcrimus,
3275 5282 3613 5336 nequaquam
3662 5267 3771 5321 alia

2192 5372 2250 5410 re
2279 5357 2596 5427 indigemus,
2621 5357 2723 5411 nisi
2753 5357 2964 5411 ratione
2989 5368 3151 5426 atque
3178 5355 3512 5422 fortitudine,
3534 5370 3772 5426 quorum

2193 5446 2421 5500 alterum
2452 5448 2518 5501 ad
2547 5462 2763 5501 sensum
2810 5455 2971 5517 atque
3010 5446 3370 5517 prudentiam,
3418 5446 3653 5502 alterum
3688 5463 3775 5503 meo

2193 5535 2364 5590 fertur
2392 5538 2460 5591 ad
2486 5538 2650 5591 animi
2675 5538 3153 5606 perseverantiam.
3184 5535 3371 5592 Omnis
3398 5537 3565 5607 igitur
3587 5540 3773 5606 paries

2193 5640 2290 5694 per
2309 5626 2593 5681 circuitum
2617 5626 2797 5696 templi
2821 5641 2852 5681 a
2872 5627 3181 5697 pavimento
3211 5640 3381 5697 usque
3400 5626 3471 5681 ad
3490 5625 3771 5696 laquearia

2194 5714 2456 5771 cherubin
2488 5714 2719 5770 habebat
2757 5723 2813 5771 et
2833 5715 3039 5786 palmas
3064 5715 3200 5770 mira
3225 5723 3347 5771 arte
3370 5713 3609 5771 celatas.
3641 5712 3773 5770 Post
