3950 6328
211 382 326 441 977

1130 384 1478 442 COMMENT.
1523 383 1589 439 IN
1628 382 2080 441 EZEClllELEM.
2120 413 2188 422 —
2223 382 2349 437 ΜΒ.
2389 382 2548 438 XVII.

3368 378 3475 436 973

212 512 346 568 qua
373 495 716 567 aperiebatur
745 503 1110 550 sanctuarium
1143 506 1199 552 et
1236 498 1492 568 templum
1532 513 1628 568 per
1664 512 1791 565 qua-
1822 500 1868 560 Α
1903 513 1920 546 ι
1949 495 2334 565 Oprofundum
2366 495 2676 550 divitiarum
2716 494 2990 565 sapientia:
3011 504 3066 550 et
3094 494 3334 550 scientia:
3353 496 3475 561 Dei,

210 599 349 642 tuor
376 586 602 658 angulos
630 594 818 642 contra
858 585 1049 640 faciem
1091 596 1418 641 sanctorum.
1471 586 1627 641 Prius
1656 586 1800 640 enim

210 678 487 733 habemus
531 677 776 732 scientiée
820 677 1241 743 multitudinem,
1285 694 1382 748 per
1406 694 1590 748 quam,
1635 678 1801 732 victo—

211 769 362 822 riam
408 771 474 822 de
515 769 669 823 hoste
712 769 1114 837 consequimur,
1162 779 1217 824 et
1263 778 1446 841 postea
1483 769 1638 824 nobis
1679 785 1801 824 san-

212 862 494 915 ctuarium
525 861 771 931 aperitur
797 869 850 915 et
878 858 1157 930 templum,
1201 861 1344 932 quod
1373 860 1534 914 habet
1572 870 1803 929 quatuor

212 950 466 1021 angulos,
490 959 545 1005 et
579 949 865 1004 stationem
900 949 1286 1014 firmissimam,
1331 955 1386 1004 et
1411 940 1531 1018 quai
1576 949 1631 1002 in
1675 948 1798 1002 nul—

216 1039 332 1093 iam
367 1047 575 1110 partem
605 1039 867 1094 declivior
891 1040 980 1094 sit.
1026 1036 1178 1093 Hanc
1203 1038 1344 1093 enim
1369 1038 1527 1092 habet
1557 1047 1802 1092 naturam

216 1146 476 1186 mensura
504 1130 880 1201 quadranguli,
910 1138 969 1185 ιιι
991 1130 1171 1184 stabili
1200 1130 1459 1185 consistat
1484 1130 1620 1186 basi.
1658 1130 1724 1183 Et
1749 1130 1804 1184 in

220 1223 456 1292 mystico
480 1235 725 1283 numero,
750 1221 842 1290 qui
869 1220 1117 1291 prudenti
1144 1220 1333 1275 lectori
1357 1219 1671 1290 perspicuus
1697 1229 1803 1285 est,

218 1309 492 1366 elementa
536 1318 770 1378 quatuor
810 1323 875 1362 ex
923 1307 1119 1377 quibus
1154 1314 1403 1362 constant
1434 1307 1803 1362 omnia’solida

217 1411 594 1474 perpetuaque
649 1402 940 1472 possideat.
1000 1399 1068 1454 Et
1125 1409 1321 1456 cuncta
1371 1410 1558 1456 contra
1612 1400 1808 1456 faciem

219 1495 521 1551 sanctuarii
546 1493 899 1564 aspiciebant.
943 1493 1082 1548 Ante
1107 1493 1249 1563 quod
1276 1493 1664 1557 sanctuarium,
1695 1493 1809 1548 sive

223 1587 282 1641 in
308 1602 418 1657 quo
445 1587 755 1641 sanctuario
776 1595 894 1640 erat
919 1585 1128 1655 species
1149 1584 1334 1639 altaris
1355 1584 1514 1655 lignei
1543 1587 1701 1639 trium
1723 1601 1811 1640 cu-

222 1675 463 1731 bitorum
481 1675 782 1741 altitudine,
802 1685 857 1732 et
872 1675 1204 1747 longitudine
1229 1675 1533 1732 cubitorum
1560 1676 1808 1740 duorum,

221 1775 284 1820 ct
304 1765 585 1820 latitudine
607 1766 915 1821 cubitorum
940 1768 1190 1832 duorum,
1210 1767 1299 1835 qui
1317 1765 1498 1835 juncti
1511 1775 1718 1836 septem
1734 1765 1810 1820 fa-

1898 602 2060 656 quam
2116 587 2487 644 inscrutabilia
2531 587 2734 656 judicia
2777 587 2927 656 ejus,
2977 599 3032 644 et
3073 587 3474 659 investigabiles

1897 677 1999 733 via:
2027 677 2206 733 illius!
2244 696 2263 730 ι
2293 675 2471 749 (Rom.
2511 679 2721 748 x1.)Et,
2755 696 2774 729 ι
2807 677 2939 744 Quis
2968 678 3214 747 cognovit
3255 693 3476 733 sensum

1899 769 2111 824 Domini
2137 769 2372 842 (Ibid)?
2401 791 2419 823 ι
2456 772 2557 826 nisi
2589 772 2676 827 ille
2704 772 2795 842 qui
2821 781 2905 826 est
2927 772 3106 842 magni
3141 771 3347 826 consilii
3377 786 3474 824 an-

1899 859 2068 930 gelus,
2091 869 2146 914 et
2173 877 2268 916 sua
2297 869 2475 931 potest
2505 862 2678 933 dignis
2712 863 2922 932 aperire
2944 863 3197 932 mysteria
3225 879 3237 914 :
3267 863 3467 922 ὶκθέτας

1901 961 2079 1007 autem
2108 953 2292 1009 Roma:
2319 953 2588 1023 appellant
2613 953 2810 1010 solaria
2851 958 2917 1010 de
2943 953 3338 1010 cmnaculorum
3369 970 3466 1024 pa-

1903 1045 2126 1100 rietibus
2141 1045 2452 1110 eminentia,
2478 1046 2590 1100 sive
2607 1046 2875 1110 meniana,
2896 1047 2963 1102 ab
2978 1061 3042 1102 co
3067 1046 3157 1117 qui
3185 1061 3246 1100 ea
3267 1047 3473 1116 prinms

1905 1134 2126 1199 invenit,
2173 1149 2294 1205 quae
2340 1136 2580 1190 nonnulli
2626 1137 2938 1192 Gnecorum
2975 1140 3230 1212 ἕξὼστρας
3259 1148 3472 1192 vocant.

1980 1245 1999 1278 ι
2041 1226 2110 1280 Et
2133 1226 2345 1282 locutus
2375 1235 2458 1282 est
2488 1229 2553 1282 ad
2601 1243 2687 1284 me
2714 1245 2726 1280 :
2757 1227 2884 1284 llzec
2929 1237 3016 1284 est
3061 1244 3244 1283 mensa
3291 1243 3482 1284 coram

1911 1334 1930 1368 ι
1978 1316 2223 1371 Domino.
2265 1315 2335 1370 Et
2363 1317 2468 1371 duo
2497 1320 2631 1371 ostia
2659 1326 2814 1371 erant
2848 1318 2902 1371 in
2933 1317 3129 1386 templo
3156 1327 3210 1371 et
3251 1318 3305 1372 in
3355 1333 3480 1372 sam

1913 1421 1932 1456 ι
1975 1404 2204 1470 ctuario,
2231 1412 2284 1459 et
2315 1404 2371 1459 in
2398 1404 2607 1460 duobus
2632 1405 2786 1460 ostiis
2814 1421 2879 1460 ex
2911 1415 3140 1476 utraque
3173 1418 3327 1476 parte
3353 1407 3486 1461 bina

1913 1511 1933 1544 ι
1977 1502 2133 1547 erant
2152 1493 2365 1559 ostiola,
2390 1509 2510 1564 qua:
2533 1495 2588 1549 in
2618 1510 2675 1549 se
2699 1495 2928 1550 invicem
2955 1496 3328 1565 plicabantur:
3357 1496 3483 1551 bina

1915 1604 1932 1634 ι
1979 1584 2123 1638 enim
2153 1585 2299 1639 ostia
2337 1595 2494 1640 erant
2537 1601 2600 1640 ex
2633 1595 2861 1656 utraque
2900 1596 3054 1656 parte
3087 1588 3370 1641 ostiorum.
3416 1587 3486 1642 Et

1918 1692 1935 1723 ι
1985 1672 2169 1727 caelata
2215 1683 2372 1728 erant
2408 1674 2462 1727 in
2505 1675 2638 1744 ipsis
2675 1676 2833 1730 ostiis
2872 1677 3055 1746 templi
3104 1678 3386 1742 cherubin,
3426 1687 3490 1733 ct

1921 1783 1938 1814 ι
1984 1765 2272 1835 sculptura:
2309 1765 2608 1834 palmarum
2657 1767 2798 1820 sicut
2837 1768 2893 1821 in
2937 1769 3231 1838 parietibus
3274 1786 3488 1839 quoque

223 1856 375 1910 ciunt
397 1857 624 1912 cubitos.
649 1855 799 1922 Quod
815 1856 984 1912 altare
1007 1856 1236 1912 habebat
1258 1872 1480 1922 cornua,
1503 1868 1557 1913 et
1583 1868 1691 1913 tam
1717 1860 1811 1913 ba-

1926 1871 1944 1904 ι
1990 1868 2255 1925 expressa
2280 1863 2454 1910 erant.
2507 1855 2865 1922 Quamobrem
2905 1866 2970 1912 et,
3011 1860 3280 1928 grossiora
3333 1870 3489 1914 erant

225 1960 342 2010 ses,
365 1961 524 2016 quam
561 1946 792 2015 parietes
813 1945 951 2014 ejus,
983 1949 1084 2004 hoc
1113 1954 1214 2012 est,
1242 1948 1408 2004 latera
1434 1957 1592 2002 erant
1615 1949 1806 2020 lignea.

226 2036 289 2092 In
330 2055 437 2108 quo
477 2037 770 2110 Scriptura:
804 2048 1004 2096 sanctae
1045 2041 1300 2110 mysteria
1326 2043 1595 2097 humanus
1636 2058 1815 2097 sermo

227 2137 411 2198 potest
439 2129 727 2200 explicare,
777 2131 1044 2200 quomodo
1086 2130 1255 2186 altare
1311 2132 1361 2185 in
1397 2147 1503 2201 quo
1527 2133 1670 2202 ignis
1693 2149 1814 2188 suc-

230 2213 691 2283 cendenduserat,
709 2237 893 2277 mensa
917 2221 1166 2277 videlicet
1184 2223 1577 2294 thymiamatis;
1595 2225 1728 2278 nihil
1749 2227 1816 2281 ab

235 2312 360 2383 igne
379 2314 631 2384 patiatur,
649 2315 766 2380 sed,
787 2322 847 2369 ut
866 2315 938 2369 ita
963 2315 1163 2380 dicam,
1183 2316 1302 2386 igne
1325 2318 1509 2386 purius
1533 2317 1644 2371 fiat.
1666 2318 1818 2372 Sicut

234 2404 380 2458 enim
414 2414 722 2463 sanctorum
758 2421 942 2475 opera,
972 2405 1039 2461 de
1066 2405 1262 2475 quibus
1285 2406 1475 2460 scribit
1495 2408 1812 2476 Apostolus:

241 2517 261 2549 ε
291 2497 726 2571 Uniuscujusque
765 2517 900 2571 opus
950 2502 1109 2572 quale
1151 2505 1240 2568 sit,
1291 2505 1434 2574 ignis
1479 2505 1755 2572 probabit,
1794 2525 1811 2557 ι

237 2605 348 2644 non
390 2600 638 2660 pereunt,
684 2591 779 2646 sed
824 2607 921 2662 per
952 2593 1129 2662 ignem
1161 2595 1380 2662 puriora
1413 2603 1813 2650 monstrantur:

239 2681 317 2736 ita
364 2689 418 2736 et
459 2681 646 2737 altaris
691 2682 854 2751 ligna,
911 2699 1031 2753 qua:
1075 2685 1142 2738 de
1190 2685 1350 2755 lignis
1400 2687 1632 2755 paradisi
1673 2696 1816 2751 sunt,

237 2790 349 2828 non
379 2783 689 2830 cremantur
721 2777 842 2847 igne
878 2777 1075 2839 vicino,
1109 2778 1203 2831 sed
1232 2778 1454 2848 puriora
1499 2779 1815 2833 redduntur.

239 2862 356 2919 Nec
381 2865 576 2918 mirum
606 2865 709 2920 hoc
732 2867 797 2920 de
825 2869 1134 2922 sanctuario
1161 2877 1215 2922 et
1241 2869 1586 2924 interioribus
1614 2871 1818 2940 templi,

239 2966 296 3012 et
329 2955 485 3010 altari
532 2957 896 3027 thymiamatis
931 2960 1173 3023 credere,
1208 2976 1329 3016 cum
1369 2963 1532 3016 etiam
1557 2964 1817 3032 ἀμίαντος,

241 3045 388 3114 quod
430 3045 554 3117 ligni
592 3063 761 3118 genus
797 3056 880 3103 est
922 3050 1003 3104 vel
1031 3050 1124 3104 lini
1165 3052 1366 3106 habens
1395 3053 1818 3120 similitudinem,

241 3147 447 3202 quanto
475 3139 593 3209 plus
623 3140 834 3206 arserit,
866 3149 1014 3195 tanto
1044 3142 1296 3198 mundius
1321 3144 1644 3199 inveniatur.

1922 1965 1940 1997 ι
1988 1947 2127 2018 ligna
2165 1947 2216 2000 in
2248 1947 2496 2002 vestibuli
2527 1947 2703 2003 fronte
2733 1948 3054 2016 forinsecus,
3082 1967 3243 2021 super
3269 1967 3388 2020 qua:
3412 1952 3491 2006 fe-

1922 2057 1940 2091 ι
1987 2049 2180 2095 uestra:
2209 2039 2439 2110 obliquae
2461 2050 2514 2093 et
2539 2041 2833 2096 similitudo
2858 2042 3153 2111 palmarum
3180 2043 3306 2098 hinc
3329 2053 3490 2113 atquc

1923 2151 1939 2182 ι
1987 2131 2108 2186 inde
2145 2133 2197 2186 in
2232 2131 2526 2187 humerulis
2555 2133 2826 2198 vesti'mli,
2858 2136 3149 2188 secundum
3191 2135 3361 2189 latera
3395 2136 3490 2190 do-

1921 2240 1940 2271 ι
1988 2237 2106 2276 mus
2138 2221 2581 2292 latitudinrmque
2622 2225 2908 2294 parietum.
2946 2245 2964 2276 ι
3002 2224 3092 2280 Vir
3120 2241 3251 2296 ergo
3281 2226 3367 2280 ille
3396 2228 3489 2296 qui

1917 2312 2232 2381 prophetam
2269 2314 2322 2366 in
2374 2312 2551 2368 abdita
2598 2313 2782 2385 templi
2819 2316 3208 2379 introduxerat,
3253 2325 3308 2373 et
3352 2318 3492 2374 inter

1918 2411 2112 2456 cetera
2139 2405 2450 2460 ostenderat
2479 2405 2526 2459 ei
2555 2405 2722 2459 altare
2746 2406 2998 2476 ligneum,
3021 2409 3160 2477 quod
3187 2416 3241 2462 et
3267 2408 3490 2479 angulos

1919 2502 1972 2548 ct
2017 2510 2236 2559 cornua,
2269 2496 2423 2565 juxta
2464 2497 2844 2569 Septuaginta,
2893 2507 2948 2552 et
2989 2499 3222 2569 parietes
3259 2499 3493 2554 habebat

1920 2584 2148 2654 ligneos,
2173 2585 2309 2640 dixit
2341 2588 2388 2641 ei
2415 2605 2427 2639 :
2474 2587 2584 2643 lloc
2626 2589 2799 2643 altare
2826 2589 2969 2659 quod
3002 2590 3225 2660 respicis
3267 2590 3378 2659 ipsa
3407 2601 3492 2645 cst

1921 2691 2106 2730 mensa
2137 2691 2319 2731 coram
2351 2677 2596 2744 Domino,
2625 2696 2745 2748 qua:
2791 2682 2842 2735 in
2883 2681 3231 2736 similitudine
3262 2682 3378 2736 rubi
3406 2698 3495 2736 ar-

1921 2766 2009 2819 det
2038 2777 2092 2820 et
2119 2781 2222 2820 non
2253 2769 2610 2823 comburitur.
2641 2771 2713 2825 De
2752 2787 2857 2840 qua
2900 2779 3118 2826 sanctus
3160 2772 3395 2841 loquitur
3425 2773 3496 2827 ad

1920 2854 2120 2911 Deum:
2145 2876 2161 2906 ι
2190 2855 2396 2910 Parasti
2423 2858 2474 2911 in
2494 2871 2779 2927 conspectu
2805 2875 2924 2912 meo
2951 2875 3211 2924 mensam,
3235 2860 3496 2915 adversus

1921 2959 2014 2998 eos
2058 2945 2147 3013 qui
2199 2944 2460 2999 tribulant
2510 2962 2595 3001 me
2651 2944 2823 3016 (Psal.
2853 2947 3009 3018 xxn).
3057 2965 3074 2998 ι
3134 2948 3248 3002 Duo
3282 2963 3495 3017 quoque

1920 3036 2057 3089 ostia
2102 3043 2259 3090 erant
2303 3037 2357 3090 in
2405 3037 2622 3106 templo,
2667 3047 2718 3091 et
2769 3038 2821 3092 in
2870 3039 2985 3108 ipso
3031 3040 3362 3102 sanctum-io,
3395 3056 3494 3110 per.

1923 3142 2042 3195 qua:
2066 3128 2342 3196 utriusque
2367 3128 2705 3182 instrumenti
2734 3138 3067 3183 sacramenta
3101 3138 3489 3184 monstrantur.

320 3205 610 3300 (Maccus)
659 3205 893 3285 Possunt
938 3240 1116 3285 tamen
1179 3233 1231 3286 in
1282 3231 1564 3287 altitudine
1608 3233 1814 3298 altaris,

1926 3215 1989 3269 Et
2041 3216 2092 3268 in
2138 3217 2345 3272 duobus
2392 3219 2544 3272 ostiis
2588 3234 2655 3272 ex
2703 3227 2934 3288 utraque
2986 3229 3136 3289 parte
3175 3219 3299 3274 bina
3341 3230 3499 3275 erant.

239 3332 368 3388 qua:
392 3327 477 3372 cst
501 3319 662 3372 trium
700 3320 1024 3387 cubitorum,
1056 3323 1280 3390 mystice
1316 3322 1483 3391 accipi
1519 3323 1681 3376 corda
1713 3322 1821 3375 elc-

241 3417 482 3473 ctorum,
529 3424 648 3479 qua:
691 3425 786 3480 per
833 3411 1012 3473 (idem,
1069 3425 1238 3480 spem,
1291 3419 1346 3464 et
1393 3411 1710 3465 charitatem
1754 3410 1821 3463 ad

241 3501 488 3556 caelestia
521 3501 776 3566 tendunt;
829 3501 882 3554 in
912 3501 1262 3570 longitudine,
1292 3517 1409 3572 qua:
1437 3510 1552 3556 erat
1595 3503 1822 3556 duorum

240 3590 574 3655 cubitorum,
605 3591 984 3662 longanimitas
1008 3602 1064 3646 et
1086 3593 1342 3661 patientia
1368 3609 1554 3648 eorum
1576 3594 1819 3664 intelligi,

240 3679 340 3750 qui
387 3689 705 3751 exspectant
756 3697 976 3749 regnum
1028 3682 1307 3748 futurum,
1366 3691 1419 3737 et
1463 3692 1717 3737 exercent
1763 3699 1821 3738 se

239 3771 385 3826 bene
408 3772 679 3841 operando
704 3772 758 3826 in
783 3772 990 3828 duobus
1015 3774 1296 3843 praeceptis
1324 3773 1621 3838 charitatis,
1652 3774 1822 3828 donec

239 3861 563 3935 perveniant
611 3861 678 3916 ad
731 3863 924 3934 gaudia
974 3863 1321 3934 sempiterna.
1388 3863 1525 3933 Apte
1569 3864 1712 3918 enim
1767 3864 1822 3917 in

241 3954 648 4011 constructione
691 3954 1021 4009 tabernaculi
1051 3955 1145 4009 Dei
1173 3955 1239 4010 de
1269 3955 1427 4026 lignis
1473 3955 1630 4009 setim
1651 3995 1669 4020 ,
1703 3970 1822 4024 qua:

242 4042 384 4099 albae
413 4044 578 4114 spinae
603 4045 821 4110 similia,
848 4054 1047 4101 etesse
1095 4047 1522 4116 incorruptibilia
1549 4047 1818 4112 dicuntur,

243 4141 536 4205 utrmnque
565 4136 736 4190 altare
766 4136 886 4190 fieri
921 4137 1251 4207 praecipitur.
1285 4137 1400 4193 Hoc
1426 4146 1534 4203 est,
1563 4137 1819 4194 holocau-

244 4222 319 4278 sti
354 4231 410 4278 et
440 4225 806 4296 thymiama‘is
835 4244 848 4280 :
892 4227 1018 4296 quia
1047 4228 1307 4282 nimirum
1331 4243 1436 4282 una
1459 4237 1543 4283 est
1569 4228 1691 4285 tidei
1716 4245 1820 4286 non

247 4313 390 4369 ﬂctm
414 4314 661 4372 ﬁrmitas.
695 4317 828 4384 Quia
869 4319 1110 4374 omnium
1151 4320 1313 4376 corda
1344 4319 1639 4376 electorum
1687 4338 1823 4392 pra:-

244 4404 445 4470 muniri
492 4414 655 4476 atque
700 4408 767 4462 ad
815 4410 1216 4480 suscipiendum
1269 4410 1445 4482 ignem
1494 4411 1818 4478 dilectionis,

244 4498 301 4548 et
327 4490 597 4547 offerenda
641 4491 749 4548 Deo
776 4494 1037 4549 virtutum
1070 4494 1354 4560 libamina,
1379 4496 1578 4553 debent
1605 4511 1815 4567 praepa-

1923 3306 2135 3370 ostiola,
2165 3323 2284 3376 qua:
2316 3309 2368 3361 in
2397 3323 2454 3362 se
2484 3309 2713 3363 invicem
2747 3309 3085 3379 plicabantur
3111 3329 3123 3363 :
3154 3319 3212 3364 ut
3239 3319 3292 3364 et
3328 3310 3380 3364 in
3412 3311 3494 3365 hi-

1926 3400 2093 3452 storia
2141 3399 2435 3469 spiritalem
2464 3400 2663 3455 habeas
2693 3401 3114 3471 intelligentiam,
3145 3410 3200 3455 et
3235 3401 3288 3456 in
3318 3408 3500 3471 tropo-

1925 3490 2062 3560 logia
2109 3491 2346 3546 historia:
2392 3495 2697 3554 veritatem,
2731 3509 2958 3563 quorum
3004 3502 3288 3564 utrumque
3318 3495 3501 3550 altero-

1927 3580 2146 3650 indiget,
2177 3591 2230 3635 et
2254 3582 2298 3634 si
2327 3597 2486 3635 unum
2515 3582 2767 3649 defuerit,
2798 3583 3032 3653 perfecta
3065 3593 3215 3640 caret
3244 3584 3492 3639 scientia.

1925 3671 2075 3736 Quod
2107 3679 2282 3726 autem
2310 3674 2550 3742 sequitur
2579 3692 2591 3726 :
2624 3695 2639 3729 ι
2665 3675 2794 3729 Bina
2820 3677 2956 3730 ostia
2987 3685 3142 3730 erant
3167 3691 3235 3731 ex
3261 3687 3500 3747 utraque-

1926 3770 2078 3828 pnrte
2119 3761 2412 3828 ostiorum,
2451 3784 2467 3815 ι
2515 3763 2668 3833 juxta
2716 3765 2954 3820 litteram
3000 3768 3339 3836 perspicuum
3385 3777 3490 3822 est.

1924 3851 2111 3908 Solent
2145 3854 2287 3909 enim
2330 3853 2385 3909 in
2418 3856 2709 3924 majoribus
2737 3857 2984 3912 tricliniis
3007 3859 3129 3914 bina
3157 3859 3257 3914 sibi
3286 3858 3491 3915 haerere

1924 3949 2085 4009 atque
2108 3943 2382 4014 conjungi,
2412 3953 2472 3998 ut
2499 3944 2667 4010 major
2693 3947 2944 4001 introitus
2988 3963 3324 4017 nequaquam
3355 3950 3494 4003 duo.

1923 4033 2022 4089 bus
2051 4043 2105 4089 et
2131 4033 2453 4106 ingentibus,
2490 4036 2582 4090 sed
2617 4045 2850 4105 quatuor
2881 4037 3178 4093 minoribus
3210 4038 3493 4094 claudatur

1922 4125 2006 4179 vel
2034 4126 2305 4194 aperiatur
2334 4125 2557 4180 foribus.
2577 4125 2788 4197 (Beda.)
2809 4126 3125 4198 Ilecitaque
3150 4128 3290 4183 ostia
3309 4144 3405 4199 per
3423 4131 3499 4183 si-

1923 4215 2322 4284 gniﬁcationem
2341 4215 2634 4270 multifario
2658 4225 2883 4286 possunt
2900 4218 3091 4288 accipi.
3111 4217 3241 4272 Nam
3259 4229 3314 4275 et
3333 4235 3496 4289 ange-

1925 4305 2057 4360 licos
2083 4306 2304 4375 spiritus
2331 4321 2564 4375 quorum.
2590 4307 2892 4361 ministerio
2920 4308 2973 4362 in
2999 4308 3380 4364 habitationem
3402 4326 3498 4378 pa-

1927 4398 2047 4452 tria:
2075 4399 2311 4454 caelestis
2345 4398 2758 4464 introducimur,
2782 4399 3068 4468 aptissime
3083 4401 3368 4472 designant
3400 4419 3420 4454 :
3443 4410 3500 4456 et

1930 4487 2291 4554 apostolorum
2335 4501 2487 4558 teque
2525 4488 3051 4558 apostolicorumque
3089 4491 3344 4556 virorum,
3376 4493 3499 4548 uui-

247 4582 522 4653 rari,quia
545 4583 794 4652 omnibus
807 4585 1134 4656 generaliter
1156 4586 1362 4656 pusillis
1382 4601 1505 4641 cum
1529 4549 1822 4657 magal-illus
1849 4549 1899 4609 D
1926 4578 2028 4634 bus
2050 4579 2228 4634 claves
2251 4579 2402 4650 regni
2427 4579 2686 4634 etelorum
2713 4589 2836 4636 sunt
2859 4581 3018 4646 datm,
3045 4591 3226 4637 tenent
3247 4583 3502 4654 figuram.

245 4671 487 4744 loquitur
508 4673 802 4744 Apostolus
819 4675 1005 4730 dicens
1027 4694 1042 4730 :
1074 4695 1098 4727 ι
1125 4676 1442 4732 Mundemus
1462 4691 1560 4732 nos
1582 4680 1649 4732 ab
1674 4678 1820 4732 omni

248 4747 660 4832 inquinamento
697 4763 877 4819 carnis
903 4772 957 4820 et
987 4764 1230 4834 spiritus,
1255 4765 1600 4836 perﬁcientes
1624 4767 1820 4821 sancti-

250 4849 554 4908 ﬁcationem
603 4853 655 4908 in
691 4853 881 4908 timore
904 4854 997 4908 Dei
1027 4853 1080 4926 (l
1104 4853 1228 4909 Cor.
1254 4854 1370 4925 vn).
1421 4874 1437 4907 ι
1492 4855 1630 4926 Apte
1682 4870 1825 4909 unus

248 4959 316 5000 ac
343 4959 449 4998 non
482 4944 663 5015 dispar
692 4953 811 5000 erat
842 4947 998 5017 ignis,
1029 4947 1122 5017 qui
1166 4948 1220 5002 in
1246 4948 1349 5003 hoc
1372 4948 1529 5003 altari
1553 4947 1816 5010 victimas,

248 5035 303 5090 in
331 5034 422 5091 illo
454 5035 614 5091 thura
651 5035 1014 5105 incendebat,
1060 5038 1190 5108 quia
1234 5039 1490 5094 nimirum
1547 5055 1686 5094 unus
1737 5046 1824 5092 est

248 5127 490 5199 spiritus,
543 5127 634 5198 qui
681 5136 1002 5185 cunctorum
1051 5138 1258 5184 mentes
1302 5129 1535 5182 fidelium
1579 5129 1820 5184 variante

248 5219 595 5284 donationum
611 5219 783 5291 gratia
794 5219 1048 5275 viviﬁcat.
1063 5218 1342 5293 (Ηὶετοη.)
1360 5220 1605 5289 Ignosce,
1628 5221 1818 5286 lector,

247 5309 565 5367 dilltcuttati.
598 5320 654 5365 et
694 5311 904 5366 veniam
950 5311 1124 5366 tribue
1166 5311 1386 5382 pauperi
1431 5311 1817 5381 intelligentia.

247 5406 353 5458 t'er
387 5400 656 5457 fenestras
683 5402 828 5457 enim
853 5401 1100 5471 obliquas
1137 5409 1190 5456 et
1221 5402 1274 5455 in
1307 5401 1522 5456 modum
1554 5402 1685 5457 re'is
1740 5402 1820 5454 fa-

246 5499 389 5557 ctas,
413 5500 467 5548 et
501 5506 622 5562 qua;
665 5506 880 5562 semper
908 5492 1105 5546 clausa:
1138 5501 1283 5553 sunt,
1311 5491 1402 5545 vix
1431 5506 1602 5562 usque
1648 5492 1714 5545 ad
1744 5492 1825 5545 in-

249 5582 503 5638 teriorem
532 5581 748 5636 dommn
772 5581 951 5638 cordis
975 5580 1146 5634 nostri
1175 5580 1385 5635 oculum
1417 5595 1704 5649 possumus
1735 5580 1819 5634 in—

249 5675 578 5738 tromittere,
627 5680 688 5726 ut
716 5672 896 5725 omnia
924 5686 1044 5740 quzr
1088 5669 1362 5725 cernimus
1412 5671 1463 5724 in
1501 5671 1692 5724 umbra
1741 5670 1823 5724 vi—

249 5764 469 5820 deamus
511 5771 564 5819 et
608 5761 874 5835 imgine,
916 5772 970 5815 et
1009 5776 1128 5816 cum
1170 5759 1423 5830 Apostolo
1494 5759 1816 5815 clamemus:

1927 4671 2026 4736 Qui
2067 4680 2286 4742 accepta
2315 4680 2582 4742 potestate
2627 4687 2655 4726 a
2697 4673 2923 4728 Domino
2968 4673 3165 4743 ligandi
3200 4684 3360 4743 atque
3392 4675 3500 4730 θοι,

1926 4763 2082 4817 vendi
2129 4761 2341 4833 (Matth.
2387 4761 2625 4834 xvln),et
2654 4764 2853 4834 dignos
2890 4764 3031 4820 intra
3075 4765 3222 4833 regni
3266 4764 3506 4833 ianuam-

1926 4852 2234 4919 admittunt,
2259 4861 2315 4906 et
2334 4862 2698 4918 contumaces,
2725 4855 2961 4924 impuros
2990 4871 3055 4911 ac
3098 4857 3375 4925 superbos,
3402 4873 3503 4912 ex-

1927 4943 2396 5008 communicando,
2438 4944 2553 5000 sive
2593 4944 3118 5011 anathematizando,
3154 4947 3222 5000 ab
3255 4946 3495 5016 ingressu

1925 5033 2048 5087 vita:
2079 5034 2328 5103 perennis
2359 5033 2659 5087 eliminant.
2702 5031 2806 5088 Sed
2841 5044 3081 5104 etopera
3104 5033 3328 5101 justitizc
3363 5049 3503 5102 quo-

1929 5139 2046 5178 rum
2092 5125 2283 5179 merito
2328 5125 2395 5179 ad
2443 5139 2666 5194 regnum
2717 5123 2938 5179 cwleste
2975 5123 3306 5194 pervenitur,
3349 5132 3496 5178 recte

1924 5229 2020 5283 per
2039 5215 2196 5279 ostia,
2226 5230 2322 5284 per
2346 5231 2466 5284 qua:
2493 5215 2545 5270 in
2577 5214 2776 5268 Sancta
2808 5221 3113 5268 sanctorum
3158 5212 3494 5284 ingredieba—

1929 5315 2031 5365 tur,
2067 5312 2289 5372 possunt
2321 5303 2496 5374 typice
2521 5303 2812 5372 designari,
2844 5298 2999 5369 jnL'a
3030 5302 3134 5356 hoc
3157 5301 3298 5371 quod
3340 5301 3391 5354 in
3432 5301 3498 5353 li-

1925 5394 2024 5448 bro
2062 5392 2347 5463 Sapientia:
2376 5394 2634 5463 scriptum
2669 5403 2751 5449 est
2781 5411 2802 5446 ;
2827 5413 2844 5443 ι
2883 5394 3182 5449 Custoditio
3210 5403 3388 5447 autem
3421 5393 3496 5446 ιε-

1925 5501 2080 5556 gum,
2109 5485 2498 5540 consummatio
2547 5485 2967 5553 incorruptionis
2991 5492 3104 5545 est;
3163 5483 3506 5551 incorruptio.

1929 5585 2108 5634 autem
2140 5575 2268 5632 facit
2295 5592 2415 5632 esse
2441 5577 2740 5645 proximum
2768 5577 2877 5630 Deo
2910 5575 3056 5646 (Sep.
3091 5575 3185 5638 Vl).
3222 5594 3240 5626 ι
3282 5574 3491 5630 Conon--

1927 5667 2184 5736 piscentia
2231 5667 2415 5735 itaque
2443 5667 2718 5735 sapientia:
2756 5666 3080 5720 deducet-ad
3123 5679 3357 5734 regnum.
3373 5678 3495 5732 per-

1929 5767 2166 5828 pctuum.
2216 5758 2427 5825 Quibus
2465 5757 2713 5812 omnibus
2756 5765 2877 5826 apte
2926 5756 3186 5826 congruit.
3233 5755 3345 5810 Duo
3375 5760 3502 5808 sunt
