  <div class='ocr_page' id='page_1' title='image "/cluster/home/n/w/nwhite01/storage/ocr_20150623/110/uva.x000827066/497.png"; bbox 0 0 3950 6340; ppageno 0'>
   <div class='ocr_carea' id='block_1_1' title="bbox 470 423 576 481">
    <p class='ocr_par' dir='ltr' id='par_1_1' title="bbox 470 423 576 481">
     <span class='ocr_line' id='line_1_1' title="bbox 470 423 576 481; baseline 0.009 -2"><span class='ocrx_word' id='word_1_1' title='bbox 470 423 576 481; x_wconf 82' lang='lat'><strong>979</strong></span> 
     </span>
    </p>
   </div>
   <div class='ocr_carea' id='block_1_2' title="bbox 470 526 2119 601">
    <p class='ocr_par' dir='ltr' id='par_1_2' title="bbox 470 526 2119 601">
     <span class='ocr_line' id='line_1_2' title="bbox 470 526 2119 601; baseline -0.008 -11"><span class='ocrx_word' id='word_1_2' title='bbox 470 544 649 590; x_wconf 87' lang='lat' dir='ltr'><strong>autem</strong></span> <span class='ocrx_word' id='word_1_3' title='bbox 675 533 889 598; x_wconf 89' lang='lat' dir='ltr'><strong>ostiola,</strong></span> <span class='ocrx_word' id='word_1_4' title='bbox 918 531 1373 601; x_wconf 52' lang='lat' dir='ltr'><strong>sivecquia-Deum</strong></span> <span class='ocrx_word' id='word_1_5' title='bbox 1403 544 1467 584; x_wconf 90' lang='lat' dir='ltr'><strong>ac</strong></span> <span class='ocrx_word' id='word_1_6' title='bbox 1495 542 1769 597; x_wconf 76' lang='lat' dir='ltr'><strong>proximos</strong></span> <span class='ocrx_word' id='word_1_7' title='bbox 1795 526 2040 596; x_wconf 82' lang='lat' dir='ltr'><strong>diligunt,</strong></span> <span class='ocrx_word' id='word_1_8' title='bbox 2074 527 2119 584; x_wconf 82' lang='grc' dir='ltr'><strong>Α</strong></span> 
     </span>
    </p>
   </div>
   <div class='ocr_carea' id='block_1_3' title="bbox 469 619 2222 705">
    <p class='ocr_par' dir='ltr' id='par_1_3' title="bbox 469 619 2222 705">
     <span class='ocr_line' id='line_1_3' title="bbox 469 619 2222 705; baseline -0.008 -23"><span class='ocrx_word' id='word_1_9' title='bbox 469 636 526 682; x_wconf 88' lang='lat' dir='ltr'><strong>et</strong></span> <span class='ocrx_word' id='word_1_10' title='bbox 574 625 773 697; x_wconf 78' lang='lat' dir='ltr'><strong>angeli,</strong></span> <span class='ocrx_word' id='word_1_11' title='bbox 823 633 878 681; x_wconf 92' lang='lat' dir='ltr'><strong>et</strong></span> <span class='ocrx_word' id='word_1_12' title='bbox 916 624 1162 679; x_wconf 88' lang='lat' dir='ltr'><strong>homines</strong></span> <span class='ocrx_word' id='word_1_13' title='bbox 1208 622 1400 686; x_wconf 89' lang='lat' dir='ltr'><strong>sancti,</strong></span> <span class='ocrx_word' id='word_1_14' title='bbox 1441 635 1616 690; x_wconf 86' lang='lat' dir='ltr'><strong>neque</strong></span> <span class='ocrx_word' id='word_1_15' title='bbox 1652 619 1790 673; x_wconf 90' lang='lat' dir='ltr'><strong>ullus</strong></span> <span class='ocrx_word' id='word_1_16' title='bbox 1817 619 2039 688; x_wconf 82' lang='lat' dir='ltr'><strong>jamiam</strong></span> <span class='ocrx_word' id='word_1_17' title='bbox 2144 650 2222 705; x_wconf 63' lang='lat' dir='ltr'><strong><em>De</em></strong></span> 
     </span>
    </p>
   </div>
   <div class='ocr_carea' id='block_1_4' title="bbox 468 706 2043 784">
    <p class='ocr_par' dir='ltr' id='par_1_4' title="bbox 468 706 2043 784">
     <span class='ocr_line' id='line_1_4' title="bbox 468 706 2043 784; baseline -0.006 -16"><span class='ocrx_word' id='word_1_18' title='bbox 468 717 613 780; x_wconf 59' lang='lat' dir='ltr'><strong>vitae,</strong></span> <span class='ocrx_word' id='word_1_19' title='bbox 644 715 743 770; x_wconf 86' lang='lat' dir='ltr'><strong>nisi</strong></span> <span class='ocrx_word' id='word_1_20' title='bbox 781 730 878 784; x_wconf 91' lang='lat' dir='ltr'><strong>per</strong></span> <span class='ocrx_word' id='word_1_21' title='bbox 903 713 1170 784; x_wconf 89' lang='lat' dir='ltr'><strong>geminam</strong></span> <span class='ocrx_word' id='word_1_22' title='bbox 1199 712 1338 765; x_wconf 82' lang='lat' dir='ltr'><strong>lianc</strong></span> <span class='ocrx_word' id='word_1_23' title='bbox 1365 710 1708 765; x_wconf 88' lang='lat' dir='ltr'><strong>dilectionem</strong></span> <span class='ocrx_word' id='word_1_24' title='bbox 1740 707 1936 777; x_wconf 86' lang='lat' dir='ltr'><strong>poterit</strong></span> <span class='ocrx_word' id='word_1_25' title='bbox 1961 706 2043 759; x_wconf 92' lang='lat' dir='ltr'><strong>in-</strong></span> 
     </span>
    </p>
   </div>
   <div class='ocr_carea' id='block_1_5' title="bbox 474 795 2042 874">
    <p class='ocr_par' dir='ltr' id='par_1_5' title="bbox 474 795 2042 874">
     <span class='ocr_line' id='line_1_5' title="bbox 474 795 2042 874; baseline -0.007 -14"><span class='ocrx_word' id='word_1_26' title='bbox 474 814 621 860; x_wconf 90' lang='lat' dir='ltr'><strong>trare</strong></span> <span class='ocrx_word' id='word_1_27' title='bbox 655 823 668 858; x_wconf 90' lang='lat'><strong>:</strong></span> <span class='ocrx_word' id='word_1_28' title='bbox 713 821 806 859; x_wconf 90' lang='lat' dir='ltr'><strong>seu</strong></span> <span class='ocrx_word' id='word_1_29' title='bbox 837 805 964 874; x_wconf 92' lang='lat' dir='ltr'><strong>quia</strong></span> <span class='ocrx_word' id='word_1_30' title='bbox 1010 803 1294 872; x_wconf 88' lang='lat' dir='ltr'><strong>utriusque</strong></span> <span class='ocrx_word' id='word_1_31' title='bbox 1319 799 1496 870; x_wconf 86' lang='lat' dir='ltr'><strong>populi</strong></span> <span class='ocrx_word' id='word_1_32' title='bbox 1527 798 1770 853; x_wconf 82' lang='lat' dir='ltr'><strong>fidelibus</strong></span> <span class='ocrx_word' id='word_1_33' title='bbox 1797 807 1853 851; x_wconf 85' lang='lat' dir='ltr'><strong>et</strong></span> <span class='ocrx_word' id='word_1_34' title='bbox 1873 795 2042 849; x_wconf 74' lang='lat' dir='ltr'><strong>Judzei</strong></span> 
     </span>
    </p>
   </div>
   <div class='ocr_carea' id='block_1_6' title="bbox 472 885 2044 965">
    <p class='ocr_par' dir='ltr' id='par_1_6' title="bbox 472 885 2044 965">
     <span class='ocr_line' id='line_1_6' title="bbox 472 885 2044 965; baseline -0.007 -16"><span class='ocrx_word' id='word_1_35' title='bbox 472 895 680 950; x_wconf 80' lang='lat' dir='ltr'><strong>scilicet</strong></span> <span class='ocrx_word' id='word_1_36' title='bbox 711 902 766 949; x_wconf 89' lang='lat' dir='ltr'><strong>et</strong></span> <span class='ocrx_word' id='word_1_37' title='bbox 797 893 1015 965; x_wconf 75' lang='lat' dir='ltr'><strong>gentilis</strong></span> <span class='ocrx_word' id='word_1_38' title='bbox 1046 892 1235 951; x_wconf 87' lang='lat' dir='ltr'><strong>eadem</strong></span> <span class='ocrx_word' id='word_1_39' title='bbox 1263 891 1384 944; x_wconf 65' lang='lat' dir='ltr'><strong>vitae</strong></span> <span class='ocrx_word' id='word_1_40' title='bbox 1413 889 1580 959; x_wconf 84' lang='lat' dir='ltr'><strong>jauua</strong></span> <span class='ocrx_word' id='word_1_41' title='bbox 1619 894 1909 941; x_wconf 89' lang='lat' dir='ltr'><strong>reseratur.</strong></span> <span class='ocrx_word' id='word_1_42' title='bbox 1946 885 2044 939; x_wconf 88' lang='lat' dir='ltr'><strong>Po-</strong></span> 
     </span>
    </p>
   </div>
   <div class='ocr_carea' id='block_1_7' title="bbox 474 977 2043 1056">
    <p class='ocr_par' dir='ltr' id='par_1_7' title="bbox 474 977 2043 1056">
     <span class='ocr_line' id='line_1_7' title="bbox 474 977 2043 1056; baseline -0.007 -15"><span class='ocrx_word' id='word_1_43' title='bbox 474 995 586 1042; x_wconf 81' lang='lat' dir='ltr'><strong>stes</strong></span> <span class='ocrx_word' id='word_1_44' title='bbox 625 986 831 1041; x_wconf 78' lang='lat' dir='ltr'><strong>habent</strong></span> <span class='ocrx_word' id='word_1_45' title='bbox 873 984 1191 1056; x_wconf 77' lang='lat' dir='ltr'><strong>angulorum</strong></span> <span class='ocrx_word' id='word_1_46' title='bbox 1239 983 1497 1053; x_wconf 89' lang='lat' dir='ltr'><strong>quinque,</strong></span> <span class='ocrx_word' id='word_1_47' title='bbox 1551 979 1677 1049; x_wconf 87' lang='lat' dir='ltr'><strong>quia</strong></span> <span class='ocrx_word' id='word_1_48' title='bbox 1719 993 1825 1033; x_wconf 92' lang='lat' dir='ltr'><strong>non</strong></span> <span class='ocrx_word' id='word_1_49' title='bbox 1870 977 2043 1030; x_wconf 91' lang='lat' dir='ltr'><strong>solum</strong></span> 
     </span>
    </p>
   </div>
   <div class='ocr_carea' id='block_1_8' title="bbox 475 1067 2044 1140">
    <p class='ocr_par' dir='ltr' id='par_1_8' title="bbox 475 1067 2044 1140">
     <span class='ocr_line' id='line_1_8' title="bbox 475 1067 2044 1140; baseline -0.006 -11"><span class='ocrx_word' id='word_1_50' title='bbox 475 1077 687 1131; x_wconf 84' lang='lat' dir='ltr'><strong>animas</strong></span> <span class='ocrx_word' id='word_1_51' title='bbox 716 1075 1012 1131; x_wconf 86' lang='lat' dir='ltr'><strong>electorum</strong></span> <span class='ocrx_word' id='word_1_52' title='bbox 1039 1073 1160 1128; x_wconf 89' lang='lat' dir='ltr'><strong>aula</strong></span> <span class='ocrx_word' id='word_1_53' title='bbox 1191 1073 1313 1128; x_wconf 64' lang='lat' dir='ltr'><strong>coeli</strong></span> <span class='ocrx_word' id='word_1_54' title='bbox 1360 1070 1567 1140; x_wconf 85' lang='lat' dir='ltr'><strong>recipit.</strong></span> <span class='ocrx_word' id='word_1_55' title='bbox 1599 1069 1692 1124; x_wconf 89' lang='lat' dir='ltr'><strong>sed</strong></span> <span class='ocrx_word' id='word_1_56' title='bbox 1721 1078 1774 1122; x_wconf 89' lang='lat' dir='ltr'><strong>et</strong></span> <span class='ocrx_word' id='word_1_57' title='bbox 1800 1067 2044 1136; x_wconf 80' lang='lat' dir='ltr'><strong>corpori-</strong></span> 
     </span>
    </p>
   </div>
   <div class='ocr_carea' id='block_1_9' title="bbox 479 1158 2048 1235">
    <p class='ocr_par' dir='ltr' id='par_1_9' title="bbox 479 1158 2048 1235">
     <span class='ocr_line' id='line_1_9' title="bbox 479 1158 2048 1235; baseline -0.006 -15"><span class='ocrx_word' id='word_1_58' title='bbox 479 1165 580 1220; x_wconf 82' lang='lat' dir='ltr'><strong>bus</strong></span> <span class='ocrx_word' id='word_1_59' title='bbox 615 1165 905 1220; x_wconf 83' lang='lat' dir='ltr'><strong>immortali</strong></span> <span class='ocrx_word' id='word_1_60' title='bbox 935 1163 1105 1235; x_wconf 82' lang='lat' dir='ltr'><strong>gloria</strong></span> <span class='ocrx_word' id='word_1_61' title='bbox 1133 1162 1374 1234; x_wconf 61' lang='lat' dir='ltr'><strong>praeditis</strong></span> <span class='ocrx_word' id='word_1_62' title='bbox 1413 1161 1466 1215; x_wconf 92' lang='lat' dir='ltr'><strong>in</strong></span> <span class='ocrx_word' id='word_1_63' title='bbox 1500 1159 1707 1231; x_wconf 88' lang='lat' dir='ltr'><strong>judicio</strong></span> <span class='ocrx_word' id='word_1_64' title='bbox 1745 1173 1871 1213; x_wconf 88' lang='lat' dir='ltr'><strong>suas</strong></span> <span class='ocrx_word' id='word_1_65' title='bbox 1905 1158 2048 1212; x_wconf 84' lang='lat' dir='ltr'><strong>fores</strong></span> 
     </span>
    </p>
   </div>
   <div class='ocr_carea' id='block_1_10' title="bbox 472 1247 2046 1328">
    <p class='ocr_par' dir='ltr' id='par_1_10' title="bbox 472 1247 2046 1328">
     <span class='ocr_line' id='line_1_10' title="bbox 472 1247 2046 1328; baseline -0.008 -17"><span class='ocrx_word' id='word_1_66' title='bbox 472 1257 666 1326; x_wconf 87' lang='lat' dir='ltr'><strong>aperit.</strong></span> <span class='ocrx_word' id='word_1_67' title='bbox 697 1252 964 1328; x_wconf 57' lang='lat' dir='ltr'><strong>(Hieron)</strong></span> <span class='ocrx_word' id='word_1_68' title='bbox 1013 1255 1071 1308; x_wconf 86' lang='lat' dir='ltr'><strong>In</strong></span> <span class='ocrx_word' id='word_1_69' title='bbox 1097 1253 1294 1323; x_wconf 87' lang='lat' dir='ltr'><strong>quibus</strong></span> <span class='ocrx_word' id='word_1_70' title='bbox 1323 1251 1479 1306; x_wconf 90' lang='lat' dir='ltr'><strong>ostiis</strong></span> <span class='ocrx_word' id='word_1_71' title='bbox 1508 1249 1693 1319; x_wconf 83' lang='lat' dir='ltr'><strong>templi</strong></span> <span class='ocrx_word' id='word_1_72' title='bbox 1726 1249 1840 1303; x_wconf 91' lang='lat' dir='ltr'><strong>sive</strong></span> <span class='ocrx_word' id='word_1_73' title='bbox 1873 1247 2046 1302; x_wconf 83' lang='lat' dir='ltr'><strong>sancti</strong></span> 
     </span>
    </p>
   </div>
   <div class='ocr_carea' id='block_1_11' title="bbox 473 1339 2048 1410">
    <p class='ocr_par' dir='ltr' id='par_1_11' title="bbox 473 1339 2048 1410">
     <span class='ocr_line' id='line_1_11' title="bbox 473 1339 2048 1410; baseline -0.007 -9"><span class='ocrx_word' id='word_1_74' title='bbox 473 1356 780 1401; x_wconf 78' lang='lat' dir='ltr'><strong>sanctorum</strong></span> <span class='ocrx_word' id='word_1_75' title='bbox 808 1345 993 1400; x_wconf 64' lang='lat' dir='ltr'><strong>celata</strong></span> <span class='ocrx_word' id='word_1_76' title='bbox 1037 1350 1193 1397; x_wconf 87' lang='lat' dir='ltr'><strong>erant</strong></span> <span class='ocrx_word' id='word_1_77' title='bbox 1234 1341 1518 1407; x_wconf 87' lang='lat' dir='ltr'><strong>cherubin,</strong></span> <span class='ocrx_word' id='word_1_78' title='bbox 1553 1340 1618 1395; x_wconf 91' lang='lat' dir='ltr'><strong>de</strong></span> <span class='ocrx_word' id='word_1_79' title='bbox 1643 1339 1838 1410; x_wconf 85' lang='lat' dir='ltr'><strong>quibus</strong></span> <span class='ocrx_word' id='word_1_80' title='bbox 1887 1351 2048 1406; x_wconf 85' lang='lat' dir='ltr'><strong>supra</strong></span> 
     </span>
    </p>
   </div>
   <div class='ocr_carea' id='block_1_12' title="bbox 474 1431 2049 1506">
    <p class='ocr_par' dir='ltr' id='par_1_12' title="bbox 474 1431 2049 1506">
     <span class='ocr_line' id='line_1_12' title="bbox 474 1431 2049 1506; baseline -0.005 -14"><span class='ocrx_word' id='word_1_81' title='bbox 474 1439 732 1501; x_wconf 82' lang='lat' dir='ltr'><strong>diximus,</strong></span> <span class='ocrx_word' id='word_1_82' title='bbox 761 1445 815 1491; x_wconf 90' lang='lat' dir='ltr'><strong>et</strong></span> <span class='ocrx_word' id='word_1_83' title='bbox 849 1436 1139 1506; x_wconf 74' lang='lat' dir='ltr'><strong>seuipturtn</strong></span> <span class='ocrx_word' id='word_1_84' title='bbox 1180 1433 1480 1505; x_wconf 88' lang='lat' dir='ltr'><strong>palmarum</strong></span> <span class='ocrx_word' id='word_1_85' title='bbox 1512 1450 1527 1485; x_wconf 88' lang='lat'><strong>:</strong></span> <span class='ocrx_word' id='word_1_86' title='bbox 1559 1442 1618 1486; x_wconf 89' lang='lat' dir='ltr'><strong>ut</strong></span> <span class='ocrx_word' id='word_1_87' title='bbox 1644 1441 1764 1502; x_wconf 89' lang='lat' dir='ltr'><strong>post</strong></span> <span class='ocrx_word' id='word_1_88' title='bbox 1810 1431 2049 1486; x_wconf 67' lang='lat' dir='ltr'><strong>scientia:</strong></span> 
     </span>
    </p>
   </div>
   <div class='ocr_carea' id='block_1_13' title="bbox 475 1520 2051 1593">
    <p class='ocr_par' dir='ltr' id='par_1_13' title="bbox 475 1520 2051 1593">
     <span class='ocr_line' id='line_1_13' title="bbox 475 1520 2051 1593; baseline -0.005 -10"><span class='ocrx_word' id='word_1_89' title='bbox 475 1528 872 1583; x_wconf 77' lang='lat' dir='ltr'><strong>multitudinem</strong></span> <span class='ocrx_word' id='word_1_90' title='bbox 923 1527 1152 1582; x_wconf 86' lang='lat' dir='ltr'><strong>victoria</strong></span> <span class='ocrx_word' id='word_1_91' title='bbox 1203 1525 1530 1580; x_wconf 79' lang='lat' dir='ltr'><strong>intrantibus</strong></span> <span class='ocrx_word' id='word_1_92' title='bbox 1572 1523 1862 1593; x_wconf 65' lang='lat' dir='ltr'><strong>praebetur.</strong></span> <span class='ocrx_word' id='word_1_93' title='bbox 1921 1520 2051 1588; x_wconf 70' lang='grc' dir='ltr'><strong>ρυω</strong></span> 
     </span>
    </p>
   </div>
   <div class='ocr_carea' id='block_1_14' title="bbox 474 1609 2050 1688">
    <p class='ocr_par' dir='ltr' id='par_1_14' title="bbox 474 1609 2050 1688">
     <span class='ocr_line' id='line_1_14' title="bbox 474 1609 2050 1688; baseline -0.004 -17"><span class='ocrx_word' id='word_1_94' title='bbox 474 1617 748 1688; x_wconf 71' lang='grc' dir='ltr'><strong>εουιριατει</strong></span> <span class='ocrx_word' id='word_1_95' title='bbox 787 1616 1084 1686; x_wconf 88' lang='lat' dir='ltr'><strong>palmarum</strong></span> <span class='ocrx_word' id='word_1_96' title='bbox 1126 1615 1179 1668; x_wconf 86' lang='lat' dir='ltr'><strong>in</strong></span> <span class='ocrx_word' id='word_1_97' title='bbox 1219 1614 1468 1668; x_wconf 88' lang='lat' dir='ltr'><strong>omnibus</strong></span> <span class='ocrx_word' id='word_1_98' title='bbox 1504 1627 1720 1681; x_wconf 90' lang='lat' dir='ltr'><strong>quoque</strong></span> <span class='ocrx_word' id='word_1_99' title='bbox 1757 1610 1901 1681; x_wconf 86' lang='lat' dir='ltr'><strong>parie</strong></span> <span class='ocrx_word' id='word_1_100' title='bbox 1932 1609 2050 1664; x_wconf 87' lang='lat' dir='ltr'><strong>ibus</strong></span> 
     </span>
    </p>
   </div>
   <div class='ocr_carea' id='block_1_15' title="bbox 475 1700 2053 1779">
    <p class='ocr_par' dir='ltr' id='par_1_15' title="bbox 475 1700 2053 1779">
     <span class='ocr_line' id='line_1_15' title="bbox 475 1700 2053 1779; baseline -0.007 -14"><span class='ocrx_word' id='word_1_101' title='bbox 475 1709 658 1779; x_wconf 77' lang='lat' dir='ltr'><strong>templi</strong></span> <span class='ocrx_word' id='word_1_102' title='bbox 682 1715 821 1764; x_wconf 91' lang='lat' dir='ltr'><strong>erat.</strong></span> <span class='ocrx_word' id='word_1_103' title='bbox 850 1707 1151 1775; x_wconf 81' lang='lat' dir='ltr'><strong>Redditque</strong></span> <span class='ocrx_word' id='word_1_104' title='bbox 1187 1721 1380 1760; x_wconf 81' lang='lat' dir='ltr'><strong>causas</strong></span> <span class='ocrx_word' id='word_1_105' title='bbox 1414 1718 1579 1774; x_wconf 87' lang='lat' dir='ltr'><strong>quare</strong></span> <span class='ocrx_word' id='word_1_106' title='bbox 1621 1702 1806 1757; x_wconf 81' lang='lat' dir='ltr'><strong>caelata</strong></span> <span class='ocrx_word' id='word_1_107' title='bbox 1851 1700 2053 1755; x_wconf 80' lang='lat' dir='ltr'><strong>fuerint</strong></span> 
     </span>
    </p>
   </div>
   <div class='ocr_carea' id='block_1_16' title="bbox 478 1791 2053 1867">
    <p class='ocr_par' dir='ltr' id='par_1_16' title="bbox 478 1791 2053 1867">
     <span class='ocr_line' id='line_1_16' title="bbox 478 1791 2053 1867; baseline -0.005 -15"><span class='ocrx_word' id='word_1_108' title='bbox 478 1800 530 1853; x_wconf 91' lang='lat' dir='ltr'><strong>in</strong></span> <span class='ocrx_word' id='word_1_109' title='bbox 563 1798 690 1867; x_wconf 85' lang='lat' dir='ltr'><strong>ipsis</strong></span> <span class='ocrx_word' id='word_1_110' title='bbox 722 1795 877 1852; x_wconf 87' lang='lat' dir='ltr'><strong>ostiis</strong></span> <span class='ocrx_word' id='word_1_111' title='bbox 918 1795 1199 1860; x_wconf 90' lang='lat' dir='ltr'><strong>cherubin,</strong></span> <span class='ocrx_word' id='word_1_112' title='bbox 1229 1804 1285 1849; x_wconf 90' lang='lat' dir='ltr'><strong>et</strong></span> <span class='ocrx_word' id='word_1_113' title='bbox 1326 1794 1627 1864; x_wconf 88' lang='lat' dir='ltr'><strong>palmarum</strong></span> <span class='ocrx_word' id='word_1_114' title='bbox 1676 1805 1946 1862; x_wconf 73' lang='lat' dir='ltr'><strong>expressm</strong></span> <span class='ocrx_word' id='word_1_115' title='bbox 1980 1791 2053 1845; x_wconf 89' lang='lat' dir='ltr'><strong>si-</strong></span> 
     </span>
    </p>
   </div>
   <div class='ocr_carea' id='block_1_17' title="bbox 1107 404 3057 476">
    <p class='ocr_par' dir='ltr' id='par_1_17' title="bbox 1107 404 3057 476">
     <span class='ocr_line' id='line_1_17' title="bbox 1107 404 3057 476; baseline -0.01 1"><span class='ocrx_word' id='word_1_116' title='bbox 1107 421 1167 476; x_wconf 87' lang='lat' dir='ltr'><strong>B.</strong></span> <span class='ocrx_word' id='word_1_117' title='bbox 1207 417 1457 476; x_wconf 66' lang='lat' dir='ltr'><strong>RABANI</strong></span> <span class='ocrx_word' id='word_1_118' title='bbox 1493 416 1708 473; x_wconf 74' lang='lat' dir='ltr'><strong>MAURI</strong></span> <span class='ocrx_word' id='word_1_119' title='bbox 1748 412 2065 470; x_wconf 61' lang='lat' dir='ltr'><strong>AIKCIIiEP.</strong></span> <span class='ocrx_word' id='word_1_120' title='bbox 2110 408 2420 466; x_wconf 77' lang='lat' dir='ltr'><strong>MOGUNT.</strong></span> <span class='ocrx_word' id='word_1_121' title='bbox 2456 405 2738 464; x_wconf 74' lang='lat' dir='ltr'><strong>OPERUM</strong></span> <span class='ocrx_word' id='word_1_122' title='bbox 2776 404 2956 460; x_wconf 71' lang='lat' dir='ltr'><strong>PARS</strong></span> <span class='ocrx_word' id='word_1_123' title='bbox 2995 404 3057 458; x_wconf 93' lang='lat' dir='ltr'><strong>Il.</strong></span> 
     </span>
    </p>
   </div>
   <div class='ocr_carea' id='block_1_18' title="bbox 3631 394 3748 453">
    <p class='ocr_par' dir='ltr' id='par_1_18' title="bbox 3631 394 3748 453">
     <span class='ocr_line' id='line_1_18' title="bbox 3631 394 3748 453; baseline 0 -1"><span class='ocrx_word' id='word_1_124' title='bbox 3631 394 3748 453; x_wconf 83' lang='lat'><strong>980</strong></span> 
     </span>
    </p>
   </div>
   <div class='ocr_carea' id='block_1_19' title="bbox 2728 515 3152 574">
    <p class='ocr_par' dir='ltr' id='par_1_19' title="bbox 2728 515 3152 574">
     <span class='ocr_line' id='line_1_19' title="bbox 2728 515 3152 574; baseline -0.014 0"><span class='ocrx_word' id='word_1_125' title='bbox 2728 516 2955 574; x_wconf 65' lang='lat' dir='ltr'>CAPUT</span> <span class='ocrx_word' id='word_1_126' title='bbox 2993 515 3152 570; x_wconf 69' lang='lat' dir='ltr'><strong>XLII.</strong></span> 
     </span>
    </p>
   </div>
   <div class='ocr_carea' id='block_1_20' title="bbox 2263 645 3749 721">
    <p class='ocr_par' dir='ltr' id='par_1_20' title="bbox 2263 645 3749 721">
     <span class='ocr_line' id='line_1_20' title="bbox 2263 645 3749 721; baseline -0.001 -17"><span class='ocrx_word' id='word_1_127' title='bbox 2263 650 2650 721; x_wconf 69' lang='lat' dir='ltr'><strong>gamphylaczis</strong></span> <span class='ocrx_word' id='word_1_128' title='bbox 2685 649 2932 721; x_wconf 71' lang='lat' dir='ltr'><strong>australis</strong></span> <span class='ocrx_word' id='word_1_129' title='bbox 2967 658 3012 721; x_wconf 73' lang='lat' dir='ltr'><strong>et</strong></span> <span class='ocrx_word' id='word_1_130' title='bbox 3051 647 3375 721; x_wconf 59' lang='lat' dir='ltr'><strong>aquilonum}</strong></span> <span class='ocrx_word' id='word_1_131' title='bbox 3409 645 3749 721; x_wconf 56' lang='lat' dir='ltr'><strong>qdiﬁcii,_a</strong></span> 
     </span>
    </p>
   </div>
   <div class='ocr_carea' id='block_1_21' title="bbox 2214 715 3747 789">
    <p class='ocr_par' dir='ltr' id='par_1_21' title="bbox 2214 715 3747 789">
     <span class='ocr_line' id='line_1_21' title="bbox 2214 715 3747 789; baseline -0.004 -16"><span class='ocrx_word' id='word_1_132' title='bbox 2214 715 2489 789; x_wconf 62' lang='lat' dir='ltr'><strong>descriptio</strong></span> <span class='ocrx_word' id='word_1_133' title='bbox 2585 737 2762 772; x_wconf 82' lang='lat' dir='ltr'><strong>eorum</strong></span> <span class='ocrx_word' id='word_1_134' title='bbox 2791 715 3135 787; x_wconf 74' lang='lat' dir='ltr'><strong>a&#39;diﬁcioruin</strong></span> <span class='ocrx_word' id='word_1_135' title='bbox 3177 731 3196 769; x_wconf 89' lang='lat'><strong><em>:</em></strong></span> <span class='ocrx_word' id='word_1_136' title='bbox 3236 717 3300 789; x_wconf 68' lang='lat' dir='ltr'><strong>de</strong></span> <span class='ocrx_word' id='word_1_137' title='bbox 3335 716 3470 789; x_wconf 63' lang='lat' dir='ltr'><strong>locis</strong></span> <span class='ocrx_word' id='word_1_138' title='bbox 3492 716 3582 768; x_wconf 79' lang='lat' dir='ltr'><strong>ubi</strong></span> <span class='ocrx_word' id='word_1_139' title='bbox 3608 715 3747 789; x_wconf 42' lang='lat' dir='ltr'><strong>edet</strong></span> 
     </span>
    </p>
   </div>
   <div class='ocr_carea' id='block_1_22' title="bbox 2215 783 3749 858">
    <p class='ocr_par' dir='ltr' id='par_1_22' title="bbox 2215 783 3749 858">
     <span class='ocr_line' id='line_1_22' title="bbox 2215 783 3749 858; baseline -0.003 -16"><span class='ocrx_word' id='word_1_140' title='bbox 2215 790 2336 844; x_wconf 84' lang='lat' dir='ltr'><strong>bant</strong></span> <span class='ocrx_word' id='word_1_141' title='bbox 2374 783 2687 852; x_wconf 67' lang='lat' dir='ltr'><strong>sacerdotes,</strong></span> <span class='ocrx_word' id='word_1_142' title='bbox 2716 789 2806 858; x_wconf 84' lang='lat' dir='ltr'><strong>qni</strong></span> <span class='ocrx_word' id='word_1_143' title='bbox 2845 783 2948 841; x_wconf 84' lang='lat' dir='ltr'><strong>non</strong></span> <span class='ocrx_word' id='word_1_144' title='bbox 2977 796 3163 842; x_wconf 69' lang='lat' dir='ltr'><strong>exeant</strong></span> <span class='ocrx_word' id='word_1_145' title='bbox 3204 785 3274 858; x_wconf 79' lang='lat' dir='ltr'><strong>od</strong></span> <span class='ocrx_word' id='word_1_146' title='bbox 3309 785 3596 856; x_wconf 78' lang='lat' dir='ltr'><strong>populum,</strong></span> <span class='ocrx_word' id='word_1_147' title='bbox 3638 783 3749 838; x_wconf 73' lang='lat' dir='ltr'><strong>nisi</strong></span> 
     </span>
    </p>
   </div>
   <div class='ocr_carea' id='block_1_23' title="bbox 2215 855 3373 930">
    <p class='ocr_par' dir='ltr' id='par_1_23' title="bbox 2215 855 3373 930">
     <span class='ocr_line' id='line_1_23' title="bbox 2215 855 3373 930; baseline -0.003 -18"><span class='ocrx_word' id='word_1_148' title='bbox 2215 859 2461 930; x_wconf 74' lang='lat' dir='ltr'><strong>depositis</strong></span> <span class='ocrx_word' id='word_1_149' title='bbox 2489 855 2803 913; x_wconf 72' lang='lat' dir='ltr'><strong>vestimentis</strong></span> <span class='ocrx_word' id='word_1_150' title='bbox 2832 859 3109 911; x_wconf 75' lang='lat' dir='ltr'><strong>ministerii</strong></span> <span class='ocrx_word' id='word_1_151' title='bbox 3136 855 3242 922; x_wconf 77' lang='lat' dir='ltr'><strong>sui,</strong></span> <span class='ocrx_word' id='word_1_152' title='bbox 3269 855 3373 911; x_wconf 91' lang='lat' dir='ltr'><strong>etc.</strong></span> 
     </span>
    </p>
   </div>
   <div class='ocr_carea' id='block_1_24' title="bbox 2223 987 3754 1060">
    <p class='ocr_par' dir='ltr' id='par_1_24' title="bbox 2223 987 3754 1060">
     <span class='ocr_line' id='line_1_24' title="bbox 2223 987 3754 1060; baseline -0.003 -15"><span class='ocrx_word' id='word_1_153' title='bbox 2223 1012 2243 1045; x_wconf 72' lang='grc' dir='ltr'>ι</span> <span class='ocrx_word' id='word_1_154' title='bbox 2281 993 2346 1047; x_wconf 86' lang='lat' dir='ltr'><strong>Et</strong></span> <span class='ocrx_word' id='word_1_155' title='bbox 2368 992 2554 1048; x_wconf 84' lang='lat' dir='ltr'><strong>eduxit</strong></span> <span class='ocrx_word' id='word_1_156' title='bbox 2581 1007 2664 1047; x_wconf 90' lang='lat' dir='ltr'><strong>me</strong></span> <span class='ocrx_word' id='word_1_157' title='bbox 2689 993 2741 1046; x_wconf 91' lang='lat' dir='ltr'><strong>in</strong></span> <span class='ocrx_word' id='word_1_158' title='bbox 2770 990 2967 1045; x_wconf 86' lang='lat' dir='ltr'><strong>atrium</strong></span> <span class='ocrx_word' id='word_1_159' title='bbox 2997 993 3348 1060; x_wconf 81' lang='lat' dir='ltr'><strong>exteriusper</strong></span> <span class='ocrx_word' id='word_1_160' title='bbox 3368 988 3513 1043; x_wconf 86' lang='lat' dir='ltr'><strong>viam</strong></span> <span class='ocrx_word' id='word_1_161' title='bbox 3545 987 3754 1042; x_wconf 81' lang='lat' dir='ltr'><strong>ducen-</strong></span> 
     </span>
    </p>
   </div>
   <div class='ocr_carea' id='block_1_25' title="bbox 2153 1074 3754 1153">
    <p class='ocr_par' dir='ltr' id='par_1_25' title="bbox 2153 1074 3754 1153">
     <span class='ocr_line' id='line_1_25' title="bbox 2153 1074 3754 1153; baseline -0.005 -18"><span class='ocrx_word' id='word_1_162' title='bbox 2153 1102 2174 1135; x_wconf 76' lang='grc' dir='ltr'><em>ι</em></span> <span class='ocrx_word' id='word_1_163' title='bbox 2212 1093 2316 1140; x_wconf 90' lang='lat' dir='ltr'><strong>tem</strong></span> <span class='ocrx_word' id='word_1_164' title='bbox 2357 1085 2424 1139; x_wconf 90' lang='lat' dir='ltr'><strong>ad</strong></span> <span class='ocrx_word' id='word_1_165' title='bbox 2458 1083 2783 1153; x_wconf 85' lang='lat' dir='ltr'><strong>aquilonem,</strong></span> <span class='ocrx_word' id='word_1_166' title='bbox 2811 1090 2866 1136; x_wconf 92' lang='lat' dir='ltr'><strong>et</strong></span> <span class='ocrx_word' id='word_1_167' title='bbox 2889 1079 3186 1135; x_wconf 70' lang='lat' dir='ltr'><strong>introduxit</strong></span> <span class='ocrx_word' id='word_1_168' title='bbox 3212 1093 3299 1133; x_wconf 92' lang='lat' dir='ltr'><strong>me</strong></span> <span class='ocrx_word' id='word_1_169' title='bbox 3339 1078 3394 1132; x_wconf 91' lang='lat' dir='ltr'><strong>in</strong></span> <span class='ocrx_word' id='word_1_170' title='bbox 3421 1074 3754 1148; x_wconf 82' lang='lat' dir='ltr'><strong>gazophyla-</strong></span> 
     </span>
    </p>
   </div>
   <div class='ocr_carea' id='block_1_26' title="bbox 2153 1167 3754 1247">
    <p class='ocr_par' dir='ltr' id='par_1_26' title="bbox 2153 1167 3754 1247">
     <span class='ocr_line' id='line_1_26' title="bbox 2153 1167 3754 1247; baseline -0.007 -16"><span class='ocrx_word' id='word_1_171' title='bbox 2153 1195 2173 1231; x_wconf 77' lang='grc' dir='ltr'>ι</span> <span class='ocrx_word' id='word_1_172' title='bbox 2209 1178 2373 1241; x_wconf 89' lang='lat' dir='ltr'><strong>cium,</strong></span> <span class='ocrx_word' id='word_1_173' title='bbox 2422 1177 2564 1247; x_wconf 87' lang='lat' dir='ltr'><strong>quod</strong></span> <span class='ocrx_word' id='word_1_174' title='bbox 2606 1183 2725 1230; x_wconf 91' lang='lat' dir='ltr'><strong>erat</strong></span> <span class='ocrx_word' id='word_1_175' title='bbox 2764 1183 2955 1228; x_wconf 88' lang='lat' dir='ltr'><strong>contra</strong></span> <span class='ocrx_word' id='word_1_176' title='bbox 3006 1179 3314 1242; x_wconf 89' lang='lat' dir='ltr'><strong>separatum</strong></span> <span class='ocrx_word' id='word_1_177' title='bbox 3359 1167 3654 1224; x_wconf 66' lang='lat' dir='ltr'><strong>aedilicium</strong></span> <span class='ocrx_word' id='word_1_178' title='bbox 3694 1174 3754 1220; x_wconf 86' lang='lat' dir='ltr'><strong>et</strong></span> 
     </span>
    </p>
   </div>
   <div class='ocr_carea' id='block_1_27' title="bbox 2155 1256 3751 1335">
    <p class='ocr_par' dir='ltr' id='par_1_27' title="bbox 2155 1256 3751 1335">
     <span class='ocr_line' id='line_1_27' title="bbox 2155 1256 3751 1335; baseline -0.006 -15"><span class='ocrx_word' id='word_1_179' title='bbox 2155 1287 2174 1320; x_wconf 77' lang='grc' dir='ltr'>ι</span> <span class='ocrx_word' id='word_1_180' title='bbox 2210 1276 2400 1325; x_wconf 84' lang='lat' dir='ltr'><strong>contra</strong></span> <span class='ocrx_word' id='word_1_181' title='bbox 2435 1267 2603 1322; x_wconf 66' lang='lat' dir='ltr'><strong>aedem</strong></span> <span class='ocrx_word' id='word_1_182' title='bbox 2645 1271 2954 1335; x_wconf 81' lang='lat' dir='ltr'><strong>vergentem</strong></span> <span class='ocrx_word' id='word_1_183' title='bbox 3000 1262 3068 1316; x_wconf 89' lang='lat' dir='ltr'><strong>ad</strong></span> <span class='ocrx_word' id='word_1_184' title='bbox 3113 1260 3450 1330; x_wconf 85' lang='lat' dir='ltr'><strong>aquilonem,</strong></span> <span class='ocrx_word' id='word_1_185' title='bbox 3497 1257 3556 1312; x_wconf 89' lang='lat' dir='ltr'><strong>in</strong></span> <span class='ocrx_word' id='word_1_186' title='bbox 3603 1256 3751 1310; x_wconf 82' lang='lat' dir='ltr'><strong>facie</strong></span> 
     </span>
    </p>
   </div>
   <div class='ocr_carea' id='block_1_28' title="bbox 2159 1341 3754 1429">
    <p class='ocr_par' dir='ltr' id='par_1_28' title="bbox 2159 1341 3754 1429">
     <span class='ocr_line' id='line_1_28' title="bbox 2159 1341 3754 1429; baseline -0.008 -18"><span class='ocrx_word' id='word_1_187' title='bbox 2159 1377 2178 1411; x_wconf 75' lang='grc' dir='ltr'>ι</span> <span class='ocrx_word' id='word_1_188' title='bbox 2214 1357 2562 1429; x_wconf 76' lang='lat' dir='ltr'><strong>longitudinis</strong></span> <span class='ocrx_word' id='word_1_189' title='bbox 2592 1341 2808 1409; x_wconf 90' lang='lat' dir='ltr'><strong>centum</strong></span> <span class='ocrx_word' id='word_1_190' title='bbox 2836 1351 3214 1419; x_wconf 88' lang='lat' dir='ltr'><strong>cubitos,ostii</strong></span> <span class='ocrx_word' id='word_1_191' title='bbox 3245 1347 3513 1419; x_wconf 83' lang='lat' dir='ltr'><strong>aquilonis</strong></span> <span class='ocrx_word' id='word_1_192' title='bbox 3544 1355 3598 1402; x_wconf 91' lang='lat' dir='ltr'><strong>et</strong></span> <span class='ocrx_word' id='word_1_193' title='bbox 3624 1344 3754 1399; x_wconf 82' lang='lat' dir='ltr'><strong>lati-</strong></span> 
     </span>
    </p>
   </div>
   <div class='ocr_carea' id='block_1_29' title="bbox 2155 1435 3752 1514">
    <p class='ocr_par' dir='ltr' id='par_1_29' title="bbox 2155 1435 3752 1514">
     <span class='ocr_line' id='line_1_29' title="bbox 2155 1435 3752 1514; baseline -0.008 -12"><span class='ocrx_word' id='word_1_194' title='bbox 2155 1469 2173 1502; x_wconf 74' lang='grc' dir='ltr'><strong><em>ι</em></strong></span> <span class='ocrx_word' id='word_1_195' title='bbox 2212 1447 2412 1504; x_wconf 89' lang='lat' dir='ltr'><strong>tudinis</strong></span> <span class='ocrx_word' id='word_1_196' title='bbox 2436 1443 2824 1514; x_wconf 78' lang='lat' dir='ltr'><strong>quinquaginta</strong></span> <span class='ocrx_word' id='word_1_197' title='bbox 2854 1442 3065 1496; x_wconf 89' lang='lat' dir='ltr'><strong>cnbitos</strong></span> <span class='ocrx_word' id='word_1_198' title='bbox 3089 1447 3280 1494; x_wconf 89' lang='lat' dir='ltr'><strong>contra</strong></span> <span class='ocrx_word' id='word_1_199' title='bbox 3308 1435 3499 1509; x_wconf 75' lang='lat' dir='ltr'><strong>viginti</strong></span> <span class='ocrx_word' id='word_1_200' title='bbox 3527 1435 3752 1490; x_wconf 80' lang='lat' dir='ltr'><strong>cubitus</strong></span> 
     </span>
    </p>
   </div>
   <div class='ocr_carea' id='block_1_30' title="bbox 2158 1524 3758 1598">
    <p class='ocr_par' dir='ltr' id='par_1_30' title="bbox 2158 1524 3758 1598">
     <span class='ocr_line' id='line_1_30' title="bbox 2158 1524 3758 1598; baseline -0.008 -10"><span class='ocrx_word' id='word_1_201' title='bbox 2158 1555 2177 1588; x_wconf 72' lang='grc' dir='ltr'><em>α</em></span> <span class='ocrx_word' id='word_1_202' title='bbox 2215 1536 2336 1590; x_wconf 87' lang='lat' dir='ltr'><strong>atrii</strong></span> <span class='ocrx_word' id='word_1_203' title='bbox 2374 1533 2668 1598; x_wconf 89' lang='lat' dir='ltr'><strong>interioris,</strong></span> <span class='ocrx_word' id='word_1_204' title='bbox 2700 1541 2755 1587; x_wconf 93' lang='lat' dir='ltr'><strong>et</strong></span> <span class='ocrx_word' id='word_1_205' title='bbox 2782 1537 2971 1586; x_wconf 90' lang='lat' dir='ltr'><strong>contra</strong></span> <span class='ocrx_word' id='word_1_206' title='bbox 3003 1529 3371 1598; x_wconf 85' lang='lat' dir='ltr'><strong>pavimentum</strong></span> <span class='ocrx_word' id='word_1_207' title='bbox 3401 1533 3638 1580; x_wconf 88' lang='lat' dir='ltr'><strong>stratum</strong></span> <span class='ocrx_word' id='word_1_208' title='bbox 3678 1524 3758 1576; x_wconf 89' lang='lat' dir='ltr'><strong>1a-</strong></span> 
     </span>
    </p>
   </div>
   <div class='ocr_carea' id='block_1_31' title="bbox 2158 1613 3755 1697">
    <p class='ocr_par' dir='ltr' id='par_1_31' title="bbox 2158 1613 3755 1697">
     <span class='ocr_line' id='line_1_31' title="bbox 2158 1613 3755 1697; baseline -0.007 -21"><span class='ocrx_word' id='word_1_209' title='bbox 2158 1646 2175 1676; x_wconf 74' lang='grc' dir='ltr'>σ</span> <span class='ocrx_word' id='word_1_210' title='bbox 2213 1624 2334 1697; x_wconf 91' lang='lat' dir='ltr'><strong>pide</strong></span> <span class='ocrx_word' id='word_1_211' title='bbox 2373 1623 2496 1677; x_wconf 87' lang='lat' dir='ltr'><strong>atrii</strong></span> <span class='ocrx_word' id='word_1_212' title='bbox 2523 1620 2835 1684; x_wconf 82' lang='lat' dir='ltr'><strong>exterioris,</strong></span> <span class='ocrx_word' id='word_1_213' title='bbox 2874 1619 2963 1673; x_wconf 89' lang='lat' dir='ltr'><strong>ubi</strong></span> <span class='ocrx_word' id='word_1_214' title='bbox 2994 1625 3110 1672; x_wconf 90' lang='lat' dir='ltr'><strong>erat</strong></span> <span class='ocrx_word' id='word_1_215' title='bbox 3137 1616 3377 1686; x_wconf 90' lang='lat' dir='ltr'><strong>porticus</strong></span> <span class='ocrx_word' id='word_1_216' title='bbox 3399 1613 3589 1683; x_wconf 85' lang='lat' dir='ltr'><strong>juncta</strong></span> <span class='ocrx_word' id='word_1_217' title='bbox 3623 1627 3755 1682; x_wconf 90' lang='lat' dir='ltr'><strong>por-</strong></span> 
     </span>
    </p>
   </div>
   <div class='ocr_carea' id='block_1_32' title="bbox 2158 1703 3757 1784">
    <p class='ocr_par' dir='ltr' id='par_1_32' title="bbox 2158 1703 3757 1784">
     <span class='ocr_line' id='line_1_32' title="bbox 2158 1703 3757 1784; baseline -0.007 -17"><span class='ocrx_word' id='word_1_218' title='bbox 2158 1736 2175 1767; x_wconf 74' lang='lat' dir='ltr'><strong>t</strong></span> <span class='ocrx_word' id='word_1_219' title='bbox 2213 1713 2342 1770; x_wconf 90' lang='lat' dir='ltr'><strong>ticui</strong></span> <span class='ocrx_word' id='word_1_220' title='bbox 2369 1713 2587 1784; x_wconf 89' lang='lat' dir='ltr'><strong>triplici.</strong></span> <span class='ocrx_word' id='word_1_221' title='bbox 2610 1711 2677 1766; x_wconf 83' lang='lat' dir='ltr'><strong>Et</strong></span> <span class='ocrx_word' id='word_1_222' title='bbox 2704 1718 2827 1764; x_wconf 90' lang='lat' dir='ltr'><strong>ante</strong></span> <span class='ocrx_word' id='word_1_223' title='bbox 2853 1706 3236 1780; x_wconf 84' lang='lat' dir='ltr'><strong>gazophylacia</strong></span> <span class='ocrx_word' id='word_1_224' title='bbox 3255 1703 3627 1759; x_wconf 87' lang='lat' dir='ltr'><strong>deambulatio</strong></span> <span class='ocrx_word' id='word_1_225' title='bbox 3656 1703 3757 1757; x_wconf 88' lang='lat' dir='ltr'><strong>de-</strong></span> 
     </span>
    </p>
   </div>
   <div class='ocr_carea' id='block_1_33' title="bbox 2159 1793 3752 1863">
    <p class='ocr_par' dir='ltr' id='par_1_33' title="bbox 2159 1793 3752 1863">
     <span class='ocr_line' id='line_1_33' title="bbox 2159 1793 3752 1863; baseline -0.004 -8"><span class='ocrx_word' id='word_1_226' title='bbox 2159 1824 2176 1855; x_wconf 87' lang='grc'><strong><em>‹</em></strong></span> <span class='ocrx_word' id='word_1_227' title='bbox 2211 1818 2328 1858; x_wconf 91' lang='lat' dir='ltr'><strong>cem</strong></span> <span class='ocrx_word' id='word_1_228' title='bbox 2367 1802 2673 1858; x_wconf 82' lang='lat' dir='ltr'><strong>cubitorum</strong></span> <span class='ocrx_word' id='word_1_229' title='bbox 2715 1797 3018 1853; x_wconf 84' lang='lat' dir='ltr'><strong>latitudinis</strong></span> <span class='ocrx_word' id='word_1_230' title='bbox 3052 1795 3120 1850; x_wconf 90' lang='lat' dir='ltr'><strong>ad</strong></span> <span class='ocrx_word' id='word_1_231' title='bbox 3152 1794 3412 1849; x_wconf 86' lang='lat' dir='ltr'><strong>interiora</strong></span> <span class='ocrx_word' id='word_1_232' title='bbox 3443 1793 3752 1863; x_wconf 73' lang='lat' dir='ltr'><strong>respiciens</strong></span> 
     </span>
    </p>
   </div>
   <div class='ocr_carea' id='block_1_34' title="bbox 475 1883 3752 1958">
    <p class='ocr_par' dir='ltr' id='par_1_34' title="bbox 475 1883 3752 1958">
     <span class='ocr_line' id='line_1_34' title="bbox 475 1883 3752 1958; baseline -0.004 -15"><span class='ocrx_word' id='word_1_233' title='bbox 475 1887 828 1951; x_wconf 85' lang='lat' dir='ltr'><strong>militudines,</strong></span> <span class='ocrx_word' id='word_1_234' title='bbox 857 1887 997 1943; x_wconf 91' lang='lat' dir='ltr'><strong>unde</strong></span> <span class='ocrx_word' id='word_1_235' title='bbox 1035 1895 1087 1942; x_wconf 88' lang='lat' dir='ltr'><strong>et</strong></span> <span class='ocrx_word' id='word_1_236' title='bbox 1113 1886 1381 1957; x_wconf 87' lang='lat' dir='ltr'><strong>grossiora</strong></span> <span class='ocrx_word' id='word_1_237' title='bbox 1409 1892 1565 1940; x_wconf 91' lang='lat' dir='ltr'><strong>erant</strong></span> <span class='ocrx_word' id='word_1_238' title='bbox 1604 1884 1747 1951; x_wconf 75' lang='lat' dir='ltr'><strong>ligna</strong></span> <span class='ocrx_word' id='word_1_239' title='bbox 1787 1883 1838 1937; x_wconf 94' lang='lat' dir='ltr'><strong>in</strong></span> <span class='ocrx_word' id='word_1_240' title='bbox 1881 1883 2044 1937; x_wconf 86' lang='lat' dir='ltr'><strong>vesti-</strong></span> <span class='ocrx_word' id='word_1_241' title='bbox 2079 1901 2118 1958; x_wconf 79' lang='grc' dir='ltr'>Β</span> <span class='ocrx_word' id='word_1_242' title='bbox 2154 1915 2170 1946; x_wconf 68' lang='grc' dir='ltr'>ι</span> <span class='ocrx_word' id='word_1_243' title='bbox 2208 1896 2306 1948; x_wconf 55' lang='lat' dir='ltr'><strong>me</strong></span> <span class='ocrx_word' id='word_1_244' title='bbox 2356 1893 2522 1948; x_wconf 55' lang='lat' dir='ltr'><strong>cubiti</strong></span> <span class='ocrx_word' id='word_1_245' title='bbox 2584 1892 2758 1945; x_wconf 69' lang='lat' dir='ltr'><strong>unius,</strong></span> <span class='ocrx_word' id='word_1_246' title='bbox 2824 1890 2891 1945; x_wconf 76' lang='grc' dir='ltr'><strong>Ει</strong></span> <span class='ocrx_word' id='word_1_247' title='bbox 2948 1888 3086 1944; x_wconf 59' lang='lat' dir='ltr'><strong>ostia</strong></span> <span class='ocrx_word' id='word_1_248' title='bbox 3143 1902 3332 1943; x_wconf 70' lang='lat' dir='ltr'><strong>eorum</strong></span> <span class='ocrx_word' id='word_1_249' title='bbox 3395 1886 3464 1940; x_wconf 72' lang='lat' dir='ltr'><strong>ad</strong></span> <span class='ocrx_word' id='word_1_250' title='bbox 3540 1885 3752 1954; x_wconf 68' lang='lat' dir='ltr'><strong>aquilo.</strong></span> 
     </span>
    </p>
   </div>
   <div class='ocr_carea' id='block_1_35' title="bbox 474 1973 2050 2048">
    <p class='ocr_par' dir='ltr' id='par_1_35' title="bbox 474 1973 2050 2048">
     <span class='ocr_line' id='line_1_35' title="bbox 474 1973 2050 2048; baseline -0.002 -16"><span class='ocrx_word' id='word_1_251' title='bbox 474 1979 599 2033; x_wconf 84' lang='lat' dir='ltr'><strong>bulo</strong></span> <span class='ocrx_word' id='word_1_252' title='bbox 626 1986 795 2048; x_wconf 70' lang='lat' dir='ltr'><strong>porta:</strong></span> <span class='ocrx_word' id='word_1_253' title='bbox 831 1977 1130 2032; x_wconf 81' lang='lat' dir='ltr'><strong>forinsecus</strong></span> <span class='ocrx_word' id='word_1_254' title='bbox 1162 1983 1221 2030; x_wconf 92' lang='lat' dir='ltr'><strong>ut</strong></span> <span class='ocrx_word' id='word_1_255' title='bbox 1250 1984 1305 2029; x_wconf 91' lang='lat' dir='ltr'><strong>et</strong></span> <span class='ocrx_word' id='word_1_256' title='bbox 1328 1975 1642 2028; x_wconf 76' lang='lat' dir='ltr'><strong>firmitatem</strong></span> <span class='ocrx_word' id='word_1_257' title='bbox 1687 1973 1969 2038; x_wconf 83' lang='lat' dir='ltr'><strong>haberent,</strong></span> <span class='ocrx_word' id='word_1_258' title='bbox 1995 1984 2050 2029; x_wconf 91' lang='lat' dir='ltr'><strong>et</strong></span> 
     </span>
    </p>
   </div>
   <div class='ocr_carea' id='block_1_36' title="bbox 474 2064 2050 2140">
    <p class='ocr_par' dir='ltr' id='par_1_36' title="bbox 474 2064 2050 2140">
     <span class='ocr_line' id='line_1_36' title="bbox 474 2064 2050 2140; baseline -0.003 -16"><span class='ocrx_word' id='word_1_259' title='bbox 474 2069 791 2124; x_wconf 60' lang='lat' dir='ltr'><strong>conaturam</strong></span> <span class='ocrx_word' id='word_1_260' title='bbox 823 2079 1042 2140; x_wconf 89' lang='lat' dir='ltr'><strong>possent</strong></span> <span class='ocrx_word' id='word_1_261' title='bbox 1076 2068 1335 2138; x_wconf 82' lang='lat' dir='ltr'><strong>recipere.</strong></span> <span class='ocrx_word' id='word_1_262' title='bbox 1383 2065 1722 2134; x_wconf 86' lang='lat' dir='ltr'><strong>Pulehreque</strong></span> <span class='ocrx_word' id='word_1_263' title='bbox 1771 2064 1924 2133; x_wconf 83' lang='lat' dir='ltr'><strong>juxta</strong></span> <span class='ocrx_word' id='word_1_264' title='bbox 1969 2066 2050 2120; x_wconf 87' lang='lat' dir='ltr'><strong>in—</strong></span> 
     </span>
    </p>
   </div>
   <div class='ocr_carea' id='block_1_37' title="bbox 477 2153 2051 2229">
    <p class='ocr_par' dir='ltr' id='par_1_37' title="bbox 477 2153 2051 2229">
     <span class='ocr_line' id='line_1_37' title="bbox 477 2153 2051 2229; baseline -0.003 -17"><span class='ocrx_word' id='word_1_265' title='bbox 477 2158 825 2229; x_wconf 86' lang='lat' dir='ltr'><strong>telligentiam</strong></span> <span class='ocrx_word' id='word_1_266' title='bbox 882 2157 1178 2226; x_wconf 88' lang='lat' dir='ltr'><strong>spiritalem</strong></span> <span class='ocrx_word' id='word_1_267' title='bbox 1240 2155 1480 2210; x_wconf 83' lang='lat' dir='ltr'><strong>firmiora</strong></span> <span class='ocrx_word' id='word_1_268' title='bbox 1554 2169 1608 2210; x_wconf 87' lang='lat' dir='ltr'><strong>et</strong></span> <span class='ocrx_word' id='word_1_269' title='bbox 1662 2153 1848 2209; x_wconf 73' lang='lat' dir='ltr'><strong>ctelata</strong></span> <span class='ocrx_word' id='word_1_270' title='bbox 1925 2163 2051 2208; x_wconf 88' lang='lat' dir='ltr'><strong>sunt</strong></span> 
     </span>
    </p>
   </div>
   <div class='ocr_carea' id='block_1_38' title="bbox 475 2245 2047 2316">
    <p class='ocr_par' dir='ltr' id='par_1_38' title="bbox 475 2245 2047 2316">
     <span class='ocr_line' id='line_1_38' title="bbox 475 2245 2047 2316; baseline -0.004 -11"><span class='ocrx_word' id='word_1_271' title='bbox 475 2251 630 2313; x_wconf 85' lang='lat' dir='ltr'><strong>ostia,</strong></span> <span class='ocrx_word' id='word_1_272' title='bbox 681 2257 742 2306; x_wconf 88' lang='lat' dir='ltr'><strong>ut</strong></span> <span class='ocrx_word' id='word_1_273' title='bbox 781 2257 834 2304; x_wconf 92' lang='lat' dir='ltr'><strong>et</strong></span> <span class='ocrx_word' id='word_1_274' title='bbox 882 2248 1019 2303; x_wconf 80' lang='lat' dir='ltr'><strong>firmi</strong></span> <span class='ocrx_word' id='word_1_275' title='bbox 1048 2257 1188 2304; x_wconf 90' lang='lat' dir='ltr'><strong>atem</strong></span> <span class='ocrx_word' id='word_1_276' title='bbox 1224 2247 1458 2302; x_wconf 81' lang='lat' dir='ltr'><strong>habeant</strong></span> <span class='ocrx_word' id='word_1_277' title='bbox 1497 2255 1607 2316; x_wconf 90' lang='lat' dir='ltr'><strong>etp</strong></span> <span class='ocrx_word' id='word_1_278' title='bbox 1646 2245 2047 2311; x_wconf 82' lang='lat' dir='ltr'><strong>lcbritudinein,</strong></span> 
     </span>
    </p>
   </div>
   <div class='ocr_carea' id='block_1_39' title="bbox 477 2335 2050 2411">
    <p class='ocr_par' dir='ltr' id='par_1_39' title="bbox 477 2335 2050 2411">
     <span class='ocr_line' id='line_1_39' title="bbox 477 2335 2050 2411; baseline -0.006 -15"><span class='ocrx_word' id='word_1_279' title='bbox 477 2357 544 2396; x_wconf 91' lang='lat' dir='ltr'><strong>ne</strong></span> <span class='ocrx_word' id='word_1_280' title='bbox 573 2341 692 2411; x_wconf 85' lang='lat' dir='ltr'><strong>quis</strong></span> <span class='ocrx_word' id='word_1_281' title='bbox 733 2340 802 2395; x_wconf 90' lang='lat' dir='ltr'><strong>ad</strong></span> <span class='ocrx_word' id='word_1_282' title='bbox 831 2338 1026 2394; x_wconf 80' lang='lat' dir='ltr'><strong>Sancta</strong></span> <span class='ocrx_word' id='word_1_283' title='bbox 1056 2348 1366 2394; x_wconf 89' lang='lat' dir='ltr'><strong>sanctorum</strong></span> <span class='ocrx_word' id='word_1_284' title='bbox 1400 2336 1594 2391; x_wconf 86' lang='lat' dir='ltr'><strong>similis</strong></span> <span class='ocrx_word' id='word_1_285' title='bbox 1616 2335 1759 2392; x_wconf 64' lang='lat' dir='ltr'><strong>Ozite.</strong></span> <span class='ocrx_word' id='word_1_286' title='bbox 1784 2350 1852 2404; x_wconf 87' lang='lat' dir='ltr'><strong>po</strong></span> <span class='ocrx_word' id='word_1_287' title='bbox 1884 2336 1952 2390; x_wconf 85' lang='lat' dir='ltr'><strong>sit</strong></span> <span class='ocrx_word' id='word_1_288' title='bbox 1981 2336 2050 2388; x_wconf 89' lang='lat' dir='ltr'><strong>ir-</strong></span> 
     </span>
    </p>
   </div>
   <div class='ocr_carea' id='block_1_40' title="bbox 477 2427 2049 2500">
    <p class='ocr_par' dir='ltr' id='par_1_40' title="bbox 477 2427 2049 2500">
     <span class='ocr_line' id='line_1_40' title="bbox 477 2427 2049 2500; baseline -0.004 -14"><span class='ocrx_word' id='word_1_289' title='bbox 477 2447 744 2500; x_wconf 58' lang='lat' dir='ltr'><strong>rumpere,</strong></span> <span class='ocrx_word' id='word_1_290' title='bbox 776 2441 830 2485; x_wconf 89' lang='lat' dir='ltr'><strong>et</strong></span> <span class='ocrx_word' id='word_1_291' title='bbox 859 2432 957 2485; x_wconf 82' lang='lat' dir='ltr'><strong>sibi</strong></span> <span class='ocrx_word' id='word_1_292' title='bbox 989 2430 1348 2485; x_wconf 79' lang='lat' dir='ltr'><strong>sacerdotium</strong></span> <span class='ocrx_word' id='word_1_293' title='bbox 1378 2429 1673 2484; x_wconf 88' lang='lat' dir='ltr'><strong>vindicare.</strong></span> <span class='ocrx_word' id='word_1_294' title='bbox 1723 2427 1934 2499; x_wconf 81' lang='lat' dir='ltr'><strong>(Bcda.)</strong></span> <span class='ocrx_word' id='word_1_295' title='bbox 1965 2427 2049 2480; x_wconf 91' lang='lat' dir='ltr'><strong>Illi</strong></span> 
     </span>
    </p>
   </div>
   <div class='ocr_carea' id='block_1_41' title="bbox 473 2519 2050 2592">
    <p class='ocr_par' dir='ltr' id='par_1_41' title="bbox 473 2519 2050 2592">
     <span class='ocr_line' id='line_1_41' title="bbox 473 2519 2050 2592; baseline -0.002 -16"><span class='ocrx_word' id='word_1_296' title='bbox 473 2524 743 2592; x_wconf 74' lang='lat' dir='ltr'><strong>pra&#39;cipue</strong></span> <span class='ocrx_word' id='word_1_297' title='bbox 773 2522 966 2591; x_wconf 86' lang='lat' dir='ltr'><strong>quibus</strong></span> <span class='ocrx_word' id='word_1_298' title='bbox 997 2521 1234 2575; x_wconf 76' lang='lat' dir='ltr'><strong>fidelium</strong></span> <span class='ocrx_word' id='word_1_299' title='bbox 1279 2535 1410 2575; x_wconf 88' lang='lat' dir='ltr'><strong>cura</strong></span> <span class='ocrx_word' id='word_1_300' title='bbox 1442 2520 1755 2585; x_wconf 90' lang='lat' dir='ltr'><strong>commissa,</strong></span> <span class='ocrx_word' id='word_1_301' title='bbox 1789 2528 1842 2574; x_wconf 87' lang='lat' dir='ltr'><strong>et</strong></span> <span class='ocrx_word' id='word_1_302' title='bbox 1873 2519 2050 2574; x_wconf 86' lang='lat' dir='ltr'><strong>claves</strong></span> 
     </span>
    </p>
   </div>
   <div class='ocr_carea' id='block_1_42' title="bbox 476 2609 2051 2683">
    <p class='ocr_par' dir='ltr' id='par_1_42' title="bbox 476 2609 2051 2683">
     <span class='ocr_line' id='line_1_42' title="bbox 476 2609 2051 2683; baseline -0.004 -15"><span class='ocrx_word' id='word_1_303' title='bbox 476 2616 627 2683; x_wconf 80' lang='lat' dir='ltr'><strong>regni</strong></span> <span class='ocrx_word' id='word_1_304' title='bbox 661 2614 917 2668; x_wconf 66' lang='lat' dir='ltr'><strong>enatorum</strong></span> <span class='ocrx_word' id='word_1_305' title='bbox 943 2623 1066 2666; x_wconf 86' lang='lat' dir='ltr'><strong>sunt</strong></span> <span class='ocrx_word' id='word_1_306' title='bbox 1094 2612 1252 2678; x_wconf 64' lang='lat' dir='ltr'><strong>datae,</strong></span> <span class='ocrx_word' id='word_1_307' title='bbox 1279 2612 1427 2666; x_wconf 90' lang='lat' dir='ltr'><strong>omni</strong></span> <span class='ocrx_word' id='word_1_308' title='bbox 1473 2610 1668 2665; x_wconf 87' lang='lat' dir='ltr'><strong>debent</strong></span> <span class='ocrx_word' id='word_1_309' title='bbox 1719 2609 1938 2665; x_wconf 86' lang='lat' dir='ltr'><strong>solertia</strong></span> <span class='ocrx_word' id='word_1_310' title='bbox 1970 2610 2051 2662; x_wconf 87' lang='lat' dir='ltr'><strong>in-</strong></span> 
     </span>
    </p>
   </div>
   <div class='ocr_carea' id='block_1_43' title="bbox 476 2701 2048 2772">
    <p class='ocr_par' dir='ltr' id='par_1_43' title="bbox 476 2701 2048 2772">
     <span class='ocr_line' id='line_1_43' title="bbox 476 2701 2048 2772; baseline -0.004 -14"><span class='ocrx_word' id='word_1_311' title='bbox 476 2706 551 2759; x_wconf 86' lang='lat' dir='ltr'><strong>sis</strong></span> <span class='ocrx_word' id='word_1_312' title='bbox 577 2719 687 2765; x_wconf 87' lang='lat' dir='ltr'><strong>ere,</strong></span> <span class='ocrx_word' id='word_1_313' title='bbox 717 2713 775 2756; x_wconf 92' lang='lat' dir='ltr'><strong>ut</strong></span> <span class='ocrx_word' id='word_1_314' title='bbox 803 2709 1061 2771; x_wconf 90' lang='lat' dir='ltr'><strong>quantum</strong></span> <span class='ocrx_word' id='word_1_315' title='bbox 1092 2701 1259 2772; x_wconf 86' lang='lat' dir='ltr'><strong>gradu</strong></span> <span class='ocrx_word' id='word_1_316' title='bbox 1299 2701 1618 2771; x_wconf 71' lang='lat' dir='ltr'><strong>prminent</strong></span> <span class='ocrx_word' id='word_1_317' title='bbox 1656 2701 1888 2762; x_wconf 76' lang='lat' dir='ltr'><strong>caeteris,</strong></span> <span class='ocrx_word' id='word_1_318' title='bbox 1927 2708 2048 2754; x_wconf 88' lang='lat' dir='ltr'><strong>tan-</strong></span> 
     </span>
    </p>
   </div>
   <div class='ocr_carea' id='block_1_44' title="bbox 476 2789 2052 2860">
    <p class='ocr_par' dir='ltr' id='par_1_44' title="bbox 476 2789 2052 2860">
     <span class='ocr_line' id='line_1_44' title="bbox 476 2789 2052 2860; baseline -0.003 -13"><span class='ocrx_word' id='word_1_319' title='bbox 476 2804 589 2848; x_wconf 91' lang='lat' dir='ltr'><strong>tum</strong></span> <span class='ocrx_word' id='word_1_320' title='bbox 631 2798 686 2845; x_wconf 89' lang='lat' dir='ltr'><strong>e&#39;t</strong></span> <span class='ocrx_word' id='word_1_321' title='bbox 736 2792 926 2846; x_wconf 90' lang='lat' dir='ltr'><strong>merito</strong></span> <span class='ocrx_word' id='word_1_322' title='bbox 973 2790 1281 2860; x_wconf 80' lang='lat' dir='ltr'><strong>praecellant</strong></span> <span class='ocrx_word' id='word_1_323' title='bbox 1332 2791 1486 2845; x_wconf 56' lang='lat' dir='ltr'><strong>bona</strong></span> <span class='ocrx_word' id='word_1_324' title='bbox 1531 2791 1779 2844; x_wconf 86' lang='lat' dir='ltr'><strong>actionis.</strong></span> <span class='ocrx_word' id='word_1_325' title='bbox 1840 2789 2052 2844; x_wconf 87' lang='lat' dir='ltr'><strong>Ilabent</strong></span> 
     </span>
    </p>
   </div>
   <div class='ocr_carea' id='block_1_45' title="bbox 477 2879 2049 2951">
    <p class='ocr_par' dir='ltr' id='par_1_45' title="bbox 477 2879 2049 2951">
     <span class='ocr_line' id='line_1_45' title="bbox 477 2879 2049 2951; baseline -0.004 -14"><span class='ocrx_word' id='word_1_326' title='bbox 477 2898 711 2951; x_wconf 83' lang='lat' dir='ltr'><strong>namque</strong></span> <span class='ocrx_word' id='word_1_327' title='bbox 768 2881 820 2936; x_wconf 93' lang='lat' dir='ltr'><strong>in</strong></span> <span class='ocrx_word' id='word_1_328' title='bbox 868 2895 926 2935; x_wconf 88' lang='lat' dir='ltr'><strong>se</strong></span> <span class='ocrx_word' id='word_1_329' title='bbox 978 2880 1242 2950; x_wconf 87' lang='lat' dir='ltr'><strong>picturam</strong></span> <span class='ocrx_word' id='word_1_330' title='bbox 1288 2880 1549 2935; x_wconf 90' lang='lat' dir='ltr'><strong>cherubin</strong></span> <span class='ocrx_word' id='word_1_331' title='bbox 1600 2879 1882 2948; x_wconf 88' lang='lat' dir='ltr'><strong>sculptam,</strong></span> <span class='ocrx_word' id='word_1_332' title='bbox 1923 2894 2049 2933; x_wconf 88' lang='lat' dir='ltr'><strong>eum</strong></span> 
     </span>
    </p>
   </div>
   <div class='ocr_carea' id='block_1_46' title="bbox 478 2969 2050 3043">
    <p class='ocr_par' dir='ltr' id='par_1_46' title="bbox 478 2969 2050 3043">
     <span class='ocr_line' id='line_1_46' title="bbox 478 2969 2050 3043; baseline -0.001 -17"><span class='ocrx_word' id='word_1_333' title='bbox 478 2973 773 3043; x_wconf 77' lang='lat' dir='ltr'><strong>angelicam</strong></span> <span class='ocrx_word' id='word_1_334' title='bbox 805 2972 856 3026; x_wconf 91' lang='lat' dir='ltr'><strong>in</strong></span> <span class='ocrx_word' id='word_1_335' title='bbox 884 2971 1045 3024; x_wconf 88' lang='lat' dir='ltr'><strong>terris</strong></span> <span class='ocrx_word' id='word_1_336' title='bbox 1071 2971 1254 3036; x_wconf 89' lang='lat' dir='ltr'><strong>vitam,</strong></span> <span class='ocrx_word' id='word_1_337' title='bbox 1288 2979 1545 3042; x_wconf 88' lang='lat' dir='ltr'><strong>quantum</strong></span> <span class='ocrx_word' id='word_1_338' title='bbox 1583 2969 1901 3024; x_wconf 85' lang='lat' dir='ltr'><strong>mortalibus</strong></span> <span class='ocrx_word' id='word_1_339' title='bbox 1930 2985 2050 3040; x_wconf 86' lang='lat' dir='ltr'><strong>pos-</strong></span> 
     </span>
    </p>
   </div>
   <div class='ocr_carea' id='block_1_47' title="bbox 473 3062 2050 3138">
    <p class='ocr_par' dir='ltr' id='par_1_47' title="bbox 473 3062 2050 3138">
     <span class='ocr_line' id='line_1_47' title="bbox 473 3062 2050 3138; baseline -0.006 -15"><span class='ocrx_word' id='word_1_340' title='bbox 473 3069 629 3123; x_wconf 81' lang='lat' dir='ltr'><strong>sibile</strong></span> <span class='ocrx_word' id='word_1_341' title='bbox 655 3075 758 3132; x_wconf 88' lang='lat' dir='ltr'><strong>est,</strong></span> <span class='ocrx_word' id='word_1_342' title='bbox 785 3073 840 3120; x_wconf 92' lang='lat' dir='ltr'><strong>et</strong></span> <span class='ocrx_word' id='word_1_343' title='bbox 867 3073 1045 3119; x_wconf 91' lang='lat' dir='ltr'><strong>mente</strong></span> <span class='ocrx_word' id='word_1_344' title='bbox 1089 3064 1368 3118; x_wconf 89' lang='lat' dir='ltr'><strong>imitantur</strong></span> <span class='ocrx_word' id='word_1_345' title='bbox 1395 3073 1449 3118; x_wconf 82' lang='lat' dir='ltr'><strong>et</strong></span> <span class='ocrx_word' id='word_1_346' title='bbox 1475 3079 1654 3138; x_wconf 85' lang='lat' dir='ltr'><strong>opere.</strong></span> <span class='ocrx_word' id='word_1_347' title='bbox 1694 3063 1905 3117; x_wconf 84' lang='lat' dir='ltr'><strong>Habent</strong></span> <span class='ocrx_word' id='word_1_348' title='bbox 1933 3062 2050 3133; x_wconf 80' lang='lat' dir='ltr'><strong>pal-</strong></span> 
     </span>
    </p>
   </div>
   <div class='ocr_carea' id='block_1_48' title="bbox 474 3153 2050 3226">
    <p class='ocr_par' dir='ltr' id='par_1_48' title="bbox 474 3153 2050 3226">
     <span class='ocr_line' id='line_1_48' title="bbox 474 3153 2050 3226; baseline -0.004 -12"><span class='ocrx_word' id='word_1_349' title='bbox 474 3174 681 3214; x_wconf 85' lang='lat' dir='ltr'><strong>marum</strong></span> <span class='ocrx_word' id='word_1_350' title='bbox 715 3157 965 3226; x_wconf 85' lang='lat' dir='ltr'><strong>species,</strong></span> <span class='ocrx_word' id='word_1_351' title='bbox 1023 3169 1143 3208; x_wconf 87' lang='lat' dir='ltr'><strong>cum</strong></span> <span class='ocrx_word' id='word_1_352' title='bbox 1199 3154 1338 3209; x_wconf 88' lang='lat' dir='ltr'><strong>dona</strong></span> <span class='ocrx_word' id='word_1_353' title='bbox 1386 3169 1632 3223; x_wconf 65' lang='lat' dir='ltr'><strong>supernae</strong></span> <span class='ocrx_word' id='word_1_354' title='bbox 1681 3153 2050 3208; x_wconf 89' lang='lat' dir='ltr'><strong>retributionis</strong></span> 
     </span>
    </p>
   </div>
   <div class='ocr_carea' id='block_1_49' title="bbox 2159 1973 3754 2052">
    <p class='ocr_par' dir='ltr' id='par_1_49' title="bbox 2159 1973 3754 2052">
     <span class='ocr_line' id='line_1_49' title="bbox 2159 1973 3754 2052; baseline -0.006 -17"><span class='ocrx_word' id='word_1_355' title='bbox 2159 2005 2174 2035; x_wconf 71' lang='grc' dir='ltr'>ι</span> <span class='ocrx_word' id='word_1_356' title='bbox 2215 2000 2356 2048; x_wconf 88' lang='lat' dir='ltr'><strong>nem,</strong></span> <span class='ocrx_word' id='word_1_357' title='bbox 2383 1983 2470 2038; x_wconf 91' lang='lat' dir='ltr'><strong>ubi</strong></span> <span class='ocrx_word' id='word_1_358' title='bbox 2500 1990 2655 2036; x_wconf 91' lang='lat' dir='ltr'><strong>erant</strong></span> <span class='ocrx_word' id='word_1_359' title='bbox 2680 1979 3065 2052; x_wconf 80' lang='lat' dir='ltr'><strong>gazophylacia</strong></span> <span class='ocrx_word' id='word_1_360' title='bbox 3096 1977 3147 2030; x_wconf 88' lang='lat' dir='ltr'><strong>in</strong></span> <span class='ocrx_word' id='word_1_361' title='bbox 3176 1975 3548 2046; x_wconf 86' lang='lat' dir='ltr'><strong>superioribus</strong></span> <span class='ocrx_word' id='word_1_362' title='bbox 3571 1973 3754 2029; x_wconf 65' lang='lat' dir='ltr'><strong>humi.</strong></span> 
     </span>
    </p>
   </div>
   <div class='ocr_carea' id='block_1_50' title="bbox 2159 2065 3754 2144">
    <p class='ocr_par' dir='ltr' id='par_1_50' title="bbox 2159 2065 3754 2144">
     <span class='ocr_line' id='line_1_50' title="bbox 2159 2065 3754 2144; baseline -0.002 -21"><span class='ocrx_word' id='word_1_363' title='bbox 2159 2093 2176 2123; x_wconf 77' lang='grc' dir='ltr'>ι</span> <span class='ocrx_word' id='word_1_364' title='bbox 2214 2074 2379 2138; x_wconf 86' lang='lat' dir='ltr'><strong>liora,</strong></span> <span class='ocrx_word' id='word_1_365' title='bbox 2428 2073 2554 2144; x_wconf 81' lang='lat' dir='ltr'><strong>quia</strong></span> <span class='ocrx_word' id='word_1_366' title='bbox 2604 2071 2995 2140; x_wconf 89' lang='lat' dir='ltr'><strong>supportabant</strong></span> <span class='ocrx_word' id='word_1_367' title='bbox 3040 2068 3318 2140; x_wconf 88' lang='lat' dir='ltr'><strong>porticus,</strong></span> <span class='ocrx_word' id='word_1_368' title='bbox 3363 2082 3485 2137; x_wconf 77' lang='lat' dir='ltr'><strong>qua:</strong></span> <span class='ocrx_word' id='word_1_369' title='bbox 3529 2079 3596 2119; x_wconf 80' lang='lat' dir='ltr'><strong>ex</strong></span> <span class='ocrx_word' id='word_1_370' title='bbox 3645 2065 3754 2120; x_wconf 81' lang='lat' dir='ltr'><strong>illis</strong></span> 
     </span>
    </p>
   </div>
   <div class='ocr_carea' id='block_1_51' title="bbox 2158 2157 3748 2234">
    <p class='ocr_par' dir='ltr' id='par_1_51' title="bbox 2158 2157 3748 2234">
     <span class='ocr_line' id='line_1_51' title="bbox 2158 2157 3748 2234; baseline -0.003 -19"><span class='ocrx_word' id='word_1_371' title='bbox 2158 2186 2176 2215; x_wconf 74' lang='grc' dir='ltr'><strong><em>ι</em></strong></span> <span class='ocrx_word' id='word_1_372' title='bbox 2213 2165 2525 2221; x_wconf 87' lang='lat' dir='ltr'><strong>eminebant</strong></span> <span class='ocrx_word' id='word_1_373' title='bbox 2567 2161 2634 2216; x_wconf 84' lang='lat' dir='ltr'><strong>de</strong></span> <span class='ocrx_word' id='word_1_374' title='bbox 2677 2159 3045 2226; x_wconf 87' lang='lat' dir='ltr'><strong>inferioribus,</strong></span> <span class='ocrx_word' id='word_1_375' title='bbox 3090 2168 3146 2214; x_wconf 90' lang='lat' dir='ltr'><strong>et</strong></span> <span class='ocrx_word' id='word_1_376' title='bbox 3182 2159 3248 2234; x_wconf 86' lang='lat' dir='ltr'><strong>de</strong></span> <span class='ocrx_word' id='word_1_377' title='bbox 3277 2157 3470 2213; x_wconf 87' lang='lat' dir='ltr'><strong>mediis</strong></span> <span class='ocrx_word' id='word_1_378' title='bbox 3506 2157 3748 2212; x_wconf 66' lang='lat' dir='ltr'><strong>aedificii.</strong></span> 
     </span>
    </p>
   </div>
   <div class='ocr_carea' id='block_1_52' title="bbox 2159 2245 3751 2323">
    <p class='ocr_par' dir='ltr' id='par_1_52' title="bbox 2159 2245 3751 2323">
     <span class='ocr_line' id='line_1_52' title="bbox 2159 2245 3751 2323; baseline -0.004 -17"><span class='ocrx_word' id='word_1_379' title='bbox 2159 2274 2177 2306; x_wconf 71' lang='grc' dir='ltr'><strong>ε</strong></span> <span class='ocrx_word' id='word_1_380' title='bbox 2215 2255 2463 2323; x_wconf 80' lang='lat' dir='ltr'><strong>Tristega</strong></span> <span class='ocrx_word' id='word_1_381' title='bbox 2506 2252 2649 2306; x_wconf 90' lang='lat' dir='ltr'><strong>enim</strong></span> <span class='ocrx_word' id='word_1_382' title='bbox 2696 2258 2850 2305; x_wconf 90' lang='lat' dir='ltr'><strong>erant</strong></span> <span class='ocrx_word' id='word_1_383' title='bbox 2897 2259 2952 2304; x_wconf 88' lang='lat' dir='ltr'><strong>et</strong></span> <span class='ocrx_word' id='word_1_384' title='bbox 2998 2263 3103 2304; x_wconf 91' lang='lat' dir='ltr'><strong>non</strong></span> <span class='ocrx_word' id='word_1_385' title='bbox 3134 2247 3407 2303; x_wconf 90' lang='lat' dir='ltr'><strong>habebant</strong></span> <span class='ocrx_word' id='word_1_386' title='bbox 3437 2245 3751 2311; x_wconf 86' lang='lat' dir='ltr'><strong>columnas,</strong></span> 
     </span>
    </p>
   </div>
   <div class='ocr_carea' id='block_1_53' title="bbox 2158 2336 3754 2409">
    <p class='ocr_par' dir='ltr' id='par_1_53' title="bbox 2158 2336 3754 2409">
     <span class='ocr_line' id='line_1_53' title="bbox 2158 2336 3754 2409; baseline -0.003 -13"><span class='ocrx_word' id='word_1_387' title='bbox 2158 2365 2175 2396; x_wconf 77' lang='grc' dir='ltr'>σ</span> <span class='ocrx_word' id='word_1_388' title='bbox 2212 2347 2352 2401; x_wconf 89' lang='lat' dir='ltr'><strong>sicut</strong></span> <span class='ocrx_word' id='word_1_389' title='bbox 2392 2352 2548 2398; x_wconf 90' lang='lat' dir='ltr'><strong>erant</strong></span> <span class='ocrx_word' id='word_1_390' title='bbox 2592 2341 2852 2396; x_wconf 69' lang='lat' dir='ltr'><strong>columnae</strong></span> <span class='ocrx_word' id='word_1_391' title='bbox 2885 2339 3180 2404; x_wconf 88' lang='lat' dir='ltr'><strong>atriorum;</strong></span> <span class='ocrx_word' id='word_1_392' title='bbox 3225 2346 3514 2409; x_wconf 87' lang='lat' dir='ltr'><strong>propterea</strong></span> <span class='ocrx_word' id='word_1_393' title='bbox 3543 2336 3754 2391; x_wconf 86' lang='lat' dir='ltr'><strong>emine-</strong></span> 
     </span>
    </p>
   </div>
   <div class='ocr_carea' id='block_1_54' title="bbox 2159 2427 3751 2494">
    <p class='ocr_par' dir='ltr' id='par_1_54' title="bbox 2159 2427 3751 2494">
     <span class='ocr_line' id='line_1_54' title="bbox 2159 2427 3751 2494; baseline -0.003 -11"><span class='ocrx_word' id='word_1_394' title='bbox 2159 2452 2176 2483; x_wconf 73' lang='grc' dir='ltr'>α</span> <span class='ocrx_word' id='word_1_395' title='bbox 2216 2434 2346 2487; x_wconf 78' lang='lat' dir='ltr'><strong>bant</strong></span> <span class='ocrx_word' id='word_1_396' title='bbox 2382 2431 2448 2487; x_wconf 89' lang='lat' dir='ltr'><strong>de</strong></span> <span class='ocrx_word' id='word_1_397' title='bbox 2487 2429 2857 2494; x_wconf 83' lang='lat' dir='ltr'><strong>inferioribus.</strong></span> <span class='ocrx_word' id='word_1_398' title='bbox 2895 2437 2952 2482; x_wconf 89' lang='lat' dir='ltr'><strong>et</strong></span> <span class='ocrx_word' id='word_1_399' title='bbox 2991 2428 3057 2483; x_wconf 89' lang='lat' dir='ltr'><strong>de</strong></span> <span class='ocrx_word' id='word_1_400' title='bbox 3097 2427 3289 2483; x_wconf 87' lang='lat' dir='ltr'><strong>mediis</strong></span> <span class='ocrx_word' id='word_1_401' title='bbox 3327 2427 3482 2482; x_wconf 88' lang='lat' dir='ltr'><strong>atriis</strong></span> <span class='ocrx_word' id='word_1_402' title='bbox 3524 2441 3555 2482; x_wconf 87' lang='lat' dir='ltr'><strong>a</strong></span> <span class='ocrx_word' id='word_1_403' title='bbox 3603 2435 3751 2480; x_wconf 82' lang='lat' dir='ltr'><strong>terra</strong></span> 
     </span>
    </p>
   </div>
   <div class='ocr_carea' id='block_1_55' title="bbox 2160 2518 3754 2592">
    <p class='ocr_par' dir='ltr' id='par_1_55' title="bbox 2160 2518 3754 2592">
     <span class='ocr_line' id='line_1_55' title="bbox 2160 2518 3754 2592; baseline -0.003 -18"><span class='ocrx_word' id='word_1_404' title='bbox 2160 2542 2177 2574; x_wconf 77' lang='grc' dir='ltr'>ι</span> <span class='ocrx_word' id='word_1_405' title='bbox 2217 2523 2412 2578; x_wconf 79' lang='lat' dir='ltr'><strong>cubitis</strong></span> <span class='ocrx_word' id='word_1_406' title='bbox 2441 2521 2850 2592; x_wconf 80' lang='lat' dir='ltr'><strong>quinquaginta.</strong></span> <span class='ocrx_word' id='word_1_407' title='bbox 2889 2519 2957 2574; x_wconf 88' lang='lat' dir='ltr'><strong>Et</strong></span> <span class='ocrx_word' id='word_1_408' title='bbox 2986 2518 3263 2589; x_wconf 89' lang='lat' dir='ltr'><strong>peribolus</strong></span> <span class='ocrx_word' id='word_1_409' title='bbox 3287 2519 3529 2573; x_wconf 80' lang='lat' dir='ltr'><strong>exterior</strong></span> <span class='ocrx_word' id='word_1_410' title='bbox 3555 2532 3754 2573; x_wconf 89' lang='lat' dir='ltr'><strong>secun-</strong></span> 
     </span>
    </p>
   </div>
   <div class='ocr_carea' id='block_1_56' title="bbox 2159 2605 3751 2683">
    <p class='ocr_par' dir='ltr' id='par_1_56' title="bbox 2159 2605 3751 2683">
     <span class='ocr_line' id='line_1_56' title="bbox 2159 2605 3751 2683; baseline -0.001 -18"><span class='ocrx_word' id='word_1_411' title='bbox 2159 2633 2176 2665; x_wconf 75' lang='grc' dir='ltr'>ι</span> <span class='ocrx_word' id='word_1_412' title='bbox 2213 2613 2339 2667; x_wconf 88' lang='lat' dir='ltr'><strong>dum</strong></span> <span class='ocrx_word' id='word_1_413' title='bbox 2363 2611 2763 2683; x_wconf 78' lang='lat' dir='ltr'><strong>gawpbylaeia,</strong></span> <span class='ocrx_word' id='word_1_414' title='bbox 2786 2625 2906 2680; x_wconf 67' lang='lat' dir='ltr'><strong>quas</strong></span> <span class='ocrx_word' id='word_1_415' title='bbox 2927 2617 3082 2664; x_wconf 89' lang='lat' dir='ltr'><strong>erant</strong></span> <span class='ocrx_word' id='word_1_416' title='bbox 3108 2609 3162 2662; x_wconf 85' lang='lat' dir='ltr'><strong>ib</strong></span> <span class='ocrx_word' id='word_1_417' title='bbox 3190 2608 3274 2663; x_wconf 89' lang='lat' dir='ltr'><strong>via</strong></span> <span class='ocrx_word' id='word_1_418' title='bbox 3305 2608 3427 2662; x_wconf 90' lang='lat' dir='ltr'><strong>atrii</strong></span> <span class='ocrx_word' id='word_1_419' title='bbox 3455 2605 3751 2663; x_wconf 75' lang='lat' dir='ltr'><strong>exterioris</strong></span> 
     </span>
    </p>
   </div>
   <div class='ocr_carea' id='block_1_57' title="bbox 2159 2698 3745 2774">
    <p class='ocr_par' dir='ltr' id='par_1_57' title="bbox 2159 2698 3745 2774">
     <span class='ocr_line' id='line_1_57' title="bbox 2159 2698 3745 2774; baseline -0.002 -18"><span class='ocrx_word' id='word_1_420' title='bbox 2159 2724 2177 2756; x_wconf 76' lang='grc' dir='ltr'>ι</span> <span class='ocrx_word' id='word_1_421' title='bbox 2215 2713 2341 2758; x_wconf 89' lang='lat' dir='ltr'><strong>ante</strong></span> <span class='ocrx_word' id='word_1_422' title='bbox 2391 2701 2792 2774; x_wconf 72' lang='lat' dir='ltr'><strong>gaZOpbylacia.</strong></span> <span class='ocrx_word' id='word_1_423' title='bbox 2843 2699 3144 2772; x_wconf 83' lang='lat' dir='ltr'><strong>Longitudo</strong></span> <span class='ocrx_word' id='word_1_424' title='bbox 3187 2698 3306 2768; x_wconf 82' lang='lat' dir='ltr'><strong>ejus</strong></span> <span class='ocrx_word' id='word_1_425' title='bbox 3352 2699 3745 2769; x_wconf 75' lang='lat' dir='ltr'><strong>quinquaginta</strong></span> 
     </span>
    </p>
   </div>
   <div class='ocr_carea' id='block_1_58' title="bbox 2158 2788 3744 2861">
    <p class='ocr_par' dir='ltr' id='par_1_58' title="bbox 2158 2788 3744 2861">
     <span class='ocr_line' id='line_1_58' title="bbox 2158 2788 3744 2861; baseline -0.001 -17"><span class='ocrx_word' id='word_1_426' title='bbox 2158 2811 2177 2844; x_wconf 70' lang='grc' dir='ltr'><strong><em>ι</em></strong></span> <span class='ocrx_word' id='word_1_427' title='bbox 2214 2793 2549 2855; x_wconf 87' lang='lat' dir='ltr'><strong>cubitorum,</strong></span> <span class='ocrx_word' id='word_1_428' title='bbox 2592 2791 2717 2859; x_wconf 90' lang='lat' dir='ltr'><strong>quia</strong></span> <span class='ocrx_word' id='word_1_429' title='bbox 2764 2789 3040 2861; x_wconf 85' lang='lat' dir='ltr'><strong>longitudo</strong></span> <span class='ocrx_word' id='word_1_430' title='bbox 3075 2799 3193 2845; x_wconf 90' lang='lat' dir='ltr'><strong>erat</strong></span> <span class='ocrx_word' id='word_1_431' title='bbox 3233 2788 3744 2861; x_wconf 83' lang='lat' dir='ltr'><strong>gazophylaciorum</strong></span> 
     </span>
    </p>
   </div>
   <div class='ocr_carea' id='block_1_59' title="bbox 2157 2879 3745 2952">
    <p class='ocr_par' dir='ltr' id='par_1_59' title="bbox 2157 2879 3745 2952">
     <span class='ocr_line' id='line_1_59' title="bbox 2157 2879 3745 2952; baseline -0.001 -18"><span class='ocrx_word' id='word_1_432' title='bbox 2157 2903 2174 2934; x_wconf 72' lang='grc' dir='ltr'>ι</span> <span class='ocrx_word' id='word_1_433' title='bbox 2214 2883 2334 2938; x_wconf 89' lang='lat' dir='ltr'><strong>atrii</strong></span> <span class='ocrx_word' id='word_1_434' title='bbox 2365 2882 2649 2938; x_wconf 76' lang='lat' dir='ltr'><strong>exterioris</strong></span> <span class='ocrx_word' id='word_1_435' title='bbox 2675 2882 3065 2952; x_wconf 84' lang='lat' dir='ltr'><strong>quinquaginta</strong></span> <span class='ocrx_word' id='word_1_436' title='bbox 3103 2881 3441 2944; x_wconf 84' lang='lat' dir='ltr'><strong>cubitorum,</strong></span> <span class='ocrx_word' id='word_1_437' title='bbox 3476 2889 3531 2934; x_wconf 91' lang='lat' dir='ltr'><strong>et</strong></span> <span class='ocrx_word' id='word_1_438' title='bbox 3569 2879 3745 2951; x_wconf 80' lang='lat' dir='ltr'><strong>longi-</strong></span> 
     </span>
    </p>
   </div>
   <div class='ocr_carea' id='block_1_60' title="bbox 2157 2965 3748 3040">
    <p class='ocr_par' dir='ltr' id='par_1_60' title="bbox 2157 2965 3748 3040">
     <span class='ocr_line' id='line_1_60' title="bbox 2157 2965 3748 3040; baseline -0.002 -15"><span class='ocrx_word' id='word_1_439' title='bbox 2157 2992 2174 3025; x_wconf 83' lang='grc'><strong><em>‹</em></strong></span> <span class='ocrx_word' id='word_1_440' title='bbox 2213 2973 2340 3027; x_wconf 83' lang='lat' dir='ltr'><strong>tudo</strong></span> <span class='ocrx_word' id='word_1_441' title='bbox 2365 2981 2490 3026; x_wconf 90' lang='lat' dir='ltr'><strong>ante</strong></span> <span class='ocrx_word' id='word_1_442' title='bbox 2515 2971 2708 3026; x_wconf 86' lang='lat' dir='ltr'><strong>faciem</strong></span> <span class='ocrx_word' id='word_1_443' title='bbox 2739 2971 2920 3040; x_wconf 82' lang='lat' dir='ltr'><strong>templi</strong></span> <span class='ocrx_word' id='word_1_444' title='bbox 2941 2979 3159 3025; x_wconf 85' lang='lat' dir='ltr'><strong>centum</strong></span> <span class='ocrx_word' id='word_1_445' title='bbox 3181 2965 3506 3024; x_wconf 73' lang='lat' dir='ltr'><strong>cubitorum.</strong></span> <span class='ocrx_word' id='word_1_446' title='bbox 3535 2968 3601 3022; x_wconf 86' lang='lat' dir='ltr'><strong>Et</strong></span> <span class='ocrx_word' id='word_1_447' title='bbox 3625 2974 3748 3023; x_wconf 83' lang='lat' dir='ltr'><strong>erat</strong></span> 
     </span>
    </p>
   </div>
   <div class='ocr_carea' id='block_1_61' title="bbox 2160 3058 3744 3135">
    <p class='ocr_par' dir='ltr' id='par_1_61' title="bbox 2160 3058 3744 3135">
     <span class='ocr_line' id='line_1_61' title="bbox 2160 3058 3744 3135; baseline -0.004 -19"><span class='ocrx_word' id='word_1_448' title='bbox 2160 3084 2178 3116; x_wconf 74' lang='grc' dir='ltr'>ι</span> <span class='ocrx_word' id='word_1_449' title='bbox 2214 3065 2400 3120; x_wconf 89' lang='lat' dir='ltr'><strong>subter</strong></span> <span class='ocrx_word' id='word_1_450' title='bbox 2435 3062 2816 3135; x_wconf 87' lang='lat' dir='ltr'><strong>gazophylacia</strong></span> <span class='ocrx_word' id='word_1_451' title='bbox 2861 3062 2977 3117; x_wconf 69' lang='lat' dir='ltr'><strong>base</strong></span> <span class='ocrx_word' id='word_1_452' title='bbox 3010 3060 3263 3116; x_wconf 91' lang='lat' dir='ltr'><strong>introitus</strong></span> <span class='ocrx_word' id='word_1_453' title='bbox 3303 3060 3373 3113; x_wconf 90' lang='lat' dir='ltr'><strong>ab</strong></span> <span class='ocrx_word' id='word_1_454' title='bbox 3414 3059 3626 3114; x_wconf 90' lang='lat' dir='ltr'><strong>oriente</strong></span> <span class='ocrx_word' id='word_1_455' title='bbox 3658 3058 3744 3111; x_wconf 78' lang='lat' dir='ltr'><strong>in-</strong></span> 
     </span>
    </p>
   </div>
   <div class='ocr_carea' id='block_1_62' title="bbox 2159 3148 3744 3226">
    <p class='ocr_par' dir='ltr' id='par_1_62' title="bbox 2159 3148 3744 3226">
     <span class='ocr_line' id='line_1_62' title="bbox 2159 3148 3744 3226; baseline -0.003 -19"><span class='ocrx_word' id='word_1_456' title='bbox 2159 3175 2178 3207; x_wconf 84' lang='grc'><em>‹</em></span> <span class='ocrx_word' id='word_1_457' title='bbox 2213 3156 2566 3226; x_wconf 85' lang='lat' dir='ltr'><strong>gredientium</strong></span> <span class='ocrx_word' id='word_1_458' title='bbox 2596 3154 2648 3207; x_wconf 91' lang='lat' dir='ltr'><strong>in</strong></span> <span class='ocrx_word' id='word_1_459' title='bbox 2690 3168 2758 3207; x_wconf 85' lang='lat' dir='ltr'><strong>ea</strong></span> <span class='ocrx_word' id='word_1_460' title='bbox 2782 3153 2846 3206; x_wconf 88' lang='lat' dir='ltr'><strong>de</strong></span> <span class='ocrx_word' id='word_1_461' title='bbox 2881 3152 3020 3206; x_wconf 90' lang='lat' dir='ltr'><strong>atrio</strong></span> <span class='ocrx_word' id='word_1_462' title='bbox 3060 3149 3338 3215; x_wconf 84' lang='lat' dir='ltr'><strong>exteriori,</strong></span> <span class='ocrx_word' id='word_1_463' title='bbox 3369 3150 3422 3203; x_wconf 89' lang='lat' dir='ltr'><strong>in</strong></span> <span class='ocrx_word' id='word_1_464' title='bbox 3460 3148 3744 3203; x_wconf 84' lang='lat' dir='ltr'><strong>latitudine</strong></span> 
     </span>
    </p>
   </div>
   <div class='ocr_carea' id='block_1_63' title="bbox 476 3239 3743 3317">
    <p class='ocr_par' dir='ltr' id='par_1_63' title="bbox 476 3239 3743 3317">
     <span class='ocr_line' id='line_1_63' title="bbox 476 3239 3743 3317; baseline -0.002 -18"><span class='ocrx_word' id='word_1_465' title='bbox 476 3248 580 3301; x_wconf 74' lang='lat' dir='ltr'><strong>ﬁxa</strong></span> <span class='ocrx_word' id='word_1_466' title='bbox 611 3259 822 3315; x_wconf 88' lang='lat' dir='ltr'><strong>semper</strong></span> <span class='ocrx_word' id='word_1_467' title='bbox 861 3243 1156 3298; x_wconf 85' lang='lat' dir='ltr'><strong>intentione</strong></span> <span class='ocrx_word' id='word_1_468' title='bbox 1194 3243 1543 3297; x_wconf 88' lang='lat' dir='ltr'><strong>meditantur.</strong></span> <span class='ocrx_word' id='word_1_469' title='bbox 1605 3243 1789 3296; x_wconf 86' lang='lat' dir='ltr'><strong>Palma</strong></span> <span class='ocrx_word' id='word_1_470' title='bbox 1818 3259 2048 3312; x_wconf 86' lang='lat' dir='ltr'><strong>namque</strong></span> <span class='ocrx_word' id='word_1_471' title='bbox 2076 3246 2119 3307; x_wconf 90' lang='lat' dir='ltr'><strong><em>C</em></strong></span> <span class='ocrx_word' id='word_1_472' title='bbox 2157 3267 2174 3298; x_wconf 89' lang='grc'><strong>‹</strong></span> <span class='ocrx_word' id='word_1_473' title='bbox 2212 3246 2432 3317; x_wconf 89' lang='lat' dir='ltr'><strong>periboli</strong></span> <span class='ocrx_word' id='word_1_474' title='bbox 2461 3246 2603 3309; x_wconf 90' lang='lat' dir='ltr'><strong>atrii,</strong></span> <span class='ocrx_word' id='word_1_475' title='bbox 2635 3245 2778 3314; x_wconf 91' lang='lat' dir='ltr'><strong>quod</strong></span> <span class='ocrx_word' id='word_1_476' title='bbox 2809 3251 2929 3297; x_wconf 89' lang='lat' dir='ltr'><strong>erat</strong></span> <span class='ocrx_word' id='word_1_477' title='bbox 2957 3251 3145 3297; x_wconf 88' lang='lat' dir='ltr'><strong>contra</strong></span> <span class='ocrx_word' id='word_1_478' title='bbox 3174 3241 3315 3296; x_wconf 86' lang='lat' dir='ltr'><strong>viam</strong></span> <span class='ocrx_word' id='word_1_479' title='bbox 3339 3239 3659 3295; x_wconf 88' lang='lat' dir='ltr'><strong>orientalem</strong></span> <span class='ocrx_word' id='word_1_480' title='bbox 3687 3239 3743 3293; x_wconf 88' lang='lat' dir='ltr'><strong>in</strong></span> 
     </span>
    </p>
   </div>
   <div class='ocr_carea' id='block_1_64' title="bbox 477 3332 2047 3404">
    <p class='ocr_par' dir='ltr' id='par_1_64' title="bbox 477 3332 2047 3404">
     <span class='ocr_line' id='line_1_64' title="bbox 477 3332 2047 3404; baseline -0.004 -11"><span class='ocrx_word' id='word_1_481' title='bbox 477 3353 668 3393; x_wconf 87' lang='lat' dir='ltr'><strong>manus</strong></span> <span class='ocrx_word' id='word_1_482' title='bbox 709 3335 950 3390; x_wconf 80' lang='lat' dir='ltr'><strong>victricis</strong></span> <span class='ocrx_word' id='word_1_483' title='bbox 999 3343 1224 3388; x_wconf 89' lang='lat' dir='ltr'><strong>ornatus</strong></span> <span class='ocrx_word' id='word_1_484' title='bbox 1271 3342 1373 3388; x_wconf 90' lang='lat' dir='ltr'><strong>est.</strong></span> <span class='ocrx_word' id='word_1_485' title='bbox 1425 3332 1693 3404; x_wconf 85' lang='lat' dir='ltr'><strong>(Hieron.)</strong></span> <span class='ocrx_word' id='word_1_486' title='bbox 1727 3332 1899 3402; x_wconf 90' lang='lat' dir='ltr'><strong>Super</strong></span> <span class='ocrx_word' id='word_1_487' title='bbox 1927 3347 2047 3403; x_wconf 71' lang='lat' dir='ltr'><strong>quae</strong></span> 
     </span>
    </p>
   </div>
   <div class='ocr_carea' id='block_1_65' title="bbox 475 3426 2048 3496">
    <p class='ocr_par' dir='ltr' id='par_1_65' title="bbox 475 3426 2048 3496">
     <span class='ocr_line' id='line_1_65' title="bbox 475 3426 2048 3496; baseline -0.003 -13"><span class='ocrx_word' id='word_1_488' title='bbox 475 3431 613 3485; x_wconf 89' lang='lat' dir='ltr'><strong>ostia</strong></span> <span class='ocrx_word' id='word_1_489' title='bbox 658 3437 815 3484; x_wconf 90' lang='lat' dir='ltr'><strong>erant</strong></span> <span class='ocrx_word' id='word_1_490' title='bbox 859 3428 1112 3482; x_wconf 67' lang='lat' dir='ltr'><strong>fenestra:</strong></span> <span class='ocrx_word' id='word_1_491' title='bbox 1148 3426 1379 3496; x_wconf 58' lang='lat' dir='ltr'><strong>obliqua!</strong></span> <span class='ocrx_word' id='word_1_492' title='bbox 1423 3427 1536 3481; x_wconf 81' lang='lat' dir='ltr'><strong>sive</strong></span> <span class='ocrx_word' id='word_1_493' title='bbox 1578 3427 1940 3491; x_wconf 76' lang='lat' dir='ltr'><strong>absconditze,</strong></span> <span class='ocrx_word' id='word_1_494' title='bbox 1991 3433 2048 3480; x_wconf 90' lang='lat' dir='ltr'><strong>ut</strong></span> 
     </span>
    </p>
   </div>
   <div class='ocr_carea' id='block_1_66' title="bbox 477 3515 2043 3588">
    <p class='ocr_par' dir='ltr' id='par_1_66' title="bbox 477 3515 2043 3588">
     <span class='ocr_line' id='line_1_66' title="bbox 477 3515 2043 3588; baseline -0.002 -17"><span class='ocrx_word' id='word_1_495' title='bbox 477 3519 650 3588; x_wconf 87' lang='lat' dir='ltr'><strong>ipsum</strong></span> <span class='ocrx_word' id='word_1_496' title='bbox 675 3531 887 3586; x_wconf 90' lang='lat' dir='ltr'><strong>quoque</strong></span> <span class='ocrx_word' id='word_1_497' title='bbox 922 3516 1122 3578; x_wconf 85' lang='lat' dir='ltr'><strong>lumen,</strong></span> <span class='ocrx_word' id='word_1_498' title='bbox 1154 3517 1295 3584; x_wconf 90' lang='lat' dir='ltr'><strong>quod</strong></span> <span class='ocrx_word' id='word_1_499' title='bbox 1324 3515 1664 3584; x_wconf 86' lang='lat' dir='ltr'><strong>praebebatur</strong></span> <span class='ocrx_word' id='word_1_500' title='bbox 1702 3515 2043 3576; x_wconf 85' lang='lat' dir='ltr'><strong>intrinsecus,</strong></span> 
     </span>
    </p>
   </div>
   <div class='ocr_carea' id='block_1_67' title="bbox 475 3604 2046 3675">
    <p class='ocr_par' dir='ltr' id='par_1_67' title="bbox 475 3604 2046 3675">
     <span class='ocr_line' id='line_1_67' title="bbox 475 3604 2046 3675; baseline -0.002 -15"><span class='ocrx_word' id='word_1_501' title='bbox 475 3623 578 3660; x_wconf 86' lang='lat' dir='ltr'><strong>non</strong></span> <span class='ocrx_word' id='word_1_502' title='bbox 605 3606 829 3660; x_wconf 80' lang='lat' dir='ltr'><strong>haberet</strong></span> <span class='ocrx_word' id='word_1_503' title='bbox 855 3605 1146 3675; x_wconf 81' lang='lat' dir='ltr'><strong>perfectam</strong></span> <span class='ocrx_word' id='word_1_504' title='bbox 1174 3604 1478 3668; x_wconf 62' lang='lat' dir='ltr'><strong>scientiam,</strong></span> <span class='ocrx_word' id='word_1_505' title='bbox 1508 3619 1606 3658; x_wconf 83' lang='lat' dir='ltr'><strong>nec</strong></span> <span class='ocrx_word' id='word_1_506' title='bbox 1632 3604 1837 3656; x_wconf 85' lang='lat' dir='ltr'><strong>clarum</strong></span> <span class='ocrx_word' id='word_1_507' title='bbox 1870 3604 2046 3657; x_wconf 88' lang='lat' dir='ltr'><strong>lumen</strong></span> 
     </span>
    </p>
   </div>
   <div class='ocr_carea' id='block_1_68' title="bbox 477 3693 2045 3765">
    <p class='ocr_par' dir='ltr' id='par_1_68' title="bbox 477 3693 2045 3765">
     <span class='ocr_line' id='line_1_68' title="bbox 477 3693 2045 3765; baseline -0.005 -13"><span class='ocrx_word' id='word_1_508' title='bbox 477 3706 532 3752; x_wconf 87' lang='lat' dir='ltr'><strong>et</strong></span> <span class='ocrx_word' id='word_1_509' title='bbox 562 3697 767 3752; x_wconf 83' lang='lat' dir='ltr'><strong>cunctis</strong></span> <span class='ocrx_word' id='word_1_510' title='bbox 810 3706 1020 3765; x_wconf 88' lang='lat' dir='ltr'><strong>patens,</strong></span> <span class='ocrx_word' id='word_1_511' title='bbox 1057 3696 1148 3750; x_wconf 85' lang='lat' dir='ltr'><strong>sed</strong></span> <span class='ocrx_word' id='word_1_512' title='bbox 1177 3695 1432 3765; x_wconf 86' lang='lat' dir='ltr'><strong>pleraque</strong></span> <span class='ocrx_word' id='word_1_513' title='bbox 1463 3709 1527 3748; x_wconf 75' lang='lat' dir='ltr'><strong>ex</strong></span> <span class='ocrx_word' id='word_1_514' title='bbox 1562 3703 1712 3764; x_wconf 88' lang='lat' dir='ltr'><strong>parte</strong></span> <span class='ocrx_word' id='word_1_515' title='bbox 1751 3703 1891 3748; x_wconf 81' lang='lat' dir='ltr'><strong>esset</strong></span> <span class='ocrx_word' id='word_1_516' title='bbox 1921 3693 2045 3746; x_wconf 86' lang='lat' dir='ltr'><strong>abs-</strong></span> 
     </span>
    </p>
   </div>
   <div class='ocr_carea' id='block_1_69' title="bbox 480 3785 2044 3853">
    <p class='ocr_par' dir='ltr' id='par_1_69' title="bbox 480 3785 2044 3853">
     <span class='ocr_line' id='line_1_69' title="bbox 480 3785 2044 3853; baseline -0.004 -12"><span class='ocrx_word' id='word_1_517' title='bbox 480 3788 774 3841; x_wconf 88' lang='lat' dir='ltr'><strong>conditum.</strong></span> <span class='ocrx_word' id='word_1_518' title='bbox 828 3787 978 3840; x_wconf 79' lang='lat' dir='ltr'><strong>Nunc</strong></span> <span class='ocrx_word' id='word_1_519' title='bbox 1025 3786 1166 3841; x_wconf 91' lang='lat' dir='ltr'><strong>enim</strong></span> <span class='ocrx_word' id='word_1_520' title='bbox 1221 3785 1461 3839; x_wconf 76' lang='lat' dir='ltr'><strong>videmus</strong></span> <span class='ocrx_word' id='word_1_521' title='bbox 1523 3785 1574 3838; x_wconf 91' lang='lat' dir='ltr'><strong>in</strong></span> <span class='ocrx_word' id='word_1_522' title='bbox 1633 3785 1949 3853; x_wconf 80' lang='lat' dir='ltr'><strong>:rnigmatc,</strong></span> <span class='ocrx_word' id='word_1_523' title='bbox 1995 3790 2044 3836; x_wconf 90' lang='lat' dir='ltr'><strong>et</strong></span> 
     </span>
    </p>
   </div>
   <div class='ocr_carea' id='block_1_70' title="bbox 482 3873 2048 3943">
    <p class='ocr_par' dir='ltr' id='par_1_70' title="bbox 482 3873 2048 3943">
     <span class='ocr_line' id='line_1_70' title="bbox 482 3873 2048 3943; baseline -0.004 -13"><span class='ocrx_word' id='word_1_524' title='bbox 482 3877 709 3930; x_wconf 78' lang='lat' dir='ltr'><strong>nec-:lum</strong></span> <span class='ocrx_word' id='word_1_525' title='bbox 741 3877 985 3930; x_wconf 91' lang='lat' dir='ltr'><strong>novimus</strong></span> <span class='ocrx_word' id='word_1_526' title='bbox 1012 3876 1149 3929; x_wconf 88' lang='lat' dir='ltr'><strong>sicut</strong></span> <span class='ocrx_word' id='word_1_527' title='bbox 1169 3883 1381 3943; x_wconf 85' lang='lat' dir='ltr'><strong>oportet</strong></span> <span class='ocrx_word' id='word_1_528' title='bbox 1406 3890 1502 3927; x_wconf 91' lang='lat' dir='ltr'><strong>nos</strong></span> <span class='ocrx_word' id='word_1_529' title='bbox 1525 3874 1680 3927; x_wconf 90' lang='lat' dir='ltr'><strong>seire.</strong></span> <span class='ocrx_word' id='word_1_530' title='bbox 1709 3873 1841 3927; x_wconf 86' lang='lat' dir='ltr'><strong>Cum</strong></span> <span class='ocrx_word' id='word_1_531' title='bbox 1869 3881 2048 3925; x_wconf 87' lang='lat' dir='ltr'><strong>autem</strong></span> 
     </span>
    </p>
   </div>
   <div class='ocr_carea' id='block_1_71' title="bbox 481 3966 2050 4037">
    <p class='ocr_par' dir='ltr' id='par_1_71' title="bbox 481 3966 2050 4037">
     <span class='ocr_line' id='line_1_71' title="bbox 481 3966 2050 4037; baseline -0.004 -14"><span class='ocrx_word' id='word_1_532' title='bbox 481 3970 692 4024; x_wconf 82' lang='lat' dir='ltr'><strong>venerit</strong></span> <span class='ocrx_word' id='word_1_533' title='bbox 733 3969 874 4037; x_wconf 86' lang='lat' dir='ltr'><strong>quod</strong></span> <span class='ocrx_word' id='word_1_534' title='bbox 925 3966 1217 4036; x_wconf 82' lang='lat' dir='ltr'><strong>perfectum</strong></span> <span class='ocrx_word' id='word_1_535' title='bbox 1267 3977 1378 4031; x_wconf 89' lang='lat' dir='ltr'><strong>est,</strong></span> <span class='ocrx_word' id='word_1_536' title='bbox 1429 3977 1551 4020; x_wconf 85' lang='lat' dir='ltr'><strong>tunc</strong></span> <span class='ocrx_word' id='word_1_537' title='bbox 1597 3967 1736 4034; x_wconf 89' lang='lat' dir='ltr'><strong>quod</strong></span> <span class='ocrx_word' id='word_1_538' title='bbox 1785 3981 1847 4018; x_wconf 76' lang='lat' dir='ltr'><strong>ex</strong></span> <span class='ocrx_word' id='word_1_539' title='bbox 1897 3973 2050 4035; x_wconf 88' lang='lat' dir='ltr'><strong>parte</strong></span> 
     </span>
    </p>
   </div>
   <div class='ocr_carea' id='block_1_72' title="bbox 481 4054 2052 4124">
    <p class='ocr_par' dir='ltr' id='par_1_72' title="bbox 481 4054 2052 4124">
     <span class='ocr_line' id='line_1_72' title="bbox 481 4054 2052 4124; baseline -0.006 -9"><span class='ocrx_word' id='word_1_540' title='bbox 481 4061 659 4116; x_wconf 87' lang='lat' dir='ltr'><strong>fuerat</strong></span> <span class='ocrx_word' id='word_1_541' title='bbox 687 4061 1010 4114; x_wconf 87' lang='lat' dir='ltr'><strong>destruetur.</strong></span> <span class='ocrx_word' id='word_1_542' title='bbox 1056 4057 1121 4110; x_wconf 82' lang='lat' dir='ltr'><strong>Et</strong></span> <span class='ocrx_word' id='word_1_543' title='bbox 1142 4064 1258 4110; x_wconf 88' lang='lat' dir='ltr'><strong>erat</strong></span> <span class='ocrx_word' id='word_1_544' title='bbox 1284 4055 1576 4109; x_wconf 86' lang='lat' dir='ltr'><strong>similitudo</strong></span> <span class='ocrx_word' id='word_1_545' title='bbox 1598 4056 1894 4124; x_wconf 85' lang='lat' dir='ltr'><strong>palmarum</strong></span> <span class='ocrx_word' id='word_1_546' title='bbox 1925 4054 2052 4107; x_wconf 87' lang='lat' dir='ltr'><strong>hinc</strong></span> 
     </span>
    </p>
   </div>
   <div class='ocr_carea' id='block_1_73' title="bbox 481 4144 2050 4218">
    <p class='ocr_par' dir='ltr' id='par_1_73' title="bbox 481 4144 2050 4218">
     <span class='ocr_line' id='line_1_73' title="bbox 481 4144 2050 4218; baseline -0.005 -14"><span class='ocrx_word' id='word_1_547' title='bbox 481 4158 641 4218; x_wconf 87' lang='lat' dir='ltr'><strong>atque</strong></span> <span class='ocrx_word' id='word_1_548' title='bbox 669 4149 808 4202; x_wconf 88' lang='lat' dir='ltr'><strong>inde.</strong></span> <span class='ocrx_word' id='word_1_549' title='bbox 845 4147 1132 4218; x_wconf 81' lang='lat' dir='ltr'><strong>Eleganter</strong></span> <span class='ocrx_word' id='word_1_550' title='bbox 1168 4147 1220 4199; x_wconf 92' lang='lat' dir='ltr'><strong>in</strong></span> <span class='ocrx_word' id='word_1_551' title='bbox 1250 4146 1598 4198; x_wconf 82' lang='lat' dir='ltr'><strong>interioribus</strong></span> <span class='ocrx_word' id='word_1_552' title='bbox 1626 4144 1805 4212; x_wconf 83' lang='lat' dir='ltr'><strong>templi</strong></span> <span class='ocrx_word' id='word_1_553' title='bbox 1837 4154 1889 4197; x_wconf 91' lang='lat' dir='ltr'><strong>et</strong></span> <span class='ocrx_word' id='word_1_554' title='bbox 1927 4159 2050 4198; x_wconf 84' lang='lat' dir='ltr'><strong>san-</strong></span> 
     </span>
    </p>
   </div>
   <div class='ocr_carea' id='block_1_74' title="bbox 481 4234 2052 4306">
    <p class='ocr_par' dir='ltr' id='par_1_74' title="bbox 481 4234 2052 4306">
     <span class='ocr_line' id='line_1_74' title="bbox 481 4234 2052 4306; baseline -0.006 -10"><span class='ocrx_word' id='word_1_555' title='bbox 481 4243 581 4296; x_wconf 92' lang='lat' dir='ltr'><strong>ctis</strong></span> <span class='ocrx_word' id='word_1_556' title='bbox 615 4247 924 4294; x_wconf 87' lang='lat' dir='ltr'><strong>sanctorum</strong></span> <span class='ocrx_word' id='word_1_557' title='bbox 962 4253 1066 4291; x_wconf 91' lang='lat' dir='ltr'><strong>non</strong></span> <span class='ocrx_word' id='word_1_558' title='bbox 1095 4236 1272 4306; x_wconf 88' lang='lat' dir='ltr'><strong>posuit</strong></span> <span class='ocrx_word' id='word_1_559' title='bbox 1312 4235 1557 4288; x_wconf 82' lang='lat' dir='ltr'><strong>dextram</strong></span> <span class='ocrx_word' id='word_1_560' title='bbox 1580 4243 1631 4288; x_wconf 91' lang='lat' dir='ltr'><strong>et</strong></span> <span class='ocrx_word' id='word_1_561' title='bbox 1658 4234 1950 4296; x_wconf 83' lang='lat' dir='ltr'><strong>sinistram,</strong></span> <span class='ocrx_word' id='word_1_562' title='bbox 1987 4248 2052 4287; x_wconf 92' lang='lat' dir='ltr'><strong>ne</strong></span> 
     </span>
    </p>
   </div>
   <div class='ocr_carea' id='block_1_75' title="bbox 483 4326 2048 4399">
    <p class='ocr_par' dir='ltr' id='par_1_75' title="bbox 483 4326 2048 4399">
     <span class='ocr_line' id='line_1_75' title="bbox 483 4326 2048 4399; baseline -0.003 -17"><span class='ocrx_word' id='word_1_563' title='bbox 483 4330 611 4399; x_wconf 82' lang='lat' dir='ltr'><strong>quid</strong></span> <span class='ocrx_word' id='word_1_564' title='bbox 639 4329 915 4383; x_wconf 90' lang='lat' dir='ltr'><strong>sinistrum</strong></span> <span class='ocrx_word' id='word_1_565' title='bbox 958 4326 1009 4380; x_wconf 93' lang='lat' dir='ltr'><strong>in</strong></span> <span class='ocrx_word' id='word_1_566' title='bbox 1063 4327 1146 4380; x_wconf 87' lang='lat' dir='ltr'><strong>his</strong></span> <span class='ocrx_word' id='word_1_567' title='bbox 1196 4341 1317 4396; x_wconf 74' lang='lat' dir='ltr'><strong>qua:</strong></span> <span class='ocrx_word' id='word_1_568' title='bbox 1357 4340 1546 4395; x_wconf 82' lang='lat' dir='ltr'><strong>magna</strong></span> <span class='ocrx_word' id='word_1_569' title='bbox 1593 4334 1718 4379; x_wconf 90' lang='lat' dir='ltr'><strong>sunt</strong></span> <span class='ocrx_word' id='word_1_570' title='bbox 1759 4333 1811 4379; x_wconf 87' lang='lat' dir='ltr'><strong>et</strong></span> <span class='ocrx_word' id='word_1_571' title='bbox 1855 4339 2048 4378; x_wconf 87' lang='lat' dir='ltr'><strong>arcana</strong></span> 
     </span>
    </p>
   </div>
   <div class='ocr_carea' id='block_1_76' title="bbox 481 4417 2051 4489">
    <p class='ocr_par' dir='ltr' id='par_1_76' title="bbox 481 4417 2051 4489">
     <span class='ocr_line' id='line_1_76' title="bbox 481 4417 2051 4489; baseline -0.003 -12"><span class='ocrx_word' id='word_1_572' title='bbox 481 4423 659 4477; x_wconf 70' lang='lat' dir='ltr'><strong>diceze</strong></span> <span class='ocrx_word' id='word_1_573' title='bbox 708 4420 1002 4483; x_wconf 83' lang='lat' dir='ltr'><strong>videretur,</strong></span> <span class='ocrx_word' id='word_1_574' title='bbox 1047 4417 1138 4472; x_wconf 84' lang='lat' dir='ltr'><strong>sed</strong></span> <span class='ocrx_word' id='word_1_575' title='bbox 1189 4419 1314 4472; x_wconf 88' lang='lat' dir='ltr'><strong>hinc</strong></span> <span class='ocrx_word' id='word_1_576' title='bbox 1343 4428 1503 4488; x_wconf 88' lang='lat' dir='ltr'><strong>atque</strong></span> <span class='ocrx_word' id='word_1_577' title='bbox 1533 4418 1674 4482; x_wconf 90' lang='lat' dir='ltr'><strong>inde,</strong></span> <span class='ocrx_word' id='word_1_578' title='bbox 1723 4418 1873 4489; x_wconf 81' lang='lat' dir='ltr'><strong>juxta</strong></span> <span class='ocrx_word' id='word_1_579' title='bbox 1924 4417 2051 4472; x_wconf 89' lang='lat' dir='ltr'><strong>illud</strong></span> 
     </span>
    </p>
   </div>
   <div class='ocr_carea' id='block_1_77' title="bbox 480 4508 2052 4580">
    <p class='ocr_par' dir='ltr' id='par_1_77' title="bbox 480 4508 2052 4580">
     <span class='ocr_line' id='line_1_77' title="bbox 480 4508 2052 4580; baseline -0.003 -15"><span class='ocrx_word' id='word_1_580' title='bbox 480 4512 620 4580; x_wconf 85' lang='lat' dir='ltr'><strong>quod</strong></span> <span class='ocrx_word' id='word_1_581' title='bbox 650 4511 700 4564; x_wconf 93' lang='lat' dir='ltr'><strong>in</strong></span> <span class='ocrx_word' id='word_1_582' title='bbox 726 4510 1013 4580; x_wconf 82' lang='lat' dir='ltr'><strong>Evangelia</strong></span> <span class='ocrx_word' id='word_1_583' title='bbox 1042 4510 1300 4578; x_wconf 88' lang='lat' dir='ltr'><strong>scriptum</strong></span> <span class='ocrx_word' id='word_1_584' title='bbox 1324 4519 1409 4563; x_wconf 88' lang='lat' dir='ltr'><strong>est</strong></span> <span class='ocrx_word' id='word_1_585' title='bbox 1436 4527 1447 4560; x_wconf 92' lang='lat'>:</span> <span class='ocrx_word' id='word_1_586' title='bbox 1479 4527 1495 4558; x_wconf 75' lang='grc' dir='ltr'>ι</span> <span class='ocrx_word' id='word_1_587' title='bbox 1525 4508 1624 4575; x_wconf 87' lang='lat' dir='ltr'><strong>Qui</strong></span> <span class='ocrx_word' id='word_1_588' title='bbox 1654 4518 1702 4562; x_wconf 89' lang='lat' dir='ltr'><strong>te</strong></span> <span class='ocrx_word' id='word_1_589' title='bbox 1726 4509 2052 4579; x_wconf 80' lang='lat' dir='ltr'><strong>percusserit</strong></span> 
     </span>
    </p>
   </div>
   <div class='ocr_carea' id='block_1_78' title="bbox 480 4593 2128 4670">
    <p class='ocr_par' dir='ltr' id='par_1_78' title="bbox 480 4593 2128 4670">
     <span class='ocr_line' id='line_1_78' title="bbox 480 4593 2128 4670; baseline -0.005 -13"><span class='ocrx_word' id='word_1_590' title='bbox 480 4606 534 4658; x_wconf 87' lang='lat' dir='ltr'><strong>in</strong></span> <span class='ocrx_word' id='word_1_591' title='bbox 565 4604 808 4657; x_wconf 83' lang='lat' dir='ltr'><strong>dextram</strong></span> <span class='ocrx_word' id='word_1_592' title='bbox 840 4601 1135 4663; x_wconf 79' lang='lat' dir='ltr'><strong>maxillam,</strong></span> <span class='ocrx_word' id='word_1_593' title='bbox 1185 4601 1364 4670; x_wconf 69' lang='lat' dir='ltr'><strong>prmbe</strong></span> <span class='ocrx_word' id='word_1_594' title='bbox 1391 4602 1436 4654; x_wconf 89' lang='lat' dir='ltr'><strong>ei</strong></span> <span class='ocrx_word' id='word_1_595' title='bbox 1469 4607 1522 4654; x_wconf 88' lang='lat' dir='ltr'><strong>et</strong></span> <span class='ocrx_word' id='word_1_596' title='bbox 1553 4600 1777 4654; x_wconf 87' lang='lat' dir='ltr'><strong>alteram</strong></span> <span class='ocrx_word' id='word_1_597' title='bbox 1832 4599 2044 4670; x_wconf 80' lang='lat' dir='ltr'><strong>(Matth.</strong></span> <span class='ocrx_word' id='word_1_598' title='bbox 2081 4593 2128 4649; x_wconf 87' lang='lat' dir='ltr'>D</span> 
     </span>
    </p>
   </div>
   <div class='ocr_carea' id='block_1_79' title="bbox 481 4692 2052 4765">
    <p class='ocr_par' dir='ltr' id='par_1_79' title="bbox 481 4692 2052 4765">
     <span class='ocr_line' id='line_1_79' title="bbox 481 4692 2052 4765; baseline -0.001 -18"><span class='ocrx_word' id='word_1_599' title='bbox 481 4695 554 4765; x_wconf 78' lang='grc' dir='ltr'><strong>ν).</strong></span> <span class='ocrx_word' id='word_1_600' title='bbox 596 4716 614 4746; x_wconf 75' lang='grc' dir='ltr'><strong><em>ι</em></strong></span> <span class='ocrx_word' id='word_1_601' title='bbox 653 4693 902 4762; x_wconf 74' lang='lat' dir='ltr'><strong>Nunquid</strong></span> <span class='ocrx_word' id='word_1_602' title='bbox 931 4695 1108 4746; x_wconf 85' lang='lat' dir='ltr'><strong>dicere</strong></span> <span class='ocrx_word' id='word_1_603' title='bbox 1158 4709 1261 4746; x_wconf 89' lang='lat' dir='ltr'><strong>non</strong></span> <span class='ocrx_word' id='word_1_604' title='bbox 1308 4693 1481 4761; x_wconf 89' lang='lat' dir='ltr'><strong>potuit</strong></span> <span class='ocrx_word' id='word_1_605' title='bbox 1520 4703 1573 4746; x_wconf 90' lang='lat' dir='ltr'><strong>et</strong></span> <span class='ocrx_word' id='word_1_606' title='bbox 1607 4693 1918 4746; x_wconf 84' lang='lat' dir='ltr'><strong>sinistram?</strong></span> <span class='ocrx_word' id='word_1_607' title='bbox 1948 4692 2052 4748; x_wconf 90' lang='lat' dir='ltr'><strong>Sed</strong></span> 
     </span>
    </p>
   </div>
   <div class='ocr_carea' id='block_1_80' title="bbox 484 4781 2050 4853">
    <p class='ocr_par' dir='ltr' id='par_1_80' title="bbox 484 4781 2050 4853">
     <span class='ocr_line' id='line_1_80' title="bbox 484 4781 2050 4853; baseline -0.003 -16"><span class='ocrx_word' id='word_1_608' title='bbox 484 4783 700 4853; x_wconf 85' lang='lat' dir='ltr'><strong>quando</strong></span> <span class='ocrx_word' id='word_1_609' title='bbox 743 4781 1041 4852; x_wconf 86' lang='lat' dir='ltr'><strong>percutitur</strong></span> <span class='ocrx_word' id='word_1_610' title='bbox 1089 4781 1296 4843; x_wconf 81' lang='lat' dir='ltr'><strong>dextra,</strong></span> <span class='ocrx_word' id='word_1_611' title='bbox 1327 4781 1596 4850; x_wconf 69' lang='lat' dir='ltr'><strong>praebetur</strong></span> <span class='ocrx_word' id='word_1_612' title='bbox 1636 4781 1802 4834; x_wconf 85' lang='lat' dir='ltr'><strong>altera</strong></span> <span class='ocrx_word' id='word_1_613' title='bbox 1842 4784 2050 4846; x_wconf 75' lang='lat' dir='ltr'><strong>dextra,</strong></span> 
     </span>
    </p>
   </div>
   <div class='ocr_carea' id='block_1_81' title="bbox 481 4869 2053 4944">
    <p class='ocr_par' dir='ltr' id='par_1_81' title="bbox 481 4869 2053 4944">
     <span class='ocr_line' id='line_1_81' title="bbox 481 4869 2053 4944; baseline -0.002 -17"><span class='ocrx_word' id='word_1_614' title='bbox 481 4876 606 4944; x_wconf 86' lang='lat' dir='ltr'><strong>quia</strong></span> <span class='ocrx_word' id='word_1_615' title='bbox 630 4874 681 4926; x_wconf 91' lang='lat' dir='ltr'><strong>in</strong></span> <span class='ocrx_word' id='word_1_616' title='bbox 705 4881 894 4926; x_wconf 88' lang='lat' dir='ltr'><strong>sancto</strong></span> <span class='ocrx_word' id='word_1_617' title='bbox 915 4873 1030 4925; x_wconf 91' lang='lat' dir='ltr'><strong>viro</strong></span> <span class='ocrx_word' id='word_1_618' title='bbox 1050 4878 1336 4941; x_wconf 87' lang='lat' dir='ltr'><strong>utrumque</strong></span> <span class='ocrx_word' id='word_1_619' title='bbox 1353 4869 1618 4933; x_wconf 82' lang='lat' dir='ltr'><strong>dextrum,</strong></span> <span class='ocrx_word' id='word_1_620' title='bbox 1638 4881 1924 4940; x_wconf 86' lang='lat' dir='ltr'><strong>utrumque</strong></span> <span class='ocrx_word' id='word_1_621' title='bbox 1941 4887 2053 4941; x_wconf 80' lang='lat' dir='ltr'><strong>per-</strong></span> 
     </span>
    </p>
   </div>
   <div class='ocr_carea' id='block_1_82' title="bbox 482 4962 2056 5018">
    <p class='ocr_par' dir='ltr' id='par_1_82' title="bbox 482 4962 2056 5018">
     <span class='ocr_line' id='line_1_82' title="bbox 482 4962 2056 5018; baseline -0.001 -1"><span class='ocrx_word' id='word_1_622' title='bbox 482 4965 678 5018; x_wconf 73' lang='lat' dir='ltr'><strong>l‘ectuzn</strong></span> <span class='ocrx_word' id='word_1_623' title='bbox 707 4973 807 5017; x_wconf 87' lang='lat' dir='ltr'><strong>est.</strong></span> <span class='ocrx_word' id='word_1_624' title='bbox 841 4981 858 5012; x_wconf 70' lang='grc' dir='ltr'>ί</span> <span class='ocrx_word' id='word_1_625' title='bbox 891 4962 958 5015; x_wconf 85' lang='lat' dir='ltr'><strong>Et</strong></span> <span class='ocrx_word' id='word_1_626' title='bbox 981 4963 1031 5015; x_wconf 92' lang='lat' dir='ltr'><strong>in</strong></span> <span class='ocrx_word' id='word_1_627' title='bbox 1061 4963 1355 5017; x_wconf 88' lang='lat' dir='ltr'><strong>humernlis</strong></span> <span class='ocrx_word' id='word_1_628' title='bbox 1377 4964 1625 5017; x_wconf 76' lang='lat' dir='ltr'><strong>vestibuli</strong></span> <span class='ocrx_word' id='word_1_629' title='bbox 1661 4964 1954 5018; x_wconf 85' lang='lat' dir='ltr'><strong>secundum</strong></span> <span class='ocrx_word' id='word_1_630' title='bbox 1981 4965 2056 5016; x_wconf 74' lang='lat' dir='ltr'><strong>la~</strong></span> 
     </span>
    </p>
   </div>
   <div class='ocr_carea' id='block_1_83' title="bbox 485 5055 2057 5128">
    <p class='ocr_par' dir='ltr' id='par_1_83' title="bbox 485 5055 2057 5128">
     <span class='ocr_line' id='line_1_83' title="bbox 485 5055 2057 5128; baseline 0.001 -19"><span class='ocrx_word' id='word_1_631' title='bbox 485 5065 595 5109; x_wconf 87' lang='lat' dir='ltr'><strong>tera</strong></span> <span class='ocrx_word' id='word_1_632' title='bbox 624 5057 814 5109; x_wconf 88' lang='lat' dir='ltr'><strong>domus</strong></span> <span class='ocrx_word' id='word_1_633' title='bbox 844 5055 1285 5124; x_wconf 87' lang='lat' dir='ltr'><strong>latitudinemque</strong></span> <span class='ocrx_word' id='word_1_634' title='bbox 1319 5058 1602 5126; x_wconf 83' lang='lat' dir='ltr'><strong>parietum.</strong></span> <span class='ocrx_word' id='word_1_635' title='bbox 1641 5077 1657 5108; x_wconf 73' lang='grc' dir='ltr'><strong><em>ι</em></strong></span> <span class='ocrx_word' id='word_1_636' title='bbox 1692 5057 1796 5113; x_wconf 78' lang='lat' dir='ltr'><strong>Pro</strong></span> <span class='ocrx_word' id='word_1_637' title='bbox 1824 5075 1928 5128; x_wconf 88' lang='lat' dir='ltr'><strong>quo</strong></span> <span class='ocrx_word' id='word_1_638' title='bbox 1955 5057 2057 5110; x_wconf 83' lang='lat' dir='ltr'><strong>Se-</strong></span> 
     </span>
    </p>
   </div>
   <div class='ocr_carea' id='block_1_84' title="bbox 485 5144 2056 5215">
    <p class='ocr_par' dir='ltr' id='par_1_84' title="bbox 485 5144 2056 5215">
     <span class='ocr_line' id='line_1_84' title="bbox 485 5144 2056 5215; baseline 0.001 -17"><span class='ocrx_word' id='word_1_639' title='bbox 485 5147 758 5215; x_wconf 81' lang='lat' dir='ltr'><strong>ptuaginta</strong></span> <span class='ocrx_word' id='word_1_640' title='bbox 782 5144 1170 5199; x_wconf 87' lang='lat' dir='ltr'><strong>transtulerunt</strong></span> <span class='ocrx_word' id='word_1_641' title='bbox 1193 5147 1242 5199; x_wconf 94' lang='lat' dir='ltr'><strong>in</strong></span> <span class='ocrx_word' id='word_1_642' title='bbox 1268 5147 1609 5214; x_wconf 82' lang='lat' dir='ltr'><strong>laquearibus</strong></span> <span class='ocrx_word' id='word_1_643' title='bbox 1631 5148 1805 5211; x_wconf 69' lang='lat' dir='ltr'><strong>mlum,</strong></span> <span class='ocrx_word' id='word_1_644' title='bbox 1833 5149 1929 5201; x_wconf 86' lang='lat' dir='ltr'><strong>hoc</strong></span> <span class='ocrx_word' id='word_1_645' title='bbox 1952 5157 2056 5211; x_wconf 87' lang='lat' dir='ltr'><strong>cst,</strong></span> 
     </span>
    </p>
   </div>
   <div class='ocr_carea' id='block_1_85' title="bbox 486 5236 2059 5313">
    <p class='ocr_par' dir='ltr' id='par_1_85' title="bbox 486 5236 2059 5313">
     <span class='ocr_line' id='line_1_85' title="bbox 486 5236 2059 5313; baseline 0.003 -24"><span class='ocrx_word' id='word_1_646' title='bbox 486 5238 746 5313; x_wconf 74' lang='grc' dir='ltr'><strong>προπύλου</strong></span> <span class='ocrx_word' id='word_1_647' title='bbox 796 5245 849 5290; x_wconf 92' lang='lat' dir='ltr'><strong>et</strong></span> <span class='ocrx_word' id='word_1_648' title='bbox 903 5236 1071 5290; x_wconf 88' lang='lat' dir='ltr'><strong>latera</strong></span> <span class='ocrx_word' id='word_1_649' title='bbox 1121 5236 1334 5300; x_wconf 88' lang='lat' dir='ltr'><strong>domus,</strong></span> <span class='ocrx_word' id='word_1_650' title='bbox 1377 5237 1596 5305; x_wconf 69' lang='lat' dir='ltr'><strong>aequalis</strong></span> <span class='ocrx_word' id='word_1_651' title='bbox 1646 5239 1899 5308; x_wconf 86' lang='lat' dir='ltr'><strong>ponderis</strong></span> <span class='ocrx_word' id='word_1_652' title='bbox 1946 5240 2059 5293; x_wconf 74' lang='lat' dir='ltr'><strong>sive</strong></span> 
     </span>
    </p>
   </div>
   <div class='ocr_carea' id='block_1_86' title="bbox 487 5326 2058 5400">
    <p class='ocr_par' dir='ltr' id='par_1_86' title="bbox 487 5326 2058 5400">
     <span class='ocr_line' id='line_1_86' title="bbox 487 5326 2058 5400; baseline 0.003 -19"><span class='ocrx_word' id='word_1_653' title='bbox 487 5341 771 5381; x_wconf 78' lang='lat' dir='ltr'><strong>mensurze.</strong></span> <span class='ocrx_word' id='word_1_654' title='bbox 840 5326 945 5382; x_wconf 84' lang='lat' dir='ltr'><strong>Per</strong></span> <span class='ocrx_word' id='word_1_655' title='bbox 985 5343 1105 5396; x_wconf 80' lang='lat' dir='ltr'><strong>quae</strong></span> <span class='ocrx_word' id='word_1_656' title='bbox 1144 5327 1376 5382; x_wconf 89' lang='lat' dir='ltr'><strong>latenter</strong></span> <span class='ocrx_word' id='word_1_657' title='bbox 1426 5329 1723 5384; x_wconf 89' lang='lat' dir='ltr'><strong>ostenditur</strong></span> <span class='ocrx_word' id='word_1_658' title='bbox 1778 5339 1832 5384; x_wconf 92' lang='lat' dir='ltr'><strong>et</strong></span> <span class='ocrx_word' id='word_1_659' title='bbox 1877 5341 2058 5400; x_wconf 74' lang='lat' dir='ltr'><strong>potes</strong></span> 
     </span>
    </p>
   </div>
   <div class='ocr_carea' id='block_1_87' title="bbox 487 5418 2054 5491">
    <p class='ocr_par' dir='ltr' id='par_1_87' title="bbox 487 5418 2054 5491">
     <span class='ocr_line' id='line_1_87' title="bbox 487 5418 2054 5491; baseline 0 -16"><span class='ocrx_word' id='word_1_660' title='bbox 487 5420 915 5491; x_wconf 87' lang='lat' dir='ltr'><strong>superliminaris</strong></span> <span class='ocrx_word' id='word_1_661' title='bbox 942 5419 1054 5473; x_wconf 84' lang='lat' dir='ltr'><strong>sive</strong></span> <span class='ocrx_word' id='word_1_662' title='bbox 1082 5418 1330 5472; x_wconf 73' lang='lat' dir='ltr'><strong>vestibuli</strong></span> <span class='ocrx_word' id='word_1_663' title='bbox 1357 5418 1480 5490; x_wconf 85' lang='lat' dir='ltr'><strong>(hcc</strong></span> <span class='ocrx_word' id='word_1_664' title='bbox 1506 5421 1647 5473; x_wconf 89' lang='lat' dir='ltr'><strong>enim</strong></span> <span class='ocrx_word' id='word_1_665' title='bbox 1677 5422 1940 5475; x_wconf 82' lang='lat' dir='ltr'><strong>liumeruli</strong></span> <span class='ocrx_word' id='word_1_666' title='bbox 1977 5423 2054 5475; x_wconf 78' lang='lat' dir='ltr'><strong>vi-</strong></span> 
     </span>
    </p>
   </div>
   <div class='ocr_carea' id='block_1_88' title="bbox 487 5507 2051 5580">
    <p class='ocr_par' dir='ltr' id='par_1_88' title="bbox 487 5507 2051 5580">
     <span class='ocr_line' id='line_1_88' title="bbox 487 5507 2051 5580; baseline 0 -16"><span class='ocrx_word' id='word_1_667' title='bbox 487 5511 683 5564; x_wconf 90' lang='lat' dir='ltr'><strong>dentur</strong></span> <span class='ocrx_word' id='word_1_668' title='bbox 720 5508 1066 5580; x_wconf 83' lang='lat' dir='ltr'><strong>signiﬁcare),</strong></span> <span class='ocrx_word' id='word_1_669' title='bbox 1101 5516 1156 5561; x_wconf 82' lang='lat' dir='ltr'><strong>et</strong></span> <span class='ocrx_word' id='word_1_670' title='bbox 1195 5507 1364 5564; x_wconf 76' lang='lat' dir='ltr'><strong>latera</strong></span> <span class='ocrx_word' id='word_1_671' title='bbox 1412 5507 1602 5563; x_wconf 86' lang='lat' dir='ltr'><strong>domus</strong></span> <span class='ocrx_word' id='word_1_672' title='bbox 1631 5519 1683 5563; x_wconf 89' lang='lat' dir='ltr'><strong>et</strong></span> <span class='ocrx_word' id='word_1_673' title='bbox 1719 5511 2051 5564; x_wconf 84' lang='lat' dir='ltr'><strong>latitudinem</strong></span> 
     </span>
    </p>
   </div>
   <div class='ocr_carea' id='block_1_89' title="bbox 486 5599 2056 5672">
    <p class='ocr_par' dir='ltr' id='par_1_89' title="bbox 486 5599 2056 5672">
     <span class='ocr_line' id='line_1_89' title="bbox 486 5599 2056 5672; baseline 0.001 -18"><span class='ocrx_word' id='word_1_674' title='bbox 486 5603 784 5671; x_wconf 87' lang='lat' dir='ltr'><strong>parietum,</strong></span> <span class='ocrx_word' id='word_1_675' title='bbox 837 5609 1027 5656; x_wconf 87' lang='lat' dir='ltr'><strong>cuncta</strong></span> <span class='ocrx_word' id='word_1_676' title='bbox 1072 5601 1295 5654; x_wconf 89' lang='lat' dir='ltr'><strong>rationis</strong></span> <span class='ocrx_word' id='word_1_677' title='bbox 1341 5599 1495 5669; x_wconf 86' lang='lat' dir='ltr'><strong>plena</strong></span> <span class='ocrx_word' id='word_1_678' title='bbox 1538 5617 1657 5656; x_wconf 89' lang='lat' dir='ltr'><strong>esse</strong></span> <span class='ocrx_word' id='word_1_679' title='bbox 1697 5611 1857 5672; x_wconf 87' lang='lat' dir='ltr'><strong>atque</strong></span> <span class='ocrx_word' id='word_1_680' title='bbox 1907 5619 2056 5657; x_wconf 79' lang='lat' dir='ltr'><strong>inen-</strong></span> 
     </span>
    </p>
   </div>
   <div class='ocr_carea' id='block_1_90' title="bbox 486 5690 2051 5764">
    <p class='ocr_par' dir='ltr' id='par_1_90' title="bbox 486 5690 2051 5764">
     <span class='ocr_line' id='line_1_90' title="bbox 486 5690 2051 5764; baseline 0.001 -19"><span class='ocrx_word' id='word_1_681' title='bbox 486 5706 646 5754; x_wconf 65' lang='lat' dir='ltr'><strong>surat,</strong></span> <span class='ocrx_word' id='word_1_682' title='bbox 677 5701 730 5744; x_wconf 86' lang='lat' dir='ltr'><strong>et</strong></span> <span class='ocrx_word' id='word_1_683' title='bbox 755 5691 883 5745; x_wconf 91' lang='lat' dir='ltr'><strong>nihil</strong></span> <span class='ocrx_word' id='word_1_684' title='bbox 908 5691 960 5745; x_wconf 90' lang='lat' dir='ltr'><strong>in</strong></span> <span class='ocrx_word' id='word_1_685' title='bbox 983 5690 1178 5760; x_wconf 91' lang='lat' dir='ltr'><strong>templo</strong></span> <span class='ocrx_word' id='word_1_686' title='bbox 1201 5691 1409 5745; x_wconf 88' lang='lat' dir='ltr'><strong>Domini</strong></span> <span class='ocrx_word' id='word_1_687' title='bbox 1439 5694 1658 5761; x_wconf 65' lang='lat' dir='ltr'><strong>reperiri</strong></span> <span class='ocrx_word' id='word_1_688' title='bbox 1685 5695 1824 5763; x_wconf 76' lang='lat' dir='ltr'><strong>quod</strong></span> <span class='ocrx_word' id='word_1_689' title='bbox 1850 5696 2051 5764; x_wconf 86' lang='lat' dir='ltr'><strong>absque</strong></span> 
     </span>
    </p>
   </div>
   <div class='ocr_carea' id='block_1_91' title="bbox 492 5782 1592 5854">
    <p class='ocr_par' dir='ltr' id='par_1_91' title="bbox 492 5782 1592 5854">
     <span class='ocr_line' id='line_1_91' title="bbox 492 5782 1592 5854; baseline 0.001 -19"><span class='ocrx_word' id='word_1_690' title='bbox 492 5793 740 5836; x_wconf 76' lang='lat' dir='ltr'><strong>mensura</strong></span> <span class='ocrx_word' id='word_1_691' title='bbox 766 5790 820 5836; x_wconf 91' lang='lat' dir='ltr'><strong>et</strong></span> <span class='ocrx_word' id='word_1_692' title='bbox 845 5782 1102 5854; x_wconf 88' lang='lat' dir='ltr'><strong>sapientia</strong></span> <span class='ocrx_word' id='word_1_693' title='bbox 1128 5784 1472 5838; x_wconf 78' lang='lat' dir='ltr'><strong>constitutum</strong></span> <span class='ocrx_word' id='word_1_694' title='bbox 1505 5785 1592 5838; x_wconf 85' lang='lat' dir='ltr'><strong>sit.</strong></span> 
     </span>
    </p>
   </div>
   <div class='ocr_carea' id='block_1_92' title="bbox 2157 3327 3742 3402">
    <p class='ocr_par' dir='ltr' id='par_1_92' title="bbox 2157 3327 3742 3402">
     <span class='ocr_line' id='line_1_92' title="bbox 2157 3327 3742 3402; baseline -0.003 -16"><span class='ocrx_word' id='word_1_695' title='bbox 2157 3353 2174 3386; x_wconf 74' lang='grc' dir='ltr'>ι</span> <span class='ocrx_word' id='word_1_696' title='bbox 2213 3334 2403 3389; x_wconf 89' lang='lat' dir='ltr'><strong>faciem</strong></span> <span class='ocrx_word' id='word_1_697' title='bbox 2446 3333 2653 3388; x_wconf 60' lang='lat' dir='ltr'><strong>aedilicii</strong></span> <span class='ocrx_word' id='word_1_698' title='bbox 2697 3331 2951 3402; x_wconf 88' lang='lat' dir='ltr'><strong>separati.</strong></span> <span class='ocrx_word' id='word_1_699' title='bbox 2997 3330 3064 3383; x_wconf 88' lang='lat' dir='ltr'><strong>Et</strong></span> <span class='ocrx_word' id='word_1_700' title='bbox 3104 3337 3262 3385; x_wconf 90' lang='lat' dir='ltr'><strong>erant</strong></span> <span class='ocrx_word' id='word_1_701' title='bbox 3290 3336 3417 3382; x_wconf 89' lang='lat' dir='ltr'><strong>ante</strong></span> <span class='ocrx_word' id='word_1_702' title='bbox 3454 3327 3742 3382; x_wconf 67' lang='lat' dir='ltr'><strong>(editicium</strong></span> 
     </span>
    </p>
   </div>
   <div class='ocr_carea' id='block_1_93' title="bbox 2155 3418 3740 3499">
    <p class='ocr_par' dir='ltr' id='par_1_93' title="bbox 2155 3418 3740 3499">
     <span class='ocr_line' id='line_1_93' title="bbox 2155 3418 3740 3499; baseline -0.004 -21"><span class='ocrx_word' id='word_1_703' title='bbox 2155 3446 2172 3478; x_wconf 74' lang='grc' dir='ltr'><strong><em>ι</em></strong></span> <span class='ocrx_word' id='word_1_704' title='bbox 2212 3425 2611 3499; x_wconf 82' lang='lat' dir='ltr'><strong>gazophylacia,</strong></span> <span class='ocrx_word' id='word_1_705' title='bbox 2643 3433 2696 3479; x_wconf 88' lang='lat' dir='ltr'><strong>et</strong></span> <span class='ocrx_word' id='word_1_706' title='bbox 2725 3424 2810 3478; x_wconf 89' lang='lat' dir='ltr'><strong>via</strong></span> <span class='ocrx_word' id='word_1_707' title='bbox 2840 3432 2964 3476; x_wconf 91' lang='lat' dir='ltr'><strong>ante</strong></span> <span class='ocrx_word' id='word_1_708' title='bbox 2994 3421 3188 3476; x_wconf 88' lang='lat' dir='ltr'><strong>faciem</strong></span> <span class='ocrx_word' id='word_1_709' title='bbox 3213 3434 3433 3483; x_wconf 85' lang='lat' dir='ltr'><strong>eorum,</strong></span> <span class='ocrx_word' id='word_1_710' title='bbox 3468 3418 3627 3489; x_wconf 75' lang='lat' dir='ltr'><strong>juxta</strong></span> <span class='ocrx_word' id='word_1_711' title='bbox 3667 3418 3740 3474; x_wconf 87' lang='lat' dir='ltr'><strong>si-</strong></span> 
     </span>
    </p>
   </div>
   <div class='ocr_carea' id='block_1_94' title="bbox 2156 3511 3738 3585">
    <p class='ocr_par' dir='ltr' id='par_1_94' title="bbox 2156 3511 3738 3585">
     <span class='ocr_line' id='line_1_94' title="bbox 2156 3511 3738 3585; baseline -0.004 -15"><span class='ocrx_word' id='word_1_712' title='bbox 2156 3539 2172 3570; x_wconf 76' lang='grc' dir='ltr'>ι</span> <span class='ocrx_word' id='word_1_713' title='bbox 2211 3518 2562 3572; x_wconf 85' lang='lat' dir='ltr'><strong>militudinem</strong></span> <span class='ocrx_word' id='word_1_714' title='bbox 2609 3515 3136 3585; x_wconf 85' lang='lat' dir='ltr'><strong>gazophylaciorum,</strong></span> <span class='ocrx_word' id='word_1_715' title='bbox 3187 3528 3306 3582; x_wconf 64' lang='lat' dir='ltr'><strong>quae</strong></span> <span class='ocrx_word' id='word_1_716' title='bbox 3351 3521 3511 3567; x_wconf 85' lang='lat' dir='ltr'><strong>erant</strong></span> <span class='ocrx_word' id='word_1_717' title='bbox 3561 3511 3612 3565; x_wconf 90' lang='lat' dir='ltr'><strong>in</strong></span> <span class='ocrx_word' id='word_1_718' title='bbox 3654 3511 3738 3565; x_wconf 82' lang='lat' dir='ltr'><strong>via</strong></span> 
     </span>
    </p>
   </div>
   <div class='ocr_carea' id='block_1_95' title="bbox 2156 3602 3740 3679">
    <p class='ocr_par' dir='ltr' id='par_1_95' title="bbox 2156 3602 3740 3679">
     <span class='ocr_line' id='line_1_95' title="bbox 2156 3602 3740 3679; baseline -0.003 -20"><span class='ocrx_word' id='word_1_719' title='bbox 2156 3629 2172 3659; x_wconf 69' lang='grc' dir='ltr'>ι</span> <span class='ocrx_word' id='word_1_720' title='bbox 2212 3610 2496 3679; x_wconf 86' lang='lat' dir='ltr'><strong>aquilonis.</strong></span> <span class='ocrx_word' id='word_1_721' title='bbox 2533 3607 2838 3662; x_wconf 87' lang='lat' dir='ltr'><strong>Secundum</strong></span> <span class='ocrx_word' id='word_1_722' title='bbox 2889 3604 3276 3674; x_wconf 89' lang='lat' dir='ltr'><strong>longitudinem</strong></span> <span class='ocrx_word' id='word_1_723' title='bbox 3309 3618 3516 3666; x_wconf 87' lang='lat' dir='ltr'><strong>eorum,</strong></span> <span class='ocrx_word' id='word_1_724' title='bbox 3571 3602 3650 3655; x_wconf 90' lang='lat' dir='ltr'><strong>sic</strong></span> <span class='ocrx_word' id='word_1_725' title='bbox 3685 3609 3740 3656; x_wconf 88' lang='lat' dir='ltr'><strong>et</strong></span> 
     </span>
    </p>
   </div>
   <div class='ocr_carea' id='block_1_96' title="bbox 2158 3693 3738 3759">
    <p class='ocr_par' dir='ltr' id='par_1_96' title="bbox 2158 3693 3738 3759">
     <span class='ocr_line' id='line_1_96' title="bbox 2158 3693 3738 3759; baseline -0.001 -12"><span class='ocrx_word' id='word_1_726' title='bbox 2158 3719 2172 3747; x_wconf 76' lang='grc' dir='ltr'>ι</span> <span class='ocrx_word' id='word_1_727' title='bbox 2213 3699 2437 3751; x_wconf 86' lang='lat' dir='ltr'><strong>latitudo</strong></span> <span class='ocrx_word' id='word_1_728' title='bbox 2466 3712 2673 3759; x_wconf 84' lang='lat' dir='ltr'><strong>eortnu,</strong></span> <span class='ocrx_word' id='word_1_729' title='bbox 2701 3704 2756 3749; x_wconf 90' lang='lat' dir='ltr'><strong>et</strong></span> <span class='ocrx_word' id='word_1_730' title='bbox 2781 3696 2958 3749; x_wconf 88' lang='lat' dir='ltr'><strong>omnis</strong></span> <span class='ocrx_word' id='word_1_731' title='bbox 2989 3695 3242 3748; x_wconf 88' lang='lat' dir='ltr'><strong>introitus</strong></span> <span class='ocrx_word' id='word_1_732' title='bbox 3273 3696 3462 3748; x_wconf 90' lang='lat' dir='ltr'><strong>eo&#39;rum</strong></span> <span class='ocrx_word' id='word_1_733' title='bbox 3495 3701 3550 3746; x_wconf 90' lang='lat' dir='ltr'><strong>et</strong></span> <span class='ocrx_word' id='word_1_734' title='bbox 3586 3693 3738 3746; x_wconf 90' lang='lat' dir='ltr'><strong>simi-</strong></span> 
     </span>
    </p>
   </div>
   <div class='ocr_carea' id='block_1_97' title="bbox 2157 3783 3740 3853">
    <p class='ocr_par' dir='ltr' id='par_1_97' title="bbox 2157 3783 3740 3853">
     <span class='ocr_line' id='line_1_97' title="bbox 2157 3783 3740 3853; baseline -0.002 -14"><span class='ocrx_word' id='word_1_735' title='bbox 2157 3810 2173 3839; x_wconf 87' lang='grc'><strong>‹</strong></span> <span class='ocrx_word' id='word_1_736' title='bbox 2213 3790 2463 3842; x_wconf 88' lang='lat' dir='ltr'><strong>litudines</strong></span> <span class='ocrx_word' id='word_1_737' title='bbox 2499 3797 2552 3841; x_wconf 91' lang='lat' dir='ltr'><strong>et</strong></span> <span class='ocrx_word' id='word_1_738' title='bbox 2578 3787 2714 3840; x_wconf 76' lang='lat' dir='ltr'><strong>ostia</strong></span> <span class='ocrx_word' id='word_1_739' title='bbox 2743 3801 2948 3847; x_wconf 89' lang='lat' dir='ltr'><strong>eorum,</strong></span> <span class='ocrx_word' id='word_1_740' title='bbox 2969 3786 3261 3839; x_wconf 90' lang='lat' dir='ltr'><strong>secundum</strong></span> <span class='ocrx_word' id='word_1_741' title='bbox 3299 3784 3436 3838; x_wconf 91' lang='lat' dir='ltr'><strong>ostia</strong></span> <span class='ocrx_word' id='word_1_742' title='bbox 3467 3783 3740 3853; x_wconf 77' lang='lat' dir='ltr'><strong>gazophy-</strong></span> 
     </span>
    </p>
   </div>
   <div class='ocr_carea' id='block_1_98' title="bbox 2157 3875 3735 3948">
    <p class='ocr_par' dir='ltr' id='par_1_98' title="bbox 2157 3875 3735 3948">
     <span class='ocr_line' id='line_1_98' title="bbox 2157 3875 3735 3948; baseline -0.003 -18"><span class='ocrx_word' id='word_1_743' title='bbox 2157 3899 2174 3930; x_wconf 84' lang='grc'><em>‹</em></span> <span class='ocrx_word' id='word_1_744' title='bbox 2215 3881 2490 3942; x_wconf 84' lang='lat' dir='ltr'><strong>laciorum,</strong></span> <span class='ocrx_word' id='word_1_745' title='bbox 2518 3893 2636 3948; x_wconf 78' lang='lat' dir='ltr'><strong>qine</strong></span> <span class='ocrx_word' id='word_1_746' title='bbox 2661 3886 2815 3931; x_wconf 87' lang='lat' dir='ltr'><strong>erant</strong></span> <span class='ocrx_word' id='word_1_747' title='bbox 2839 3877 2890 3930; x_wconf 92' lang='lat' dir='ltr'><strong>in</strong></span> <span class='ocrx_word' id='word_1_748' title='bbox 2917 3876 3000 3930; x_wconf 91' lang='lat' dir='ltr'><strong>via</strong></span> <span class='ocrx_word' id='word_1_749' title='bbox 3029 3875 3349 3946; x_wconf 89' lang='lat' dir='ltr'><strong>respiciente</strong></span> <span class='ocrx_word' id='word_1_750' title='bbox 3373 3876 3442 3928; x_wconf 88' lang='lat' dir='ltr'><strong>ad</strong></span> <span class='ocrx_word' id='word_1_751' title='bbox 3469 3883 3735 3928; x_wconf 86' lang='lat' dir='ltr'><strong>austrum.</strong></span> 
     </span>
    </p>
   </div>
   <div class='ocr_carea' id='block_1_99' title="bbox 2158 3961 3737 4037">
    <p class='ocr_par' dir='ltr' id='par_1_99' title="bbox 2158 3961 3737 4037">
     <span class='ocr_line' id='line_1_99' title="bbox 2158 3961 3737 4037; baseline -0.005 -14"><span class='ocrx_word' id='word_1_752' title='bbox 2158 3991 2174 4023; x_wconf 76' lang='grc' dir='ltr'>ι</span> <span class='ocrx_word' id='word_1_753' title='bbox 2211 3970 2417 4026; x_wconf 85' lang='lat' dir='ltr'><strong>Ostium</strong></span> <span class='ocrx_word' id='word_1_754' title='bbox 2462 3972 2513 4023; x_wconf 93' lang='lat' dir='ltr'><strong>in</strong></span> <span class='ocrx_word' id='word_1_755' title='bbox 2561 3969 2732 4037; x_wconf 84' lang='lat' dir='ltr'><strong>capite</strong></span> <span class='ocrx_word' id='word_1_756' title='bbox 2775 3967 2894 4030; x_wconf 76' lang='lat' dir='ltr'><strong>vite,</strong></span> <span class='ocrx_word' id='word_1_757' title='bbox 2937 3981 3057 4035; x_wconf 61' lang='lat' dir='ltr'><strong>quae</strong></span> <span class='ocrx_word' id='word_1_758' title='bbox 3097 3974 3216 4019; x_wconf 86' lang='lat' dir='ltr'><strong>erat</strong></span> <span class='ocrx_word' id='word_1_759' title='bbox 3259 3972 3384 4018; x_wconf 92' lang='lat' dir='ltr'><strong>ante</strong></span> <span class='ocrx_word' id='word_1_760' title='bbox 3415 3961 3737 4019; x_wconf 81' lang='lat' dir='ltr'><strong>vestibulum</strong></span> 
     </span>
    </p>
   </div>
   <div class='ocr_carea' id='block_1_100' title="bbox 2158 4055 3734 4131">
    <p class='ocr_par' dir='ltr' id='par_1_100' title="bbox 2158 4055 3734 4131">
     <span class='ocr_line' id='line_1_100' title="bbox 2158 4055 3734 4131; baseline -0.003 -18"><span class='ocrx_word' id='word_1_761' title='bbox 2158 4083 2175 4113; x_wconf 71' lang='grc' dir='ltr'><strong><em>ι</em></strong></span> <span class='ocrx_word' id='word_1_762' title='bbox 2214 4072 2520 4131; x_wconf 87' lang='lat' dir='ltr'><strong>separatum</strong></span> <span class='ocrx_word' id='word_1_763' title='bbox 2561 4076 2656 4129; x_wconf 84' lang='lat' dir='ltr'><strong>per</strong></span> <span class='ocrx_word' id='word_1_764' title='bbox 2696 4060 2834 4112; x_wconf 85' lang='lat' dir='ltr'><strong>viam</strong></span> <span class='ocrx_word' id='word_1_765' title='bbox 2871 4057 3192 4114; x_wconf 83' lang='lat' dir='ltr'><strong>orientalem</strong></span> <span class='ocrx_word' id='word_1_766' title='bbox 3232 4055 3676 4126; x_wconf 86' lang='lat' dir='ltr'><strong>ingredientibus.</strong></span> <span class='ocrx_word' id='word_1_767' title='bbox 3712 4073 3734 4108; x_wconf 72' lang='grc' dir='ltr'><strong><em>ι</em></strong></span> 
     </span>
    </p>
   </div>
   <div class='ocr_carea' id='block_1_101' title="bbox 2153 4144 3737 4225">
    <p class='ocr_par' dir='ltr' id='par_1_101' title="bbox 2153 4144 3737 4225">
     <span class='ocr_line' id='line_1_101' title="bbox 2153 4144 3737 4225; baseline -0.004 -20"><span class='ocrx_word' id='word_1_768' title='bbox 2153 4152 2421 4225; x_wconf 78' lang='grc' dir='ltr'><strong>(Ιιξενοη.)</strong></span> <span class='ocrx_word' id='word_1_769' title='bbox 2460 4150 2743 4205; x_wconf 75' lang='lat' dir='ltr'><strong>Volueram</strong></span> <span class='ocrx_word' id='word_1_770' title='bbox 2775 4148 3148 4218; x_wconf 90' lang='lat' dir='ltr'><strong>desperatione</strong></span> <span class='ocrx_word' id='word_1_771' title='bbox 3179 4156 3233 4202; x_wconf 91' lang='lat' dir='ltr'><strong>et</strong></span> <span class='ocrx_word' id='word_1_772' title='bbox 3261 4145 3632 4217; x_wconf 86' lang='lat' dir='ltr'><strong>magnitudine</strong></span> <span class='ocrx_word' id='word_1_773' title='bbox 3663 4144 3737 4199; x_wconf 86' lang='lat' dir='ltr'><strong>rei</strong></span> 
     </span>
    </p>
   </div>
   <div class='ocr_carea' id='block_1_102' title="bbox 2152 4232 3740 4314">
    <p class='ocr_par' dir='ltr' id='par_1_102' title="bbox 2152 4232 3740 4314">
     <span class='ocr_line' id='line_1_102' title="bbox 2152 4232 3740 4314; baseline -0.004 -20"><span class='ocrx_word' id='word_1_774' title='bbox 2152 4257 2388 4314; x_wconf 70' lang='lat' dir='ltr'><strong>prtescns</strong></span> <span class='ocrx_word' id='word_1_775' title='bbox 2427 4240 2792 4294; x_wconf 87' lang='lat' dir='ltr'><strong>testimonium</strong></span> <span class='ocrx_word' id='word_1_776' title='bbox 2825 4238 3041 4293; x_wconf 90' lang='lat' dir='ltr'><strong>silentio</strong></span> <span class='ocrx_word' id='word_1_777' title='bbox 3073 4237 3374 4307; x_wconf 61' lang='lat' dir='ltr'><strong>praeterire,</strong></span> <span class='ocrx_word' id='word_1_778' title='bbox 3419 4235 3513 4290; x_wconf 91' lang='lat' dir='ltr'><strong>sed</strong></span> <span class='ocrx_word' id='word_1_779' title='bbox 3551 4232 3740 4288; x_wconf 87' lang='lat' dir='ltr'><strong>melius</strong></span> 
     </span>
    </p>
   </div>
   <div class='ocr_carea' id='block_1_103' title="bbox 2153 4321 3737 4399">
    <p class='ocr_par' dir='ltr' id='par_1_103' title="bbox 2153 4321 3737 4399">
     <span class='ocr_line' id='line_1_103' title="bbox 2153 4321 3737 4399; baseline -0.006 -12"><span class='ocrx_word' id='word_1_780' title='bbox 2153 4335 2446 4388; x_wconf 85' lang='lat' dir='ltr'><strong>arbitratus</strong></span> <span class='ocrx_word' id='word_1_781' title='bbox 2471 4348 2590 4386; x_wconf 83' lang='lat' dir='ltr'><strong>sum</strong></span> <span class='ocrx_word' id='word_1_782' title='bbox 2638 4330 2996 4399; x_wconf 85' lang='lat' dir='ltr'><strong>quodcunque</strong></span> <span class='ocrx_word' id='word_1_783' title='bbox 3021 4328 3200 4383; x_wconf 87' lang='lat' dir='ltr'><strong>dicere</strong></span> <span class='ocrx_word' id='word_1_784' title='bbox 3227 4343 3388 4397; x_wconf 85' lang='lat' dir='ltr'><strong>quam</strong></span> <span class='ocrx_word' id='word_1_785' title='bbox 3415 4327 3637 4381; x_wconf 77' lang='lat' dir='ltr'><strong>omnino</strong></span> <span class='ocrx_word' id='word_1_786' title='bbox 3667 4321 3737 4377; x_wconf 84' lang='lat' dir='ltr'><strong>nil</strong></span> 
     </span>
    </p>
   </div>
   <div class='ocr_carea' id='block_1_104' title="bbox 2153 4415 3734 4487">
    <p class='ocr_par' dir='ltr' id='par_1_104' title="bbox 2153 4415 3734 4487">
     <span class='ocr_line' id='line_1_104' title="bbox 2153 4415 3734 4487; baseline -0.008 -7"><span class='ocrx_word' id='word_1_787' title='bbox 2153 4425 2347 4480; x_wconf 87' lang='lat' dir='ltr'><strong>dicere.</strong></span> <span class='ocrx_word' id='word_1_788' title='bbox 2394 4423 2731 4477; x_wconf 88' lang='lat' dir='ltr'><strong>Socraticum</strong></span> <span class='ocrx_word' id='word_1_789' title='bbox 2775 4419 2901 4474; x_wconf 87' lang='lat' dir='ltr'><strong>illud</strong></span> <span class='ocrx_word' id='word_1_790' title='bbox 2949 4434 3230 4474; x_wconf 90' lang='lat' dir='ltr'><strong>assumens</strong></span> <span class='ocrx_word' id='word_1_791' title='bbox 3261 4436 3272 4470; x_wconf 92' lang='lat'>:</span> <span class='ocrx_word' id='word_1_792' title='bbox 3309 4416 3436 4472; x_wconf 81' lang='lat' dir='ltr'><strong>Scio</strong></span> <span class='ocrx_word' id='word_1_793' title='bbox 3465 4415 3605 4487; x_wconf 89' lang='lat' dir='ltr'><strong>quod</strong></span> <span class='ocrx_word' id='word_1_794' title='bbox 3642 4429 3734 4468; x_wconf 80' lang='lat' dir='ltr'><strong>ne—</strong></span> 
     </span>
    </p>
   </div>
   <div class='ocr_carea' id='block_1_105' title="bbox 2152 4505 3739 4578">
    <p class='ocr_par' dir='ltr' id='par_1_105' title="bbox 2152 4505 3739 4578">
     <span class='ocr_line' id='line_1_105' title="bbox 2152 4505 3739 4578; baseline -0.008 -7"><span class='ocrx_word' id='word_1_795' title='bbox 2152 4519 2338 4571; x_wconf 86' lang='lat' dir='ltr'><strong>sciam.</strong></span> <span class='ocrx_word' id='word_1_796' title='bbox 2355 4515 2487 4569; x_wconf 83' lang='lat' dir='ltr'><strong>Pars</strong></span> <span class='ocrx_word' id='word_1_797' title='bbox 2502 4515 2643 4568; x_wconf 89' lang='lat' dir='ltr'><strong>enim</strong></span> <span class='ocrx_word' id='word_1_798' title='bbox 2671 4513 2909 4567; x_wconf 70' lang='lat' dir='ltr'><strong>scientia:</strong></span> <span class='ocrx_word' id='word_1_799' title='bbox 2932 4520 3016 4566; x_wconf 91' lang='lat' dir='ltr'><strong>est</strong></span> <span class='ocrx_word' id='word_1_800' title='bbox 3027 4511 3165 4565; x_wconf 90' lang='lat' dir='ltr'><strong>scire</strong></span> <span class='ocrx_word' id='word_1_801' title='bbox 3183 4510 3322 4578; x_wconf 88' lang='lat' dir='ltr'><strong>quod</strong></span> <span class='ocrx_word' id='word_1_802' title='bbox 3342 4509 3570 4563; x_wconf 87' lang='lat' dir='ltr'><strong>nescias.</strong></span> <span class='ocrx_word' id='word_1_803' title='bbox 3589 4505 3739 4560; x_wconf 83' lang='lat' dir='ltr'><strong>Post-</strong></span> 
     </span>
    </p>
   </div>
   <div class='ocr_carea' id='block_1_106' title="bbox 2153 4597 3737 4679">
    <p class='ocr_par' dir='ltr' id='par_1_106' title="bbox 2153 4597 3737 4679">
     <span class='ocr_line' id='line_1_106' title="bbox 2153 4597 3737 4679; baseline -0.008 -16"><span class='ocrx_word' id='word_1_804' title='bbox 2153 4623 2312 4679; x_wconf 90' lang='lat' dir='ltr'><strong>quam</strong></span> <span class='ocrx_word' id='word_1_805' title='bbox 2343 4606 2504 4676; x_wconf 78' lang='lat' dir='ltr'><strong>igitur</strong></span> <span class='ocrx_word' id='word_1_806' title='bbox 2529 4619 2592 4658; x_wconf 89' lang='lat' dir='ltr'><strong>ea</strong></span> <span class='ocrx_word' id='word_1_807' title='bbox 2630 4618 2749 4672; x_wconf 70' lang='lat' dir='ltr'><strong>quae</strong></span> <span class='ocrx_word' id='word_1_808' title='bbox 2787 4609 2945 4656; x_wconf 89' lang='lat' dir='ltr'><strong>erant</strong></span> <span class='ocrx_word' id='word_1_809' title='bbox 2981 4601 3126 4656; x_wconf 89' lang='lat' dir='ltr'><strong>intus</strong></span> <span class='ocrx_word' id='word_1_810' title='bbox 3149 4600 3407 4671; x_wconf 84' lang='lat' dir='ltr'><strong>prOphela</strong></span> <span class='ocrx_word' id='word_1_811' title='bbox 3433 4597 3737 4669; x_wconf 84' lang='lat' dir='ltr'><strong>diligentius</strong></span> 
     </span>
    </p>
   </div>
   <div class='ocr_carea' id='block_1_107' title="bbox 2153 4693 3736 4771">
    <p class='ocr_par' dir='ltr' id='par_1_107' title="bbox 2153 4693 3736 4771">
     <span class='ocr_line' id='line_1_107' title="bbox 2153 4693 3736 4771; baseline -0.005 -16"><span class='ocrx_word' id='word_1_812' title='bbox 2153 4701 2542 4771; x_wconf 84' lang='lat' dir='ltr'><strong>contemplatus</strong></span> <span class='ocrx_word' id='word_1_813' title='bbox 2569 4707 2681 4762; x_wconf 89' lang='lat' dir='ltr'><strong>est,</strong></span> <span class='ocrx_word' id='word_1_814' title='bbox 2710 4697 2894 4752; x_wconf 67' lang='lat' dir='ltr'><strong>eduxit</strong></span> <span class='ocrx_word' id='word_1_815' title='bbox 2925 4713 3046 4752; x_wconf 90' lang='lat' dir='ltr'><strong>eum</strong></span> <span class='ocrx_word' id='word_1_816' title='bbox 3074 4697 3180 4760; x_wconf 82' lang='lat' dir='ltr'><strong>vir,</strong></span> <span class='ocrx_word' id='word_1_817' title='bbox 3209 4695 3363 4766; x_wconf 88' lang='lat' dir='ltr'><strong>cujus</strong></span> <span class='ocrx_word' id='word_1_818' title='bbox 3393 4693 3659 4748; x_wconf 87' lang='lat' dir='ltr'><strong>funiculus</strong></span> <span class='ocrx_word' id='word_1_819' title='bbox 3684 4699 3736 4747; x_wconf 88' lang='lat' dir='ltr'><strong>et</strong></span> 
     </span>
    </p>
   </div>
   <div class='ocr_carea' id='block_1_108' title="bbox 2155 4782 3734 4853">
    <p class='ocr_par' dir='ltr' id='par_1_108' title="bbox 2155 4782 3734 4853">
     <span class='ocr_line' id='line_1_108' title="bbox 2155 4782 3734 4853; baseline -0.004 -10"><span class='ocrx_word' id='word_1_820' title='bbox 2155 4791 2392 4845; x_wconf 82' lang='lat' dir='ltr'><strong>calamus</strong></span> <span class='ocrx_word' id='word_1_821' title='bbox 2417 4797 2534 4843; x_wconf 88' lang='lat' dir='ltr'><strong>erat</strong></span> <span class='ocrx_word' id='word_1_822' title='bbox 2562 4789 2613 4842; x_wconf 93' lang='lat' dir='ltr'><strong>in</strong></span> <span class='ocrx_word' id='word_1_823' title='bbox 2641 4802 2800 4842; x_wconf 89' lang='lat' dir='ltr'><strong>manu</strong></span> <span class='ocrx_word' id='word_1_824' title='bbox 2819 4829 2834 4852; x_wconf 90' lang='lat'><strong>,</strong></span> <span class='ocrx_word' id='word_1_825' title='bbox 2869 4787 2936 4841; x_wconf 85' lang='lat' dir='ltr'><strong>ad</strong></span> <span class='ocrx_word' id='word_1_826' title='bbox 2977 4787 3172 4840; x_wconf 89' lang='lat' dir='ltr'><strong>atrium</strong></span> <span class='ocrx_word' id='word_1_827' title='bbox 3203 4785 3446 4839; x_wconf 76' lang='lat' dir='ltr'><strong>exterius</strong></span> <span class='ocrx_word' id='word_1_828' title='bbox 3475 4798 3573 4853; x_wconf 87' lang='lat' dir='ltr'><strong>per</strong></span> <span class='ocrx_word' id='word_1_829' title='bbox 3599 4782 3734 4836; x_wconf 78' lang='lat' dir='ltr'><strong>viain</strong></span> 
     </span>
    </p>
   </div>
   <div class='ocr_carea' id='block_1_109' title="bbox 2153 4874 3732 4950">
    <p class='ocr_par' dir='ltr' id='par_1_109' title="bbox 2153 4874 3732 4950">
     <span class='ocr_line' id='line_1_109' title="bbox 2153 4874 3732 4950; baseline -0.006 -14"><span class='ocrx_word' id='word_1_830' title='bbox 2153 4882 2435 4936; x_wconf 83' lang='lat' dir='ltr'><strong>ducentem</strong></span> <span class='ocrx_word' id='word_1_831' title='bbox 2468 4881 2533 4933; x_wconf 88' lang='lat' dir='ltr'><strong>ad</strong></span> <span class='ocrx_word' id='word_1_832' title='bbox 2565 4879 2889 4950; x_wconf 86' lang='lat' dir='ltr'><strong>aquilonem,</strong></span> <span class='ocrx_word' id='word_1_833' title='bbox 2929 4879 3070 4948; x_wconf 88' lang='lat' dir='ltr'><strong>quod</strong></span> <span class='ocrx_word' id='word_1_834' title='bbox 3101 4887 3155 4932; x_wconf 91' lang='lat' dir='ltr'><strong>et</strong></span> <span class='ocrx_word' id='word_1_835' title='bbox 3180 4891 3344 4946; x_wconf 85' lang='lat' dir='ltr'><strong>supra</strong></span> <span class='ocrx_word' id='word_1_836' title='bbox 3367 4874 3477 4944; x_wconf 86' lang='lat' dir='ltr'><strong>jam</strong></span> <span class='ocrx_word' id='word_1_837' title='bbox 3508 4874 3732 4940; x_wconf 86' lang='lat' dir='ltr'><strong>viderat,</strong></span> 
     </span>
    </p>
   </div>
   <div class='ocr_carea' id='block_1_110' title="bbox 2161 4964 3735 5041">
    <p class='ocr_par' dir='ltr' id='par_1_110' title="bbox 2161 4964 3735 5041">
     <span class='ocr_line' id='line_1_110' title="bbox 2161 4964 3735 5041; baseline -0.003 -17"><span class='ocrx_word' id='word_1_838' title='bbox 2161 4982 2443 5041; x_wconf 76' lang='lat' dir='ltr'><strong>antequam</strong></span> <span class='ocrx_word' id='word_1_839' title='bbox 2485 4972 2740 5024; x_wconf 89' lang='lat' dir='ltr'><strong>interiora</strong></span> <span class='ocrx_word' id='word_1_840' title='bbox 2780 4978 3108 5040; x_wconf 88' lang='lat' dir='ltr'><strong>penetraret.</strong></span> <span class='ocrx_word' id='word_1_841' title='bbox 3156 4967 3262 5022; x_wconf 90' lang='lat' dir='ltr'><strong>Sed</strong></span> <span class='ocrx_word' id='word_1_842' title='bbox 3301 4967 3462 5021; x_wconf 85' lang='lat' dir='ltr'><strong>aliter</strong></span> <span class='ocrx_word' id='word_1_843' title='bbox 3499 4964 3735 5020; x_wconf 76' lang='lat' dir='ltr'><strong>videmus</strong></span> 
     </span>
    </p>
   </div>
   <div class='ocr_carea' id='block_1_111' title="bbox 2161 5055 3734 5134">
    <p class='ocr_par' dir='ltr' id='par_1_111' title="bbox 2161 5055 3734 5134">
     <span class='ocr_line' id='line_1_111' title="bbox 2161 5055 3734 5134; baseline -0.004 -17"><span class='ocrx_word' id='word_1_844' title='bbox 2161 5062 2449 5134; x_wconf 76' lang='lat' dir='ltr'><strong>perfectam</strong></span> <span class='ocrx_word' id='word_1_845' title='bbox 2502 5063 2762 5117; x_wconf 86' lang='lat' dir='ltr'><strong>habentes</strong></span> <span class='ocrx_word' id='word_1_846' title='bbox 2812 5062 3122 5124; x_wconf 86' lang='lat' dir='ltr'><strong>scientiam,</strong></span> <span class='ocrx_word' id='word_1_847' title='bbox 3173 5059 3327 5114; x_wconf 86' lang='lat' dir='ltr'><strong>aliter</strong></span> <span class='ocrx_word' id='word_1_848' title='bbox 3374 5059 3427 5112; x_wconf 92' lang='lat' dir='ltr'><strong>in</strong></span> <span class='ocrx_word' id='word_1_849' title='bbox 3476 5055 3734 5129; x_wconf 86' lang='lat' dir='ltr'><strong>principio</strong></span> 
     </span>
    </p>
   </div>
   <div class='ocr_carea' id='block_1_112' title="bbox 2161 5146 3734 5221">
    <p class='ocr_par' dir='ltr' id='par_1_112' title="bbox 2161 5146 3734 5221">
     <span class='ocr_line' id='line_1_112' title="bbox 2161 5146 3734 5221; baseline -0.006 -16"><span class='ocrx_word' id='word_1_850' title='bbox 2161 5151 2456 5221; x_wconf 77' lang='lat' dir='ltr'><strong>disciplina:</strong></span> <span class='ocrx_word' id='word_1_851' title='bbox 2487 5169 2499 5205; x_wconf 88' lang='lat'><strong>:</strong></span> <span class='ocrx_word' id='word_1_852' title='bbox 2537 5160 2589 5205; x_wconf 88' lang='lat' dir='ltr'><strong>et</strong></span> <span class='ocrx_word' id='word_1_853' title='bbox 2629 5165 2848 5206; x_wconf 88' lang='lat' dir='ltr'><strong>necesse</strong></span> <span class='ocrx_word' id='word_1_854' title='bbox 2872 5157 2983 5213; x_wconf 88' lang='lat' dir='ltr'><strong>est,</strong></span> <span class='ocrx_word' id='word_1_855' title='bbox 3024 5160 3080 5203; x_wconf 90' lang='lat' dir='ltr'><strong>ut</strong></span> <span class='ocrx_word' id='word_1_856' title='bbox 3109 5149 3197 5217; x_wconf 92' lang='lat' dir='ltr'><strong>qui</strong></span> <span class='ocrx_word' id='word_1_857' title='bbox 3235 5146 3493 5201; x_wconf 88' lang='lat' dir='ltr'><strong>interiora</strong></span> <span class='ocrx_word' id='word_1_858' title='bbox 3520 5157 3734 5211; x_wconf 82' lang='lat' dir='ltr'><strong>conspe-</strong></span> 
     </span>
    </p>
   </div>
   <div class='ocr_carea' id='block_1_113' title="bbox 2163 5240 3736 5310">
    <p class='ocr_par' dir='ltr' id='par_1_113' title="bbox 2163 5240 3736 5310">
     <span class='ocr_line' id='line_1_113' title="bbox 2163 5240 3736 5310; baseline -0.005 -13"><span class='ocrx_word' id='word_1_859' title='bbox 2163 5245 2323 5306; x_wconf 77' lang='lat' dir='ltr'><strong>xerit,</strong></span> <span class='ocrx_word' id='word_1_860' title='bbox 2350 5240 2638 5296; x_wconf 84' lang='lat' dir='ltr'><strong>secundum</strong></span> <span class='ocrx_word' id='word_1_861' title='bbox 2667 5242 2910 5295; x_wconf 88' lang='lat' dir='ltr'><strong>eamdem</strong></span> <span class='ocrx_word' id='word_1_862' title='bbox 2939 5240 3167 5295; x_wconf 90' lang='lat' dir='ltr'><strong>formam</strong></span> <span class='ocrx_word' id='word_1_863' title='bbox 3195 5248 3355 5310; x_wconf 87' lang='lat' dir='ltr'><strong>atque</strong></span> <span class='ocrx_word' id='word_1_864' title='bbox 3383 5250 3662 5292; x_wconf 81' lang='lat' dir='ltr'><strong>mensuras</strong></span> <span class='ocrx_word' id='word_1_865' title='bbox 3683 5245 3736 5289; x_wconf 84' lang='lat' dir='ltr'><strong>et</strong></span> 
     </span>
    </p>
   </div>
   <div class='ocr_carea' id='block_1_114' title="bbox 2163 5326 3736 5401">
    <p class='ocr_par' dir='ltr' id='par_1_114' title="bbox 2163 5326 3736 5401">
     <span class='ocr_line' id='line_1_114' title="bbox 2163 5326 3736 5401; baseline -0.005 -13"><span class='ocrx_word' id='word_1_866' title='bbox 2163 5333 2435 5388; x_wconf 75' lang='lat' dir='ltr'><strong>recondita</strong></span> <span class='ocrx_word' id='word_1_867' title='bbox 2472 5342 2808 5386; x_wconf 87' lang='lat' dir='ltr'><strong>sacramenta</strong></span> <span class='ocrx_word' id='word_1_868' title='bbox 2827 5371 2842 5395; x_wconf 93' lang='lat'><strong>,</strong></span> <span class='ocrx_word' id='word_1_869' title='bbox 2872 5332 3033 5386; x_wconf 88' lang='lat' dir='ltr'><strong>etiam</strong></span> <span class='ocrx_word' id='word_1_870' title='bbox 3062 5345 3182 5401; x_wconf 65' lang='lat' dir='ltr'><strong>quae</strong></span> <span class='ocrx_word' id='word_1_871' title='bbox 3210 5329 3482 5384; x_wconf 79' lang='lat' dir='ltr'><strong>exteriora</strong></span> <span class='ocrx_word' id='word_1_872' title='bbox 3519 5334 3641 5381; x_wconf 91' lang='lat' dir='ltr'><strong>sunt</strong></span> <span class='ocrx_word' id='word_1_873' title='bbox 3664 5326 3736 5380; x_wconf 84' lang='lat' dir='ltr'><strong>vi-</strong></span> 
     </span>
    </p>
   </div>
   <div class='ocr_carea' id='block_1_115' title="bbox 2162 5419 3738 5493">
    <p class='ocr_par' dir='ltr' id='par_1_115' title="bbox 2162 5419 3738 5493">
     <span class='ocr_line' id='line_1_115' title="bbox 2162 5419 3738 5493; baseline -0.003 -16"><span class='ocrx_word' id='word_1_874' title='bbox 2162 5425 2302 5479; x_wconf 91' lang='lat' dir='ltr'><strong>deat.</strong></span> <span class='ocrx_word' id='word_1_875' title='bbox 2343 5424 2577 5478; x_wconf 88' lang='lat' dir='ltr'><strong>Eductus</strong></span> <span class='ocrx_word' id='word_1_876' title='bbox 2615 5432 2792 5476; x_wconf 90' lang='lat' dir='ltr'><strong>autem</strong></span> <span class='ocrx_word' id='word_1_877' title='bbox 2835 5432 2918 5477; x_wconf 88' lang='lat' dir='ltr'><strong>est</strong></span> <span class='ocrx_word' id='word_1_878' title='bbox 2961 5423 3011 5476; x_wconf 91' lang='lat' dir='ltr'><strong>in</strong></span> <span class='ocrx_word' id='word_1_879' title='bbox 3046 5421 3487 5493; x_wconf 83' lang='lat' dir='ltr'><strong>gazophylacium</strong></span> <span class='ocrx_word' id='word_1_880' title='bbox 3523 5419 3654 5481; x_wconf 86' lang='lat' dir='ltr'><strong>sive,</strong></span> <span class='ocrx_word' id='word_1_881' title='bbox 3680 5425 3738 5472; x_wconf 87' lang='lat' dir='ltr'><strong>ut</strong></span> 
     </span>
    </p>
   </div>
   <div class='ocr_carea' id='block_1_116' title="bbox 2161 5510 3734 5587">
    <p class='ocr_par' dir='ltr' id='par_1_116' title="bbox 2161 5510 3734 5587">
     <span class='ocr_line' id='line_1_116' title="bbox 2161 5510 3734 5587; baseline -0.006 -16"><span class='ocrx_word' id='word_1_882' title='bbox 2161 5516 2516 5587; x_wconf 87' lang='lat' dir='ltr'><strong>Symmachus</strong></span> <span class='ocrx_word' id='word_1_883' title='bbox 2542 5528 2595 5570; x_wconf 84' lang='lat' dir='ltr'><strong>et</strong></span> <span class='ocrx_word' id='word_1_884' title='bbox 2631 5515 2980 5586; x_wconf 88' lang='lat' dir='ltr'><strong>Septuaginta</strong></span> <span class='ocrx_word' id='word_1_885' title='bbox 3021 5515 3434 5574; x_wconf 85' lang='lat' dir='ltr'><strong>transtulerunt.</strong></span> <span class='ocrx_word' id='word_1_886' title='bbox 3464 5510 3734 5575; x_wconf 80' lang='lat' dir='ltr'><strong>exedram,</strong></span> 
     </span>
    </p>
   </div>
   <div class='ocr_carea' id='block_1_117' title="bbox 2160 5598 3739 5678">
    <p class='ocr_par' dir='ltr' id='par_1_117' title="bbox 2160 5598 3739 5678">
     <span class='ocr_line' id='line_1_117' title="bbox 2160 5598 3739 5678; baseline -0.006 -16"><span class='ocrx_word' id='word_1_887' title='bbox 2160 5607 2546 5662; x_wconf 18' lang='lat' dir='ltr'><strong>ctx.ATheodotio</strong></span> <span class='ocrx_word' id='word_1_888' title='bbox 2580 5607 2934 5678; x_wconf 66' lang='grc' dir='ltr'><strong>παστοφόριον.</strong></span> <span class='ocrx_word' id='word_1_889' title='bbox 2973 5605 3115 5675; x_wconf 90' lang='lat' dir='ltr'><strong>quod</strong></span> <span class='ocrx_word' id='word_1_890' title='bbox 3153 5607 3204 5658; x_wconf 83' lang='lat' dir='ltr'><strong>in</strong></span> <span class='ocrx_word' id='word_1_891' title='bbox 3247 5604 3544 5659; x_wconf 81' lang='lat' dir='ltr'><strong>thalamum</strong></span> <span class='ocrx_word' id='word_1_892' title='bbox 3577 5598 3739 5655; x_wconf 82' lang='lat' dir='ltr'><strong>verti-</strong></span> 
     </span>
    </p>
   </div>
   <div class='ocr_carea' id='block_1_118' title="bbox 2163 5690 3742 5766">
    <p class='ocr_par' dir='ltr' id='par_1_118' title="bbox 2163 5690 3742 5766">
     <span class='ocr_line' id='line_1_118' title="bbox 2163 5690 3742 5766; baseline -0.003 -15"><span class='ocrx_word' id='word_1_893' title='bbox 2163 5707 2267 5761; x_wconf 85' lang='lat' dir='ltr'><strong>tur,</strong></span> <span class='ocrx_word' id='word_1_894' title='bbox 2318 5697 2457 5766; x_wconf 85' lang='lat' dir='ltr'><strong>quod</strong></span> <span class='ocrx_word' id='word_1_895' title='bbox 2497 5706 2614 5751; x_wconf 86' lang='lat' dir='ltr'><strong>erat</strong></span> <span class='ocrx_word' id='word_1_896' title='bbox 2657 5705 2842 5751; x_wconf 91' lang='lat' dir='ltr'><strong>contra</strong></span> <span class='ocrx_word' id='word_1_897' title='bbox 2890 5705 3196 5765; x_wconf 84' lang='lat' dir='ltr'><strong>separatum</strong></span> <span class='ocrx_word' id='word_1_898' title='bbox 3241 5694 3551 5750; x_wconf 66' lang='lat' dir='ltr'><strong>ardiliciuiu.</strong></span> <span class='ocrx_word' id='word_1_899' title='bbox 3594 5690 3742 5760; x_wconf 83' lang='lat' dir='ltr'><strong>Quod</strong></span> 
     </span>
    </p>
   </div>
   <div class='ocr_carea' id='block_1_119' title="bbox 2161 5784 3738 5859">
    <p class='ocr_par' dir='ltr' id='par_1_119' title="bbox 2161 5784 3738 5859">
     <span class='ocr_line' id='line_1_119' title="bbox 2161 5784 3738 5859; baseline -0.002 -18"><span class='ocrx_word' id='word_1_900' title='bbox 2161 5797 2339 5842; x_wconf 86' lang='lat' dir='ltr'><strong>autem</strong></span> <span class='ocrx_word' id='word_1_901' title='bbox 2379 5786 2725 5858; x_wconf 78' lang='lat' dir='ltr'><strong>Septuaginta</strong></span> <span class='ocrx_word' id='word_1_902' title='bbox 2766 5787 3018 5843; x_wconf 71' lang='lat' dir='ltr'><strong>addidere</strong></span> <span class='ocrx_word' id='word_1_903' title='bbox 3059 5804 3157 5858; x_wconf 89' lang='lat' dir='ltr'><strong>pro</strong></span> <span class='ocrx_word' id='word_1_904' title='bbox 3193 5784 3575 5859; x_wconf 68' lang='lat' dir='ltr'><strong>gazophylacio</strong></span> <span class='ocrx_word' id='word_1_905' title='bbox 3623 5795 3738 5838; x_wconf 60' lang='lat' dir='ltr'><strong>(ut:~</strong></span> 
     </span>
    </p>
   </div>
  </div>
