3950 6328
199 363 312 422 εει

1119 368 1469 424 (ΖΟῙιΙΜΕΝΤ.
1508 368 1570 422 IN
1612 368 2057 424 EZECilll‘lLEH.
2102 399 2168 408 —
2206 368 2331 422 [ΑΒ.
2374 369 2532 423 XVII.

3354 365 3458 422 931

199 479 340 534 dras
365 491 621 546 qumque,
660 476 712 533 in
736 475 1000 532 chraico
1034 494 1140 532 non
1167 478 1420 543 habetur;
1455 479 1596 548 quod
1626 493 1785 549 θειω-
1817 486 1862 541 Α
1894 478 2129 533 tulimus.
2169 475 2446 546 Significat
2491 486 2670 531 autem
2697 475 2836 546 quod
2866 486 2989 532 ante
3023 475 3164 533 fores
3193 478 3457 548 gazophr

200 567 516 639 phylaeium
547 578 666 622 erat
700 575 888 622 contra
915 577 1219 636 separatqu
1254 568 1562 630 aedilicium,
1589 567 1654 621 de
1684 583 1788 637 quo

199 674 374 727 supra
393 657 646 719 diximus,
672 670 862 726 gazera
883 667 1215 726 :separatum
1238 666 1414 712 autem
1437 665 1554 711 erat
1574 670 1667 710 eos
1680 671 1785 710 sus-

200 751 419 818 cipiens
462 749 551 816 qui
593 750 660 801 ab
705 748 951 815 aquilone
1004 749 1308 803 veniebant.
1351 749 1414 803 Et
1454 758 1568 803 erat
1603 760 1788 802 contra

200 839 380 892 tndem
412 847 719 906 vergentem
750 839 815 892 ad
848 838 1163 906 aquilonem,
1199 839 1249 892 id
1285 849 1388 902 est,
1416 837 1787 908 reSpicieutem

202 929 428 996 quidem
461 928 726 997 aquilonis
757 937 968 996 partes,
1004 927 1095 982 sed
1129 943 1232 981 non
1273 929 1325 986 in
1372 928 1620 996 aquilone
1650 927 1790 995 posi-

205 1029 367 1081 tum,
413 1029 472 1072 ut
515 1017 721 1073 facilior
763 1027 906 1072 esset
957 1019 1213 1073 transitus
1258 1019 1340 1073 his
1387 1019 1478 1088 qui
1523 1018 1786 1086 aquilonis

206 1108 416 1180 frigora
456 1109 827 1180 relinquebant
847 1150 861 1173 ,
894 1124 924 1163 a
951 1125 1057 1178 quo
1085 1110 1440 1164 exat-desciuit
1467 1110 1602 1163 mala
1631 1126 1793 1178 super

208 1213 440 1255 terram.
473 1202 726 1272 Legimus
751 1203 802 1256 in
835 1202 1188 1256 Numerorum
1224 1203 1357 1256 libro
1394 1203 1582 1272 (Num.
1621 1204 1790 1274 xxxii)

209 1289 390 1343 tribus
433 1290 568 1354 Dan,
603 1301 656 1344 et
686 1289 1007 1360 Nephtalim,
1045 1301 1098 1345 et
1136 1290 1270 1345 Aser
1301 1291 1531 1345 ﬁliorum
1561 1291 1702 1346 Bal-.e
1739 1301 1793 1346 et

205 1377 450 1446 'I.elplne,
481 1378 795 1432 ancillarum
833 1379 1031 1434 Rachel
1062 1388 1113 1434 et
1144 1379 1272 1441 Lize,
1298 1380 1362 1432 ad
1394 1379 1658 1449 aquilonis
1683 1380 1795 1449 pla-

206 1482 310 1538 gas
339 1477 516 1520 castra
549 1467 798 1522 tenuisse.
840 1467 989 1522 Nunc
1018 1483 1230 1537 quoque
1259 1468 1308 1520 in
1339 1466 1472 1522 facie
1503 1467 1789 1538 longitudi—

210 1555 301 1608 nis
326 1555 447 1608 ostii
474 1555 737 1623 aquilonis
760 1565 973 1609 centum
997 1555 1160 1609 fuisse
1177 1556 1405 1619 cubitos,
1422 1564 1470 1609 et
1496 1557 1792 1612 latitudinis

208 1643 633 1712 quinquaginta,
680 1653 736 1696 ut
777 1660 843 1698 ex
894 1645 1078 1699 decem
1144 1645 1360 1699 decadis
1398 1646 1793 1714 quadrangulus

209 1746 474 1786 numerus
524 1747 673 1801 aeque
705 1732 992 1802 perfectus,
1023 1744 1074 1788 et
1112 1750 1177 1789 ex
1210 1744 1410 1805 septem
1450 1735 1792 1789 hebdomadi-

1888 568 2152 624 laciorum
2189 568 2426 622 omnium
2475 567 2588 622 sive
2623 568 2942 621 exedrarum
2994 575 3048 621 et
3101 566 3455 621 thalamorum

1889 659 2049 714 fuerit
2099 658 2459 712 deambulatio
2509 658 2842 712 latitudinem
2899 658 3104 712 habens
3155 656 3457 712 cubitorum

1886 751 2102 809 decem,
2137 748 2228 818 qui
2257 758 2312 802 et
2341 749 2454 818 ipse
2490 746 2762 818 perfectus
2785 757 2869 801 est
2909 762 3184 811 numerus,
3211 745 3294 800 vel
3330 761 3455 815 pro-

1886 847 2008 906 pter
2034 840 2342 911 deealogum
2375 841 2458 896 vel
2485 849 2702 909 propter
2728 839 2997 909 Evangelii
3039 846 3456 894 sacramentum.

1890 925 1947 982 Si
1972 929 2114 982 enim
2144 931 2212 984 ab
2242 945 2350 984 uno
2385 946 2481 1000 per
2507 931 2640 984 duos
2669 938 2729 984 et
2753 939 2860 984 tres
2890 929 2956 983 ad
2991 939 3235 998 quartum
3273 942 3460 982 nume-

1885 1029 2013 1068 rum
2042 1017 2247 1083 venias,
2285 1018 2538 1073 denarius
2567 1019 2978 1089 Evangeliorum
3017 1033 3270 1072 numerus
3299 1017 3460 1071 cilici-

1890 1109 1996 1162 tur,
2026 1101 2079 1155 in
2111 1103 2264 1173 cujus
2290 1103 2572 1158 latitudine
2600 1105 2941 1159 deambulant
2971 1105 3272 1159 sacerdotes
3290 1145 3313 1168 τ
3335 1113 3460 1157 ante

1889 1190 2100 1260 singula
2162 1193 2542 1262 gazophylacia
2592 1193 2923 1264 gradientes,
2974 1194 3047 1248 ita
3095 1194 3353 1248 duntaxat
3405 1201 3464 1245 ut

1891 1291 2105 1347 semper
2133 1278 2201 1332 ad
2241 1279 2499 1334 interiora
2541 1281 2832 1351 respiciant
2864 1282 2962 1335 via:
2991 1282 3127 1352 ejus,
3169 1299 3287 1352 qua:
3317 1281 3465 1336 ducit

1893 1367 1962 1420 ad
2002 1366 2240 1420 cubitum
2282 1383 2480 1432 unum,
2517 1370 2585 1424 ad
2620 1369 2822 1424 cultum
2857 1370 3103 1425 videlicet
3137 1373 3291 1427 unius
3331 1372 3467 1425 divi-

1895 1455 2102 1520 nitatis,
2131 1455 2346 1511 dicente
2384 1455 2519 1513 Filio
2545 1457 2612 1511 ad
2640 1458 2855 1512 Patrem
2885 1472 2899 1511 :
2933 1475 2951 1508 ι
2987 1458 3240 1513 Revelavi
3273 1474 3464 1512 nomen

1894 1552 2046 1600 tuum
2076 1546 2381 1600 hominibus
2417 1546 2597 1618 (Joan.
2630 1548 2780 1617 χιιι).
2826 1547 2942 1617 ipsa
2971 1559 3053 1603 est
3087 1551 3226 1603 enim
3263 1551 3339 1603 ria
3380 1551 3461 1604 iu-

1895 1633 2090 1687 terioia
2137 1634 2443 1702 respiciens,
2483 1649 2601 1704 qua:
2639 1636 2770 1690 dicit
2814 1637 2866 1690 in
2912 1638 3198 1708 Evangelio
3241 1660 3251 1691 :
3301 1659 3317 1689 ι
3359 1640 3464 1707 Ego

1894 1743 2013 1781 smn
2040 1728 2146 1790 via,
2168 1739 2222 1781 et
2246 1728 2373 1792 vita,
2403 1737 2458 1782 et
2490 1730 2688 1784 veritas
2719 1728 2898 1801 (Joan.
2932 1729 3062 1801 xiv),
3100 1750 3116 1780 ι
3151 1731 3275 1797 quia
3308 1745 3463 1783 nemo

207 1823 342 1886 bus,
371 1823 461 1892 qui
500 1824 831 1884 remissionis
865 1834 948 1879 est
989 1841 1262 1889 munerus,
1299 1834 1351 1878 et
1390 1826 1439 1878 in
1476 1826 1792 1894 principium
1825 1819 1870 1878 Β
1896 1817 2041 1871 venit
2065 1817 2128 1870 ad
2153 1818 2394 1870 notitiam
2424 1818 2597 1872 Patris
2625 1818 2728 1872 nisi
2755 1835 2852 1888 per
2875 1817 3089 1872 Filium.
3119 1819 3185 1871 Et
3209 1820 3344 1872 ostia
3369 1835 3462 1873 ea-

209 1917 466 1981 unionis,
517 1919 568 1971 id
603 1927 719 1981 est,
761 1919 1016 1988 ogdoadis
1060 1920 1313 1987 erumpit,
1362 1919 1710 1972 sacerdotalia
1741 1919 1794 1972 in

211 2009 416 2078 templo
471 2009 563 2062 Dei
598 2010 788 2078 ‘spatia
844 2017 1291 2064 monstrareztur.
1353 2009 1588 2078 llludqae
1653 2007 1795 2077 quod

207 2073 369 2170 juxta
394 2073 713 2153 llebrai'etim
738 2100 981 2171 jungitur
1011 2110 1195 2153 contra
1221 2099 1405 2169 viginti
1437 2073 1645 2153 eubitos
1670 2073 1793 2152 atrii

211 2188 514 2254 interioris,
555 2205 651 2260 pro
693 2205 798 2260 quo
843 2191 1193 2261 Septuaginta
1243 2190 1658 2254 transtulerunt,
1705 2190 1797 2245 de-

209 2292 420 2350 erripta
448 2289 603 2334 erant
639 2281 776 2334 sicut
801 2289 965 2349 portae
994 2282 1118 2336 atrii
1151 2282 1440 2344 interioris,
1471 2282 1611 2334 hunc
1637 2281 1799 2336 habet

213 2383 435 2423 sensum
479 2387 490 2421 :
532 2369 672 2437 quod
702 2368 986 2422 exterioris
1023 2369 1141 2422 atrii
1176 2369 1515 2422 centenarius
1552 2378 1599 2420 et
1640 2369 1796 2437 quin-

212 2458 584 2527 quagenarius
610 2469 866 2511 numerus
894 2457 1133 2511 eamdem
1159 2456 1264 2508 vim
1293 2457 1506 2520 haheat,
1539 2473 1696 2526 quam
1717 2457 1796 2509 vi-

213 2547 468 2601 cenarius
494 2547 615 2600 atrii
652 2545 941 2600 interioris.
984 2545 1039 2599 Si
1076 2547 1217 2599 enim
1255 2555 1487 2614 quatuor
1514 2546 1797 2614 quinquies

216 2645 476 2704 Stlpptllt‘s
514 2636 565 2689 in
609 2649 832 2689 nmncro
870 2635 1156 2696 vieenario,
1213 2643 1499 2702 utrumque
1561 2635 1795 2700 reperies

216 2733 624 2788 testamentum,
673 2732 731 2778 ut
776 2722 829 2777 et
872 2723 954 2776 lex
999 2731 1245 2777 teneatur
1295 2723 1344 2775 in
1389 2722 1695 2791 Evangelii),
1741 2732 1796 2776 et

217 2813 566 2882 Evangelium
604 2813 670 2866 de
706 2811 839 2882 legis
879 2813 1056 2866 razlice
1098 2822 1347 2865 nascatur
1388 2827 1400 2862 :
1443 2828 1537 2882 pro
1563 2828 1666 2881 quo
1700 2829 1793 2866 nu-

219 2916 374 2956 tnero
414 2900 758 2971 Septuaginta
797 2901 1199 2954 similitudinem
1241 2904 1361 2955 atrii
1403 2903 1672 2956 interioris
1713 2904 1794 2956 in-

219 2991 503 3060 terpretati
564 3000 729 3055 sunt,
785 2989 1007 3045 forsitan
1062 2991 1412 3047 formidantes
1463 2995 1791 3048 vicenarium

216 3097 537 3143 numerum,
579 3079 632 3135 in
674 3096 778 3152 quo
804 3080 1099 3135 offeruntur
1133 3083 1269 3136 Esau
1309 3099 1527 3138 munera
1566 3085 1617 3138 in
1654 3087 1792 3140 atrio

1899 1921 2016 1959 rum
2044 1904 2110 1957 ad
2145 1904 2478 1973 aquilonem,
2509 1905 2595 1958 ubi
2623 1916 2776 1960 erant
2813 1906 3189 1975 gazophylacia
3217 1907 3267 1959 in
3305 1922 3464 1975 supe-

1898 1994 2130 2048 rioribus
2165 1995 2468 2058 humiliora,
2496 1995 2620 2064 quia
2647 1996 3033 2065 supportabant
3057 1997 3315 2066 porticus,
3351 2013 3468 2065 qua:

1895 2099 1960 2138 ex
2007 2083 2110 2139 illis
2137 2085 2441 2138 eminebant
2468 2085 2531 2138 de
2563 2084 2902 2140 inferioribus
2925 2094 2979 2139 et
3007 2086 3196 2141 mediis
3235 2085 3465 2140 aedilicii.

1897 2175 2139 2246 Tristega
2168 2176 2309 2230 enim
2335 2185 2490 2231 erant
2516 2186 2570 2230 et
2596 2192 2702 2230 non
2729 2177 2996 2232 habebant
3026 2177 3301 2233 columnas
3331 2179 3470 2234 sicut

1895 2277 2051 2323 erant
2093 2269 2354 2323 columna:
2393 2269 2673 2322 atriorum.
2719 2267 3011 2338 Propterea
3054 2270 3360 2323 eminebant
3405 2270 3470 2322 de

1897 2359 2274 2424 inferioribus,
2312 2366 2367 2413 et
2404 2360 2469 2412 de
2504 2359 2692 2413 mediis
2730 2373 2760 2413 a
2795 2367 2936 2412 terra
2980 2358 3172 2414 euhitis
3201 2360 3469 2428 quinqua-

1897 2452 2062 2520 ginta.
2082 2450 2230 2516 Quod
2246 2449 2518 2520 jungitur:
2541 2469 2557 2500 ι
2579 2450 2934 2513 ostiaearum,
2965 2470 2980 2499 ι
3001 2451 3316 2503 subauditur
3340 2466 3468 2505 exe-

1897 2540 2112 2592 drarum
2135 2539 2246 2593 sive
2261 2538 2784 2609 gazOpltylaciorum,
2804 2539 2868 2592 de
2887 2539 3080 2607 quibus
3104 2554 3262 2607 supra
3291 2554 3470 2593 sermo

1898 2628 2018 2683 fuit.
2051 2629 2178 2695 Quae
2212 2629 2588 2701 gazophylacia
2620 2639 2774 2685 erant
2807 2632 2857 2684 in
2890 2633 3270 2701 superioribus,
3303 2634 3351 2686 id
3389 2647 3469 2687 est

1900 2718 1950 2770 in
2005 2719 2298 2772 emnaculis
2354 2719 2656 2772 humiliora.
2717 2719 2846 2786 Qum
2899 2720 3171 2774 etenacula
3228 2723 3470 2775 ascendit

1896 2807 2060 2870 Elius,
2087 2817 2140 2861 et
2171 2808 2390 2862 Eliszeus
2419 2807 2537 2878 (III
2570 2807 2693 2878 Reg.
2717 2824 2800 2872 vt;
2827 2808 2852 2860 Ι
2871 2806 2909 2858 ν
2938 2808 3058 2878 Reg.
3089 2811 3186 2880 tv),
3211 2819 3263 2863 et
3293 2809 3472 2864 Domi-

1897 2915 1996 2951 nus
2023 2915 2142 2952 cum
2173 2899 2446 2968 discipulis
2473 2900 2663 2969 pascha
2694 2899 2930 2954 facturus
2959 2899 3149 2968 (Marc.
3183 2917 3302 2964 MV;
3342 2902 3464 2954 Luc.

1898 2989 2052 3058 xxii),
2085 2998 2136 3044 et
2167 2989 2419 3054 Tabitha,
2460 3007 2578 3059 quae
2617 3000 2671 3044 et
2710 2990 2812 3044 ﬁde
2858 2990 3080 3060 apostoli
3122 3000 3176 3044 et
3214 2992 3467 3045 virtutum

1898 3096 2115 3133 suarum
2150 3081 2340 3134 merito
2365 3081 2620 3136 suscitata
2655 3091 2735 3136 est
2770 3080 2904 3150 (.lct.
2938 3081 3033 3152 Ix).
3079 3083 3180 3136 Ista
3205 3092 3330 3136 sunt
3357 3098 3468 3136 em-

217 3172 463 3226 interiori
491 3187 706 3241 ponere.
734 3170 986 3241 Sequitur
1017 3190 1028 3224 :
1069 3192 1084 3223 ι
1125 3174 1184 3226 Et
1213 3183 1398 3227 contra
1431 3175 1794 3244 pavimentum
1824 3153 1866 3213 (ἶ
1900 3171 2105 3232 uacula,
2140 3170 2204 3224 de
2239 3171 2432 3240 quibus
2460 3171 2510 3224 in
2535 3172 2740 3239 psalmo
2770 3173 3026 3240 scriptum
3053 3183 3126 3225 est
3162 3189 3172 3223 :
3212 3191 3229 3222 ι
3266 3172 3365 3237 Qui
3398 3172 3471 3225 ri-

218 3269 453 3313 stratum
501 3260 672 3329 lapide
717 3261 842 3313 atrii
889 3263 1204 3327 exterioris,
1254 3263 1341 3315 tibi
1394 3273 1511 3317 erat
1558 3265 1796 3332 porticus

213 3347 402 3416 juncta
432 3348 659 3414 portioni
693 3348 904 3416 triplici.
939 3369 955 3399 ι
982 3348 1085 3402 Pro
1116 3365 1220 3417 quo
1251 3349 1595 3419 Septuaginta
1625 3360 1796 3404 trans-

219 3435 461 3491 tulerunt
503 3453 517 3488 :
567 3434 688 3489 ιἘι
720 3437 856 3490 sicut
901 3438 1160 3492 columna)
1203 3440 1323 3492 atrii
1375 3441 1659 3494 exterioris
1703 3456 1798 3509 per

218 3528 465 3581 ordinem
522 3530 706 3595 posita:
770 3537 957 3581 contra
1019 3529 1207 3582 faciem
1267 3532 1564 3598 porticuum
1629 3531 1797 3600 tripli-

219 3617 384 3671 cium.
434 3636 452 3668 ι
501 3615 776 3685 Significat
826 3629 1038 3682 autem,
1085 3620 1224 3687 quod
1269 3621 1629 3688 pavimentum
1675 3623 1796 3676 atrii

218 3709 507 3766 exterioris
531 3709 651 3760 vivo
683 3707 841 3761 fuerit
872 3718 1098 3762 stratum
1132 3709 1324 3778 lapide,
1369 3719 1421 3764 ut
1462 3727 1561 3765 nec
1595 3713 1798 3765 aestatis

220 3799 462 3866 pulvere,
511 3812 607 3852 nec
654 3799 764 3852 luto
804 3799 992 3853 hiemis
1046 3800 1378 3853 sacerdotum
1423 3801 1643 3870 vestigia
1686 3802 1798 3870 pol-

221 3889 457 3942 luantur.
504 3889 652 3943 Unde
693 3898 744 3942 ct
783 3889 1039 3944 Dominus
1079 3906 1402 3945 ascensurus
1442 3893 1508 3944 ad
1556 3892 1794 3956 Patrem,

221 3980 581 4048 apostolorum
628 3980 762 4032 lavat
793 3981 953 4050 pedes
1003 3980 1182 4050 (Jorm.
1222 3983 1341 4051 xui)
1367 4023 1381 4045 ,
1432 3991 1488 4035 ut
1530 3984 1797 4036 mundatis

219 4068 567 4138 purgatisque
591 4071 828 4137 vestigiis
844 4071 1102 4124 scandant
1119 4087 1278 4140 regna
1303 4070 1557 4125 enatorum
1589 4088 1601 4124 :
1628 4080 1676 4124 et
1703 4072 1798 4125 itu-

220 4165 375 4224 pcrat
414 4158 667 4225 apostolis
699 4159 910 4228 (Matth.
956 4177 1017 4223 x;
1069 4160 1236 4214 Marc.
1280 4161 1374 4230 vt),
1423 4170 1481 4214 ut
1526 4163 1576 4214 in
1612 4178 1797 4230 quam—

221 4261 430 4314 cunque
473 4246 697 4316 ingressi
741 4247 934 4301 fuerint
972 4250 1274 4314 cititrtem,
1313 4262 1364 4305 et
1410 4266 1512 4303 non
1551 4267 1798 4320 sust-cpe-

222 4334 333 4388 rint
364 4349 477 4396 eos,
510 4337 784 4389 excutiant
834 4337 1024 4404 pedum
1076 4354 1292 4390 suorum
1340 4339 1639 4408 pulverem.
1688 4355 1794 4408 quo

218 4424 429 4476 scilicet
469 4423 599 4476 nihil
643 4440 919 4477 munerum
965 4435 1297 4480 tcrrenorum
1341 4426 1409 4479 ab
1441 4427 1519 4480 eis
1561 4428 1698 4495 apud
1736 4443 1794 4481 se

1899 3271 1988 3326 gat
2042 3271 2250 3314 montes
2299 3260 2366 3314 de
2413 3261 2701 3314 camaculis
2744 3259 2870 3329 [.-ll.,
2925 3257 3308 3331 superioribus]
3360 3261 3469 3316 suis

1899 3347 2069 3420 (I’snl.
2103 3348 2239 3418 cm).
2282 3369 2300 3400 ι
2337 3348 2446 3402 Nisi
2484 3350 2625 3402 enim
2658 3351 2777 3418 quis
2809 3351 2926 3402 fons
2958 3349 3116 3402 fuerit
3142 3349 3379 3412 ell‘ectus,
3415 3361 3469 3406 et

1899 3437 1963 3489 ad
1997 3437 2185 3489 altiora
2217 3438 2547 3501 surrexerit,
2591 3438 2783 3507 pluviis
2813 3438 3019 3491 Domini
3053 3455 3156 3492 non
3190 3440 3463 3510 rigabitur,

1899 3528 1987 3593 qui
2022 3540 2118 3592 pro
2162 3525 2470 3579 diversitate
2499 3510 2810 3580 meritorum
2844 3528 2906 3579 de
2934 3529 3125 3595 primo,
3159 3529 3391 3583 secundo
3414 3539 3474 3584 et

1901 3616 2062 3667 tertio
2107 3614 2360 3682 irrigatur
2401 3614 2696 3666 etenaculo.
2745 3614 2858 3682 Ipsa
2901 3631 3111 3682 quoque
3145 3619 3467 3688 gazophyla-

1899 3706 2001 3762 cia,
2042 3705 2139 3756 hoc
2182 3716 2260 3757 est
2285 3745 2297 3767 ,
2336 3705 2571 3757 thesauri
2607 3720 2856 3773 gazarum
2898 3708 3103 3759 Domini
3142 3709 3191 3759 in
3223 3711 3468 3776 superio-

1899 3794 2047 3846 ribus
2095 3794 2376 3846 humiliora
2420 3803 2561 3846 sunt.
2613 3794 2820 3859 Quanto
2863 3798 3002 3846 enim
3045 3797 3160 3862 quis
3209 3799 3470 3852 excel-aior

1901 3883 2090 3944 fuerit,
2125 3891 2274 3934 lauto
2309 3898 2429 3934 cum
2468 3882 2720 3952 Apostolo
2751 3884 3046 3937 humilitate
3087 3885 3347 3951 dejicitur,
3390 3887 3470 3941 tli-

1899 3992 2065 4030 ccns:
2103 3997 2116 4024 ι
2152 3975 2250 4040 Qui
2297 3990 2398 4028 non
2447 3991 2562 4027 sum
2591 3975 2781 4044 dignus
2819 3976 2994 4028 vocari
3023 3979 3311 4045 apostolus,
3344 3981 3466 4045 quia

1897 4077 2210 4137 persecutus
2246 4083 2359 4119 sum
2404 4067 2696 4119 Ecclesium
2733 4065 2823 4119 Dei
2863 4066 2909 4135 (Ι
2944 4065 3063 4119 Cor.
3100 4070 3208 4134 xv).
3250 4089 3265 4119 ι
3306 4071 3466 4121 Erant

1897 4167 2075 4210 autem
2129 4157 2239 4224 ipsa
2289 4155 2664 4225 gazophylacia
2715 4157 2764 4208 iu
2814 4157 3102 4209 cwnaeulis
3154 4159 3461 4218 lnnuiliora,

1897 4248 2021 4315 quia
2049 4247 2435 4314 supportabaut
2473 4243 2726 4312 puniens,
2765 4261 2882 4311 qum
2920 4263 2981 4297 ex
3023 4247 3129 4300 illis
3163 4249 3464 4302 eminebant

1895 4336 1960 4394 de
1988 4336 2348 4396 inferioribus,
2389 4335 2530 4391 etde
2561 4335 2747 4388 meliis
2786 4335 3012 4388 a-dilit-ii.
3049 4336 3240 4390 llcddit
3277 4354 3467 4392 causas

1896 4441 1991 4478 cur
2019 4423 2394 4494 gazophylacia
2425 4424 2475 4476 in
2515 4423 2801 4476 caenaculis
2830 4429 2995 4492 posita
3033 4426 3312 4479 humiliora
3353 4427 3466 4482 fue-

221 4527 500 4570 remanere
530 4515 819 4582 patiantur.
862 4513 974 4569 Non
1019 4516 1187 4570 solum
1218 4527 1394 4570 autem
1429 4519 1786 4586 pavimentum
1824 4503 1867 4558 D
1897 4519 2002 4570 rint
2030 4536 2040 4569 ε
2070 4519 2192 4586 quia
2223 4516 2626 4586 supportabant,
2657 4517 2850 4584 inquit,
2879 4520 3133 4585 porticus,
3163 4535 3279 4588 qua:
3305 4521 3462 4576 liber~

217 4610 448 4654 stratum
479 4614 597 4657 erat
630 4604 823 4672 lapide.
854 4608 945 4660 sed
974 4616 1026 4660 ct
1051 4609 1288 4676 porticus
1314 4617 1429 4661 erat
1457 4607 1638 4678 juncta
1669 4627 1792 4680 por-

219 4691 347 4745 ticui
379 4693 588 4758 triplici.
625 4693 735 4748 Una
775 4697 1012 4763 porticus
1055 4699 1119 4749 ab
1159 4699 1331 4752 imbue
1361 4708 1412 4750 et
1448 4708 1575 4751 {PSill
1616 4711 1790 4769 prote-

216 4796 351 4847 gens
385 4783 706 4848 sacerdotes,
743 4794 794 4837 et
821 4783 1002 4849 juncta
1043 4789 1269 4855 porticui
1309 4789 1530 4856 triplici,
1571 4791 1793 4844 demen-

217 4881 460 4940 stratque
503 4877 812 4943 mysterium
845 4876 1143 4938 Trinitatis,
1187 4880 1327 4946 quod
1367 4894 1489 4931 cum
1530 4878 1704 4934 Patris
1733 4891 1786 4933 et

217 4962 337 5016 Filii
372 4972 423 5016 et
453 4962 684 5030 Spiritus
723 4965 892 5018 sancti
925 4966 1194 5019 dividatur
1233 4969 1565 5031 nominibus,
1610 4979 1785 5024 tamen

215 5067 322 5104 una
371 5053 468 5104 sibi
517 5053 794 5105 divinitate
839 5056 1196 5125 conjungitur.
1242 5058 1369 5111 Erat
1415 5073 1624 5126 quoque
1665 5071 1786 5112 ante

216 5142 593 5211 gazophylacia
626 5144 734 5196 site
764 5140 992 5197 excdras
1023 5147 1100 5198 \‘cl
1136 5147 1397 5201 thalamos
1431 5147 1785 5202 tit-ambulatio

214 5231 398 5285 decem
438 5233 738 5286 cubitorum
767 5234 1063 5287 latitudinis
1093 5237 1155 5287 ad
1196 5237 1457 5289 interiora
1497 5237 1784 5304 respiciens

212 5322 311 5374 vim
340 5323 503 5375 cubiti
528 5325 703 5379 unius.
735 5326 988 5394 Quodque
1016 5343 1042 5377 a
1068 5326 1410 5395 Septuaginta
1443 5328 1677 5381 additum
1705 5339 1787 5382 est

218 5428 235 5460 ι
271 5426 363 5478 per
388 5412 599 5466 cubitus
630 5414 968 5484 longitudinis
995 5427 1243 5479 centum,
1281 5438 1296 5467 ›
1328 5415 1655 5485 superfluum
1679 5427 1780 5482 est,

208 5493 328 5571 quia
351 5502 400 5553 in
421 5501 684 5556 llehraico
709 5521 810 5558 non
834 5506 1079 5567 habetur,
1107 5507 1243 5575 quod
1267 5516 1527 5574 ponentes
1550 5506 1784 5562 tulerunt

205 5591 258 5656 id
280 5591 421 5664 quod
443 5594 670 5646 habetur
695 5595 744 5647 in
769 5595 988 5650 llelsraeo
1016 5615 1026 5647 :
1067 5616 1082 5647 ι
1121 5598 1182 5650 ad
1208 5600 1463 5650 interiora
1495 5600 1781 5666 reSpiciens

204 5683 299 5738 vite
312 5683 480 5740 cubiti
509 5684 682 5748 unius,
701 5708 714 5734 ι
729 5686 865 5755 quod
887 5703 983 5743 nos
1006 5688 1067 5742 dc
1086 5687 1343 5743 llcbraica
1369 5690 1591 5741 \critate
1618 5701 1780 5744 ιικειιδς

1894 4619 2000 4662 tate
2025 4611 2165 4662 aeris
2194 4609 2522 4662 fruebantur.
2569 4607 2632 4660 Et
2659 4609 2969 4662 eminebant
3011 4609 3076 4662 de
3121 4611 3462 4670 inferioribus

1889 4708 1941 4751 et
1970 4699 2032 4752 de
2065 4699 2252 4752 mediis
2283 4698 2515 4758 aediﬁcii,
2554 4706 2606 4750 ut
2640 4697 2928 4749 secundum
2957 4698 3288 4753 cmnaculum
3318 4704 3460 4768 pavi~

1892 4798 2072 4840 mento
2110 4786 2376 4839 inferioris
2407 4786 2595 4838 domus
2623 4793 2765 4838 esset
2795 4787 3132 4849 eminentius,
3165 4797 3219 4841 et
3246 4789 3456 4842 tertium

1890 4877 2226 4930 cmnaculum
2257 4878 2489 4929 secundo
2525 4884 2664 4930 esset
2697 4877 2981 4928 excelsius.
3023 4877 3086 4930 Et
3111 4888 3310 4947 quanto
3340 4885 3457 4948 quis

1892 4965 1954 5016 ad
1985 4964 2260 5033 superiora
2286 4964 2689 5026 conscenderet,
2717 4964 3045 5020 tantoalt-iori
3073 4973 3312 5020 uteretur
3346 4985 3456 5022 cre-

1889 5056 2112 5116 naculo,
2159 5065 2357 5122 quanto
2407 5054 2706 5106 luunilitate
2753 5055 3052 5117 crescebat,
3099 5057 3309 5110 dicente
3356 5058 3457 5112 Do-

1891 5146 2033 5198 mino
2063 5164 2072 5197 :
2108 5166 2123 5195 ι
2161 5147 2256 5211 Qui
2285 5144 2397 5196 vult
2430 5145 2567 5196 inter
2598 5160 2689 5198 vos
2726 5144 2894 5211 major
2920 5162 3060 5208 esse,
3104 5149 3192 5200 tiat
3220 5150 3454 5201 omnium

1890 5237 2142 5290 miniatus
2170 5237 2384 5304 (Matth.
2413 5237 2585 5304 xxm).
2624 5255 2639 5286 ι
2672 5235 2853 5305 Neque
2880 5241 3019 5291 enim
3050 5240 3307 5293 columnis
3338 5242 3462 5295 aliis

1886 5326 2260 5393 tmt‘laliaulur,
2288 5328 2424 5378 sicut
2453 5325 2502 5377 in
2529 5325 2783 5379 atriorum
2811 5327 3067 5381 columnis
3099 5329 3338 5398 legimus,
3363 5335 3453 5384 sed

1888 5415 2194 5468 eminebant
2222 5415 2287 5468 de
2323 5414 2684 5476 inferioribus,
2717 5426 2769 5468 et
2808 5417 2869 5469 de
2902 5417 3088 5470 mediis
3113 5435 3141 5469 a
3174 5425 3314 5472 terra
3357 5433 3454 5471 cu—

1889 5505 2009 5559 bitis
2039 5506 2421 5574 quinquaginta
2461 5520 2682 5557 numero
2728 5506 3058 5560 remissionis
3092 5509 3325 5560 omnium
3360 5510 3455 5560 dc-

1887 5597 2138 5649 bitorum.
2181 5595 2301 5648 lla‘c
2341 5603 2460 5647 sunt
2506 5604 2685 5646 autem
2731 5596 2968 5665 tristega,
3003 5598 3066 5650 de
3098 5598 3287 5664 quibus
3317 5612 3448 5665 pra:-

1885 5689 2079 5757 cipitar
2112 5706 2120 5737 :
2164 5707 2179 5738 ι
2216 5687 2467 5740 Describe
2497 5700 2556 5738 ea
2595 5685 2891 5754 tripliciter,
2924 5689 3142 5742 consilio
3180 5699 3232 5741 et
3278 5690 3427 5743 scier:
