3950 6342
475 366 574 423 933

1112 360 1172 414 Β.
1218 358 1469 416 liABANl
1511 359 1729 416 ιιιιυιιι
1768 360 2060 416 ARCIIIEI‘

2164 361 2442 419 [OGUNT.
2486 357 2771 416 OPERUM
2812 357 2993 414 PARS
3029 359 3095 414 Il.

3668 358 3774 416 985

473 480 569 542 tia,
598 488 655 533 ut
686 476 1386 548 respondeassermonibns
1414 478 1659 533 veritatis
1688 478 1773 532 bis
1797 493 1917 548 qua:
1941 493 2067 548 pro-
2094 481 2141 540 Λ
2177 496 2195 528 ι
2231 489 2407 533 torum
2458 489 2514 534 et
2556 477 2883 534 oblationem
2915 492 3011 547 pro
3055 483 3278 546 peccato
3321 485 3376 531 et
3411 490 3513 548 pro
3542 475 3768 533 delicto.

470 578 746 641 ponuntur
770 569 865 624 tibi
893 566 1075 640 (Prov.
1105 569 1264 643 nu).
1304 591 1322 621 ι
1359 569 1617 625 lnferiora
1644 570 1807 639 igitur
1831 577 1887 624 et
1914 578 2067 624 exte-

471 664 615 718 riora
647 662 911 717 columnis
950 661 1209 733 indigent.
1247 662 1378 729 Qua:
1405 671 1582 717 autem
1624 661 1818 716 altiora
1850 670 1977 717 sunt
2012 670 2067 717 et

468 754 749 817 interiora,
772 751 1166 814 columnarum,
1189 752 1241 807 id
1263 761 1365 819 est,
1389 752 1549 808 alieni
1574 752 1758 806 auxilii
1782 767 1936 805 usuin
1959 768 2064 805 non

468 847 689 901 habent.
739 844 872 900 Post
910 845 1025 899 haec
1068 846 1270 900 dicitur
1308 864 1321 900 :
1361 864 1379 897 ι
1414 846 1480 900 Ει
1520 845 1793 915 peribolns
1828 847 2067 899 exterior

467 937 766 992 secundum
796 936 1203 1008 gazophylacia,
1226 951 1347 1007 qua:
1376 945 1533 990 erant
1565 936 1617 989 in
1645 935 1730 990 via
1761 936 1885 990 atrii
1914 945 2069 991 exte-

468 1030 632 1085 rioris
677 1039 803 1085 ante
851 1030 1258 1101 gazopliylacia,
1304 1030 1584 1099 longitude
1632 1030 1749 1099 ejus
1798 1030 2067 1099 quinqua-

468 1120 619 1193 ginta
664 1121 969 1176 cubitorum
1023 1138 1036 1175 :
1076 1121 1201 1187 quia
1253 1121 1533 1192 longitudo
1577 1130 1698 1176 erat
1740 1122 2065 1193 gazophyla-

466 1209 675 1263 ciorum
718 1210 843 1263 atrii
871 1211 1160 1266 exterioris
1200 1211 1593 1281 quinquaginta
1635 1213 1977 1279 cubitorum,
2009 1222 2065 1268 et

464 1298 742 1369 longitudo
781 1308 909 1355 ante
953 1300 1145 1355 faciem
1183 1299 1370 1368 templi
1401 1310 1621 1355 centum
1665 1301 1994 1356 cubitorum.
2038 1321 2056 1353 ι

462 1391 748 1448 Pcribolus
796 1409 1009 1448 murum
1061 1393 1352 1465 significat,
1401 1394 1492 1464 qui
1538 1402 1657 1449 erat
1700 1395 1961 1461 exterior,
2009 1403 2067 1450 et

464 1484 713 1554 cingebat
740 1485 1126 1558 gazophylacia
1157 1487 1213 1541 in
1244 1486 1329 1540 via
1357 1486 1483 1541 atrii
1514 1486 1826 1552 exterioris,
1856 1487 2063 1542 habens

462 1576 518 1635 in
558 1576 892 1648 longitudine
928 1580 1322 1649 quinquaginta
1367 1579 1581 1634 cubitos
1613 1597 1626 1633 :
1660 1579 1727 1634 de
1764 1579 1919 1649 cujus
1962 1596 2062 1635 nu-

462 1667 599 1722 meri
644 1677 987 1724 sacramento
1032 1670 1224 1725 crebro
1265 1668 1519 1725 diximus.
1570 1669 1742 1725 Porro
1781 1670 2061 1742 longitudo

463 1771 589 1817 ante
628 1761 817 1819 faciem
863 1764 1047 1835 templi
1086 1781 1433 1837 nequaquam
1475 1767 1867 1841 quinquaginta
1908 1769 2060 1825 cubi-

2176 588 2193 620 ι
2230 570 2403 626 Locus
2432 572 2576 626 enim
2614 579 2834 625 sanctus
2870 577 2971 625 est.
3009 566 3145 624 Cum
3182 577 3364 623 autem
3393 566 3627 639 ingressi
3658 566 3773 623 fue-

2174 679 2193 711 σ
2229 660 2337 715 rint
2360 661 2669 717 sacerdotes
2689 675 2793 715 non
2812 659 3162 731 egredientur
3180 658 3246 713 de
3261 658 3466 714 sanctis
3486 659 3542 713 in
3563 658 3770 715 atrium

2174 773 2191 801 ι
2229 754 2467 808 exterius
2507 771 2520 807 :
2561 762 2617 808 et
2644 752 2718 807 ibi
2759 758 3023 822 reponent
3046 750 3367 806 vestimenta
3395 765 3517 817 sua,
3564 751 3618 806 in
3648 751 3776 821 qui-

2175 864 2192 895 ι
2232 845 2332 900 bus
2373 846 2717 913 ministrant,
2762 846 2887 916 quia
2924 854 3111 900 sancta
3158 852 3311 911 sunt,
3352 846 3773 916 vestienturque

2174 954 2191 986 ι
2232 936 2566 993 vestimentis
2604 938 2754 1005 aliis,
2791 946 2846 992 ct
2877 937 2955 992 sic
2987 936 3285 1007 precedent
3318 937 3385 991 ad
3421 936 3707 1008 populum.
3745 954 3767 990 ι

2168 1025 2439 1097 (Ιιὶρτοη.)
2466 1028 2560 1083 Vir
2581 1028 2690 1092 ille,
2713 1029 2805 1098 qui
2831 1028 3022 1084 ductor
3043 1027 3315 1098 prepheta:
3336 1024 3459 1092 fuit,
3474 1035 3773 1097 postquam

2166 1131 2288 1171 cum
2317 1118 2469 1173 duxit
2500 1118 2553 1172 in
2596 1119 2793 1173 atrium
2825 1118 3065 1173 exterius
3086 1158 3100 1181 ,
3132 1126 3187 1173 et
3212 1116 3551 1190 {monstravit
3578 1116 3769 1172 munia

2165 1228 2285 1282 qua:
2310 1214 2618 1283 prtetcritus
2647 1229 2826 1269 sermo
2848 1214 3113 1279 narravit,
3139 1212 3523 1283 gazophylacia
3545 1226 3772 1283 quoque

2165 1304 2279 1358 sive
2308 1306 2557 1370 exedras,
2608 1304 2661 1359 in
2697 1304 2893 1374 quibus
2919 1304 3224 1359 diutissime
3256 1312 3628 1359 commoratus
3660 1311 3769 1371 est,

2164 1395 2296 1449 dixit
2323 1396 2388 1449 ad
2411 1410 2567 1451 eum:
2589 1395 2712 1450 llaec
2737 1404 2862 1449 sunt
2882 1394 3267 1467 gazopliylaeia
3293 1392 3377 1449 vel
3403 1393 3618 1449 exedrze
3646 1394 3771 1449 tbac

2164 1487 2400 1557 lamiqne
2449 1487 2516 1541 ad
2565 1486 2869 1558 aquilonem
2912 1494 2967 1542 et
3006 1496 3272 1553 austrum,
3315 1500 3436 1555 qua:
3475 1496 3604 1541 sunt
3637 1493 3769 1541 ante

2162 1578 2447 1634 tedilicium
2474 1588 2809 1649 separatum,
2835 1588 2890 1633 et
2915 1578 3256 1649 appellantur
3274 1586 3462 1633 sancta
3489 1577 3768 1649 gazophy-

2161 1669 2320 1736 laeia,
2352 1670 2405 1725 in
2441 1671 2634 1741 quibus
2666 1679 2954 1726 vescuntur
2982 1668 3311 1731 sacerdotes,
3348 1669 3438 1739 qui
3471 1669 3767 1740 appropin-

2162 1770 2331 1832 quant
2354 1762 2420 1815 ad
2448 1761 2732 1817 Dominum
2762 1761 2814 1817 in
2847 1760 3047 1817 Sancta
3083 1769 3414 1818 sanctorum.
3453 1760 3533 1816 Ex
3564 1761 3768 1830 quibus

462 1862 641 1910 torum
676 1864 817 1922 erat,
850 1866 909 1912 ut
935 1866 1063 1914 ante
1090 1860 1501 1931 gazophylacia,
1541 1862 1634 1918 sed
1663 1873 1883 1918 centum
1912 1863 2060 1920 cubi-

2165 1852 2424 1909 diseimus
2470 1853 2667 1908 multas
2710 1853 2955 1908 ciborum
2985 1867 3107 1907 esse
3149 1851 3517 1915 diversitates,
3563 1851 3767 1921 quibus

462 1955 679 2001 torum:
715 1955 772 2002 ut
816 1958 942 2018 post
984 1951 1361 2005 remissionem
1400 1952 1643 2007 omnium
1686 1962 2059 2022 peccatorum,

460 2037 696 2107 perfecta
727 2040 949 2108 praemia
982 2040 1035 2094 in
1065 2042 1384 2097 centenario
1405 2058 1634 2098 numero
1656 2044 2056 2114 przestolcmur.

458 2126 567 2183 Pro
595 2130 835 2197 peribolo
857 2131 973 2187 sive
996 2147 1176 2196 muro,
1198 2134 1341 2203 quod
1364 2133 1630 2190 llebraice
1656 2136 1856 2191 dicitur
1874 2138 2055 2208 gader,

462 2221 814 2295 Septuaginta
851 2224 1025 2280 lumen
1056 2226 1397 2298 interpretati
1434 2240 1562 2286 sunt
1597 2232 1742 2302 quod
1778 2233 1930 2290 venit
1965 2249 2060 2290 ex-

461 2318 733 2372 trinsecus
758 2327 812 2372 et
838 2319 1105 2375 iilmninat
1144 2322 1326 2377 cordis
1349 2323 1519 2378 nostri
1546 2325 1757 2390 oculos,
1783 2341 1889 2380 non
1918 2325 2062 2381 snfli-

461 2407 640 2462 ciente
670 2419 863 2464 natura
892 2412 1062 2465 nostri
1087 2411 1329 2478 luminis,
1361 2414 1504 2483 quod
1533 2425 1786 2471 versatur
1818 2417 1872 2470 in
1896 2432 2057 2472 sensu

458 2498 760 2567 perfectum
806 2500 1051 2558 scientia:
1078 2503 1281 2559 habere
1312 2504 1600 2576 fulgorem,
1644 2507 1747 2561 nisi
1792 2508 2059 2564 extrinse—

461 2605 561 2644 cus
604 2606 699 2659 per
741 2590 836 2644 Dei
866 2592 1098 2658 gratiam
1146 2594 1401 2660 introeat,
1436 2596 1580 2665 quod
1610 2596 1842 2665 primum
1871 2598 2059 2654 oculos

459 2680 634 2735 nostri
682 2682 862 2736 cordis
905 2681 1191 2737 illuminat.
1228 2684 1293 2739 Et
1334 2700 1493 2740 omne
1550 2688 1747 2740 atrium
1792 2690 2056 2753 exterius,

459 2770 604 2838 quod
634 2770 1026 2841 quinquaginta
1054 2774 1363 2827 cubitorum
1393 2775 1674 2831 latitudine
1703 2778 1961 2844 tenditur,
1982 2778 2058 2833 fa-

462 2863 538 2915 cit
566 2861 888 2917 claresccrc.
926 2862 1121 2917 Postea
1155 2880 1283 2919 vero
1313 2879 1436 2920 cum
1484 2867 1793 2923 venerimus
1822 2876 1948 2923 ante
1979 2868 2058 2922 fa-

460 2954 599 3008 ciem
631 2955 835 3025 templi,
874 2955 1111 3025 perfecta
1154 2957 1209 3011 in
1242 2959 1559 3014 centenario
1585 2973 1813 3015 numero
1855 2962 2059 3030 recepi-

463 3060 582 3099 mus
631 3046 871 3115 praemia.
922 3046 1051 3100 Erat
1096 3056 1275 3102 autem
1321 3047 1511 3103 subter
1542 3049 1929 3121 gazophylacia
1975 3052 2055 3105 in-

459 3139 658 3194 troitus
687 3139 754 3193 ab
776 3139 984 3194 oriente
1012 3140 1428 3210 ingredientium
1463 3141 1517 3196 in
1546 3157 1609 3196 ea
1641 3144 1707 3196 de
1737 3144 1878 3197 atrio
1908 3151 2058 3198 exte-

460 3232 613 3287 riori.
645 3230 870 3302 Oportet
896 3233 1043 3287 enim
1071 3232 1165 3287 Dei
1192 3248 1289 3288 nos
1328 3233 1610 3303 possidere
1638 3232 1877 3297 divitias,
1907 3242 1960 3287 et
1991 3233 2059 3290 de

461 3323 603 3377 atrio
628 3323 881 3378 exteriori
907 3324 1094 3379 subter
1114 3325 1497 3395 gazophylacia
1527 3325 1752 3380 orientis
1776 3326 2057 3380 introitum

462 3414 749 3483 reperire:
783 3422 839 3468 et
879 3429 977 3484 per
1022 3414 1362 3472 latitudinem
1409 3416 1658 3487 periboli,
1701 3418 1791 3486 qui
1840 3418 2060 3486 respicit

462 3507 609 3560 viam
635 3506 882 3573 orientis,
912 3508 1099 3565 venire
1134 3511 1199 3563 ad
1228 3508 1540 3572 aediﬁcium,
1578 3510 1720 3579 quod
1751 3510 1952 3563 sanctis
1978 3519 2061 3564 est

459 3606 791 3667 separatum,
825 3606 951 3654 ante
974 3599 1115 3667 quo-.l
1165 3608 1292 3653 sunt
1333 3600 1740 3669 gazophylaeia,
1773 3608 1828 3653 et
1859 3600 1910 3653 in
1948 3600 2057 3669 ipsa

460 3688 549 3743 via
598 3688 893 3744 similitudo
940 3689 1471 3761 guzophylaciorum,
1518 3706 1638 3760 quae
1682 3700 1840 3745 erant
1889 3692 1941 3745 in
1975 3691 2060 3744 via

460 3780 751 3852 aquilonis.
799 3780 950 3835 Licet
990 3781 1135 3835 enim
1183 3783 1250 3837 ad
1298 3781 1524 3835 orientis
1569 3784 1951 3851 perveniamus
1978 3784 2061 3836 in-

463 3872 710 3935 troitum,
741 3879 920 3925 tamcn
966 3871 1266 3926 similitudo
1308 3870 1572 3939 majorum
1614 3880 1697 3926 est
1742 3872 1793 3925 in
1838 3872 2059 3928 minori-

461 3965 593 4031 bus;
622 3975 675 4020 ct
699 3982 805 4019 non
837 3980 1122 4035 possumus
1163 3966 1229 4019 ad
1258 3965 1486 4021 orientis
1520 3967 1807 4034 pervenire
1853 3964 2057 4030 lumen,

463 4056 565 4111 nisi
594 4071 689 4127 per
723 4056 861 4110 viam
894 4056 1183 4126 aquilonis,
1216 4056 1268 4111 id
1291 4063 1396 4122 est,
1423 4072 1523 4126 per
1546 4056 1757 4111 minora
1786 4065 1841 4110 et
1885 4057 2059 4111 Immi-

462 4148 596 4201 liora
628 4148 694 4202 ad
737 4148 941 4218 majora
973 4156 1028 4203 et
1066 4146 1257 4202 altiora
1289 4149 1593 4202 tendamus.
1636 4147 1693 4201 lu
1736 4147 1852 4216 ipso
1878 4157 2058 4202 autem

462 4238 688 4303 introitu
718 4239 995 4310 longitudo
1022 4248 1139 4294 erat
1162 4239 1356 4294 similis
1383 4238 1704 4305 latitudinis,
1738 4239 1790 4293 id
1820 4247 1924 4305 est,
1969 4255 2061 4294 ea-

462 4330 585 4384 dem
616 4344 866 4385 mensura
914 4345 1014 4400 per
1054 4330 1340 4400 quadrum.
1373 4328 1671 4400 Omnisque
1702 4331 1978 4403 ingressus
2005 4341 2061 4387 et

462 4419 847 4477 similitudines
891 4429 946 4476 et
973 4422 1112 4477 ostia
1153 4422 1399 4476 eamdem
1434 4422 1701 4478 habebant
1747 4439 2056 4480 mensuram

2160 1943 2307 1998 vesci
2337 1943 2708 1999 sacerdotibus
2738 1944 2865 1998 licet
2888 1942 2971 1999 vel
2995 1942 3277 2008 nonalieet,
3305 1951 3357 1998 et
3390 1943 3459 1998 de
3480 1943 3569 1997 his
3604 1942 3761 2013 ipsis,

2160 2051 2298 2107 quos
2321 2039 2449 2096 licet
2478 2037 2529 2090 in
2557 2037 2707 2092 cibos
2733 2050 2951 2092 sumere
2982 2052 3089 2091 non
3115 2036 3169 2091 in
3195 2034 3447 2091 omnibus
3470 2044 3764 2091 sumuntur

2162 2126 2316 2192 locis,
2343 2142 2444 2183 nec
2468 2127 2537 2182 ab
2566 2127 2840 2192 omnibus,
2883 2140 3059 2197 neque
3096 2126 3245 2181 omni
3289 2134 3550 2197 tempore.
3580 2124 3762 2181 Gaze-

2158 2222 2408 2293 pbytacia
2440 2220 2709 2290 aquilonis
2731 2230 2787 2275 et
2806 2219 2976 2275 austri
3008 2229 3137 2290 puto
3162 2232 3303 2283 esse,
3328 2234 3449 2289 qua:
3476 2216 3561 2274 vel
3586 2219 3763 2274 histo-

2162 2312 2258 2367 rite
2293 2312 2608 2367 contineant
2649 2310 3079 2382 simplicitatem,
3124 2309 3210 2364 vel
3254 2308 3515 2379 spiritalis
3560 2308 3763 2363 intelli-

2160 2401 2356 2473 gentia:
2392 2409 2763 2467 sacramenta,
2794 2410 2854 2455 ut
2892 2415 2988 2471 per
3030 2399 3338 2471 aquilonem
3371 2398 3659 2453 veniamus
3695 2398 3763 2452 ad

2161 2493 2466 2549 meridiem.
2490 2492 2674 2563 Neque
2696 2494 2840 2548 enim
2860 2493 2939 2548 sic
2960 2492 3183 2562 legenda
3204 2500 3288 2547 est
3307 2490 3489 2545 littera
3510 2499 3567 2545 et
3593 2477 3767 2545 ιιιειοέ-

2160 2586 2254 2638 rim
2297 2582 2646 2639 fundamenta
2684 2580 2958 2652 iacienda,
2991 2590 3051 2636 ut
3098 2596 3207 2636 non
3234 2580 3518 2635 veniamus
3552 2579 3622 2634 ad
3650 2577 3763 2634 eul-

2161 2677 2304 2731 mina
2346 2695 2358 2730 :
2406 2691 2505 2731 nec
2544 2676 2618 2730 ita
2655 2675 3024 2745 pulcherrimo
3056 2673 3285 2728 aedilicio
3314 2681 3458 2727 tecta
3485 2668 3761 2741 ponenda,

2159 2776 2221 2821 ut
2263 2781 2601 2837 nequaquam
2646 2766 2991 2820 fundamenta
3040 2763 3150 2819 sint
3196 2762 3387 2818 solida.
3435 2759 3763 2817 Sacerdotes

2159 2870 2337 2915 autem
2379 2860 2471 2929 qui
2519 2867 2813 2913 vescuntur
2860 2857 2911 2911 in
2958 2855 3213 2920 cellariis,
3257 2855 3310 2909 in
3348 2853 3547 2924 quibus
3578 2852 3763 2908 multa:

2160 2957 2359 3011 divitiae
2384 2954 2756 3017 continentur,
2787 2952 2889 3022 ipsi
2920 2960 3045 3005 sunt
3088 2949 3178 3019 qui
3229 2947 3668 3019 appropinquant
3690 2945 3759 2999 ad

2162 3048 2471 3112 Dominum,
2501 3047 2565 3100 de
2582 3044 2777 3115 quibus
2794 3042 3085 3113 Scriptura
3105 3050 3332 3097 testatur
3347 3040 3549 3111 (Exod.
3580 3038 3755 3110 xxiv),

2161 3140 2304 3209 quod
2352 3138 2566 3209 Moyses
2592 3135 3104 3207 appropinquaverit
3130 3136 3197 3190 ad
3224 3134 3537 3200 Dominum,
3566 3142 3623 3189 et
3650 3149 3758 3189 eaa-

2165 3231 2264 3286 teri
2310 3231 2570 3286 accedere
2604 3246 2708 3285 non
2748 3229 3041 3300 potuerint.
3088 3226 3145 3282 In
3185 3226 3545 3282 :edificatione
3572 3225 3758 3297 templi

2160 3322 2375 3393 mystici
2401 3330 2454 3375 et
2491 3322 2543 3376 in
2577 3320 2832 3375 ECCICSltP.
2864 3328 3205 3375 sacramento
3234 3318 3386 3373 multi
3418 3327 3546 3373 sunt
3574 3333 3757 3374 sacer-

2160 3416 2314 3471 dotes
2347 3424 2402 3471 et
2437 3414 2718 3483 apostolici
2760 3413 2884 3478 viri,
2933 3414 3022 3483 qui
3052 3412 3315 3467 accedunt
3348 3412 3414 3466 ad
3447 3410 3755 3477 Dominum,

2158 3519 2213 3561 et
2243 3523 2347 3562 non
2396 3508 2449 3560 in
2480 3505 2719 3575 quolibet
2756 3505 2896 3567 loco,
2939 3504 3035 3559 sed
3065 3505 3120 3558 in
3166 3502 3371 3558 Sancto
3414 3510 3755 3558 sanctorum.

2160 3598 2423 3667 Quodque
2458 3598 2611 3667 juxta
2656 3594 3010 3665 Septuaginta
3043 3593 3255 3656 dicitur,
3290 3592 3382 3647 lilii
3425 3593 3625 3658 Sadoc,
3665 3594 3759 3663 qui

2162 3692 2551 3759 interpretatur
2581 3688 2782 3759 justus,
2826 3687 2879 3740 in
2909 3684 3177 3739 llebraico
3208 3699 3313 3739 non
3357 3685 3607 3739 habetur.
3651 3682 3755 3749 Ibi,

2162 3782 2367 3851 inquit,
2395 3788 2584 3852 ponent
2617 3778 2911 3833 sacerdotes
2941 3774 3136 3831 Sancta
3178 3785 3483 3831 sanctarum
3520 3785 3571 3830 et
3614 3774 3748 3829 oblu-

2161 3873 2375 3936 tionem,
2407 3873 2508 3927 hoc
2536 3879 2641 3934 est,
2683 3869 2961 3923 victimam
2991 3867 3314 3933 boloeausti,
3352 3877 3398 3921 et
3425 3883 3521 3938 pro
3549 3877 3758 3937 peccato

2162 3974 2209 4017 et
2238 3979 2332 4033 pro
2374 3962 2695 4033 ignorantia,
2725 3968 2785 4015 ut
2811 3976 2915 4015 non
2956 3959 3129 4015 solum
3168 3960 3296 4031 jnge
3330 3957 3567 4014 oflcrant
3591 3958 3759 4014 Sacri-

2164 4054 2376 4119 ficium,
2422 4053 2515 4108 sed
2558 4067 2658 4122 pro
2700 4052 3013 4107 diversitate
3054 4058 3355 4122 temporum
3400 4058 3457 4105 et
3498 4049 3760 4122 qualitate

2163 4148 2372 4218 peccati
2416 4155 2578 4216 atque
2622 4144 2955 4217 ignorantiae,
2979 4145 3156 4199 sciant
3186 4144 3405 4213 placare
3445 4143 3755 4204 Dominum.

2162 4240 2286 4310 quia
2322 4238 2435 4312 ipse
2464 4238 2615 4294 locus
2647 4246 2869 4292 sanctus
2892 4245 3006 4302 est,
3039 4244 3095 4293 et
3117 4235 3470 4292 sacerdotalis
3497 4236 3552 4290 in
3580 4250 3646 4289 eo
3672 4235 3751 4290 di-

2163 4334 2341 4404 gnitas
2380 4339 2769 4397 commoratur,
2802 4346 2922 4401 quae
2956 4332 3128 4400 possit
3166 4345 3358 4400 rogare
3385 4345 3487 4400 pro
3522 4329 3753 4385 caeteris.

2164 4423 2390 4493 Quando
2429 4431 2610 4477 autem
2654 4422 3051 4494 procedendum
3094 4429 3174 4477 est
3220 4421 3288 4475 ad
3332 4435 3461 4485 eos,
3504 4420 3599 4490 qui
3652 4435 3753 4477 non

461 4519 516 4565 ct
550 4510 983 4577 similitudinem,
1012 4527 1173 4582 quam
1204 4512 1610 4584 gazophylacia,
1651 4528 1773 4584 qnte
1815 4526 1973 4570 erant
2002 4517 2056 4571 in
2091 4551 2137 4611 υ
2162 4524 2390 4587 possunt
2419 4513 2602 4585 templi
2628 4513 2772 4568 adita
2808 4519 3114 4583 penetrare,
3150 4525 3251 4567 nec
3285 4509 3483 4566 divina:
3519 4511 3758 4567 scientia:

462 4602 548 4656 via
576 4602 898 4673 respiciente
925 4603 993 4657 ad
1019 4614 1283 4659 ansmnn.
1310 4604 1416 4659 Per
1435 4604 1700 4660 orientem
1738 4607 1885 4661 enim
1910 4610 2061 4678 aqui-

465 4694 605 4751 lonis
636 4694 836 4764 frigora
871 4696 1266 4765 restinguentes
1300 4698 1647 4765 pervenimus
1677 4699 1745 4753 ad
1788 4707 2055 4765 austrum,

464 4789 519 4843 in
560 4803 669 4859 quo
695 4802 929 4857 sponsus
972 4788 1188 4843 recubat
1224 4788 1277 4842 in
1311 4789 1559 4855 meridie,
1588 4800 1644 4844 ct
1671 4792 1725 4845 in
1756 4775 1916 4862 pleno
1942 4809 2061 4847 ver-

463 4888 615 4935 satur
644 4880 865 4936 lumine.
900 4879 957 4934 ln
988 4881 1165 4951 capite
1195 4881 1648 4952 autcm'ejnsdem
1677 4883 1797 4947 vite,
1826 4884 1929 4939 hoc
1950 4892 2058 4949 est,

464 4970 747 5027 orientalis
781 4986 900 5041 qua:
926 4979 1073 5042 patet
1104 4970 1532 5039 ingredientibus
1556 4974 1755 5028 ostium
1781 4985 1886 5040 est,
1915 4976 2056 5044 quod

466 5061 570 5115 nisi
591 5070 835 5131 apertum
861 5060 1027 5115 fuerit
1047 5061 1116 5115 ab
1136 5076 1219 5125 eo,
1243 5062 1332 5132 qui
1360 5062 1491 5118 dicit
1515 5082 1526 5115 :
1551 5064 1663 5135 Ego
1691 5080 1809 5119 sum
1835 5069 2057 5133 ostium,

465 5160 516 5207 ct
555 5153 647 5223 qui
677 5151 839 5207 habet
866 5152 1074 5207 clavem
1108 5152 1274 5207 David
1299 5153 1366 5208 ad
1392 5153 1718 5209 vestibulum
1745 5166 2056 5213 sanctorum

467 5241 760 5298 virtutibus
785 5252 1115 5313 separatum,
1145 5252 1201 5299 et
1229 5245 1371 5314 quod
1396 5246 1466 5300 ab
1501 5246 1752 5315 aquilone
1780 5248 2060 5305 venientes

468 5336 715 5406 suscipit,
747 5350 852 5391 non
888 5352 1173 5407 possumus
1199 5339 1502 5408 pervenire.

546 5445 567 5479 ‹
599 5427 667 5482 Et
692 5427 829 5482 dixit
868 5428 934 5482 ad
968 5444 1053 5483 me
1086 5448 1098 5483 :
1130 5427 1529 5499 Gazopbylacia
1562 5429 1847 5500 aquilonis.
1878 5441 1933 5487 et
1960 5448 2057 5503 ga-

474 5538 492 5570 ι
529 5516 842 5589 zophylacia
882 5520 1077 5584 austri,
1111 5535 1231 5588 quae
1273 5529 1401 5574 sunt
1428 5530 1553 5576 ante
1587 5520 1875 5577 aedilicium
1907 5538 2061 5593 sepa-

475 5604 733 5675 c‘ratum,
769 5608 883 5663 hme
929 5616 1055 5664 sunt
1097 5609 1480 5680 gazophylacia
1527 5620 1732 5679 sancta,
1768 5610 1822 5665 in
1865 5611 2062 5682 quibus

476 5722 492 5749 α
530 5708 823 5755 vescuntur
851 5699 1182 5762 sacerdotes,
1210 5702 1300 5770 qui
1335 5700 1768 5771 appropinquant
1792 5702 1858 5755 ad
1887 5702 2062 5757 Denti-

478 5810 494 5838 ι
534 5806 681 5859 num,
708 5790 760 5845 in
782 5788 982 5847 Sancta
1012 5800 1344 5849 sanctorum.
1378 5790 1452 5846 lbi
1476 5802 1679 5863 ponent
1713 5794 1912 5851 Sancus
1939 5811 2061 5850 san-

2165 4621 2364 4662 areana
2391 4619 2744 4677 cognoscere,
2771 4603 3144 4675 egrediantur,
3174 4603 3367 4675 inquit,
3396 4601 3548 4659 foras
3572 4604 3639 4660 ad
3663 4617 3756 4659 eos

2164 4699 2471 4754 sacerdotes
2505 4696 2560 4752 in
2591 4697 2789 4752 atrium
2824 4697 3107 4752 exterius:
3137 4711 3480 4767 nequaquam
3514 4711 3636 4751 cum
3672 4695 3756 4752 his

2164 4789 2523 4853 vestimentis,
2551 4788 2747 4858 quibus
2775 4786 3098 4841 intrinsecus
3129 4785 3298 4841 induti
3322 4795 3513 4850 erant,
3547 4786 3754 4843 viscera

2163 4882 2413 4938 videlicet
2451 4880 2834 4937 misericordia:
2872 4888 2928 4935 et
2970 4879 3255 4935 Dominum
3295 4878 3653 4946 Salvatorem,
3689 4881 3757 4937 de

2164 4974 2360 5043 quibus
2401 4972 2659 5043 scriptum
2692 4981 2775 5027 est
2815 4988 2828 5025 :
2877 4990 2894 5022 ι
2933 4970 3217 5025 lntluimini
3260 4970 3539 5043 Christum
3572 4969 3752 5027 Jesnm

2168 5064 2340 5136 (Rom.
2366 5062 2507 5128 xm),
2542 5081 2561 5114 ι
2598 5077 2696 5117 nec
2726 5061 2808 5117 his
2830 5071 3054 5115 utantur
3075 5061 3435 5125 sermonibus,
3466 5061 3534 5117 de
3561 5060 3755 5132 quibus

2168 5155 2405 5225 loquitur
2446 5153 2609 5218 Deus,
2658 5153 2969 5224 Mysterium
3009 5169 3188 5208 meum
3218 5153 3352 5209 mihi
3396 5164 3453 5207 et
3484 5154 3637 5219 meis,
3687 5169 3755 5211 ne

2167 5246 2448 5310 incurrant
2482 5244 2534 5298 in
2569 5244 2718 5311 illud,
2762 5245 2903 5315 quod
2944 5242 3193 5299 Salvator
3231 5244 3483 5316 prohibet
3515 5246 3698 5303 dicens
3737 5263 3751 5300 :

2180 5356 2193 5389 ι
2226 5336 2399 5393 Nolite
2424 5337 2554 5393 dare
2585 5345 2829 5393 sanctum
2867 5338 3109 5402 canibus,
3147 5352 3248 5392 nec
3274 5335 3573 5408 projiciatis
3610 5354 3753 5395 mar-

2166 5429 2370 5500 garitas
2402 5436 2528 5483 ante
2558 5442 2752 5497 porcos
2783 5426 2999 5498 (.lluttlt.
3030 5427 3160 5498 vn);
3194 5448 3212 5479 ι
3246 5429 3339 5483 sed
3364 5438 3568 5500 ponent
3591 5431 3744 5487 vesti~

2168 5529 2349 5575 menta
2398 5535 2493 5575 sua
2542 5519 2896 5583 intrinsecus,
2941 5517 3137 5589 quibus
3197 5518 3493 5576 induuntur
3540 5521 3750 5591 quando

2169 5612 2479 5667 ministrant
2505 5610 2559 5664 in
2590 5610 2773 5680 templi
2803 5611 2998 5681 adytis,
3028 5618 3215 5666 sancta
3246 5612 3390 5667 enim
3422 5620 3571 5676 sunt,
3600 5622 3655 5668 et
3684 5611 3749 5668 ad

2168 5717 2264 5758 eos
2295 5704 2386 5773 qui
2439 5700 2737 5772 perfectam
2776 5717 2883 5757 non
2914 5702 3115 5758 habent
3142 5703 3491 5759 sanctitatem
3532 5719 3639 5758 non
3668 5704 3753 5760 de-

2168 5797 2295 5851 bent
2347 5792 2593 5864 proferri.
2640 5794 3023 5868 Accipientun
3065 5796 3171 5853 alia
3211 5798 3559 5866 vestimenta,
3584 5807 3637 5854 et
3678 5796 3753 5855 sic
