3950 6334
207 376 315 435 ὓὸῧ

1170 374 1520 431 COMMENT.
1558 375 1627 431 Η
1664 374 2069 432 EZEIIIELEM.
2110 409 2176 418 -
2203 377 2331 433 LIB.
2374 376 2531 437 XVII.

3353 376 3455 434 986

206 492 503 565 precedent
523 488 588 544 ad
609 486 885 558 populum.
919 486 1028 552 Sic,
1060 486 1254 561 inquit,
1290 490 1573 560 loquertar
1596 492 1661 545 ad
1688 507 1783 561 po-
1812 497 1857 553 Α
1893 510 1912 541 ‹
1956 501 2037 548 cst
2056 502 2243 548 contra
2268 503 2489 547 ventum
2504 490 2766 559 aquilonis
2783 490 3102 559 quingentos
3120 489 3377 553 calamos,
3398 491 3454 545 in

207 583 427 655 pulum,
475 580 742 650 quomodo
788 586 964 649 potest
1010 580 1196 634 audire
1243 581 1489 650 populus.
1539 582 1689 637 Unde
1731 590 1785 636 et

207 668 498 742 Apostolus
522 667 588 722 ad
625 666 932 722 Corinthios
966 666 1302 736 loquebatur,
1331 668 1383 722 in
1412 669 1604 739 quibus
1635 690 1651 720 ι
1688 686 1787 722 au-

210 759 459 814 diebatur
484 756 766 811 fornicatio
801 764 855 809 et
890 756 1012 810 talis
1041 756 1347 821 fornicatio,
1375 760 1547 827 qualis
1577 776 1675 814 nec
1705 761 1786 813 in-

213 857 295 901 ter
307 846 556 918 gentes(l
576 844 697 900 Cor.
714 845 763 915 v)
786 862 797 897 :
821 864 838 898 ι
869 859 888 876 ν
912 844 1017 899 Lac
1034 846 1246 913 quidem
1268 848 1416 900 vobis
1439 857 1618 915 potum
1643 849 1707 903 de
1718 849 1783 911 ii,

211 952 321 991 non
350 949 530 990 escam
555 934 631 1006 (id
658 942 742 989 est
768 935 994 989 solidum
1023 934 1247 1005 cibum),
1281 937 1506 989 necdum
1532 940 1671 992 enim
1698 954 1790 993 ca-

210 1041 343 1098 pere
370 1025 629 1095 pote-stis
656 1023 705 1097 (1
730 1021 852 1080 Cor.
894 1024 997 1095 ut).
1035 1044 1053 1075 ι
1101 1024 1180 1079 Ad
1209 1041 1345 1093 quos
1373 1042 1582 1080 rursum
1614 1028 1743 1082 dicit
1769 1040 1785 1082 :

218 1136 237 1168 α
274 1116 445 1173 Filioli
482 1117 614 1179 mei,
647 1131 781 1185 quos
811 1117 1004 1170 iterum
1044 1119 1303 1185 parturio,
1351 1119 1520 1174 donec
1546 1120 1791 1177 Christus

212 1205 478 1261 'ormetur
525 1207 578 1261 in
622 1207 775 1261 vobis
797 1205 940 1276 (Gal.
975 1206 1069 1276 Iv).
1112 1226 1131 1259 ι
1176 1207 1417 1263 Parvulis
1460 1209 1603 1263 enim
1630 1218 1790 1280 atque

216 1299 537 1355 lactantibus
562 1316 667 1353 non
695 1299 865 1354 solum
895 1314 999 1353 non
1025 1302 1244 1370 prodest
1266 1300 1468 1356 solidus
1496 1302 1665 1365 cibus,
1698 1302 1791 1356 sed

212 1388 471 1445 interﬁcit
512 1403 626 1455 eos,
673 1391 763 1460 qui
802 1390 1054 1460 perfecta:
1096 1394 1272 1448 astatis
1315 1393 1619 1448 hominibus
1659 1408 1791 1448 con-

212 1482 378 1553 gruit.
402 1482 554 1549 Quod
582 1481 739 1536 aliter
761 1482 978 1552 intelligi
1002 1493 1198 1552 potest.
1238 1481 1439 1555 (Grcg.)
1471 1483 1793 1541 Sacerdotes

211 1588 347 1629 vero
384 1573 545 1627 etiam
580 1583 699 1643 post
727 1574 1190 1643 compunctionem
1220 1588 1282 1628 ac
1310 1574 1573 1643 lacrymas
1598 1590 1794 1645 cogun-

212 1669 305 1716 tur
346 1664 647 1717 necessaria
693 1660 922 1716 ﬁliorum
972 1678 1189 1717 suorum
1235 1678 1591 1733 cognoscere,
1636 1673 1691 1719 et
1729 1679 1792 1719 ea

210 1767 336 1821 qua:
375 1752 645 1823 refugiunt
688 1754 869 1807 animo
912 1754 1180 1824 patienter
1219 1755 1426 1821 audire,
1467 1764 1630 1826 atque
1672 1765 1795 1826 post

1894 600 1911 632 ι
1956 582 2162 637 calamo
2188 599 2453 637 mensura:
2472 598 2570 651 per
2593 597 2802 652 gyrum.
2826 582 2891 635 Et
2912 582 2977 635 ad
2996 590 3211 635 ventqu
3242 590 3453 634 austra-

1892 692 1908 722 ι
1954 673 2053 727 lem
2077 688 2295 727 mensus
2307 681 2391 728 est
2405 673 2724 741 quingentos
2739 671 2991 728 calamos.
3009 671 3060 724 in
3081 671 3288 725 calamo
3308 685 3458 725 incn-

1891 780 1910 813 ς
1952 778 2091 817 θυι-αξ
2121 778 2219 833 per
2259 763 2566 817 circuitum.
2606 762 2671 815 Et
2711 761 2778 814 ad
2819 770 3031 813 ventum
3071 761 3455 816 occidentalem

1893 872 1911 903 ι
1960 869 2175 909 mensus
2194 861 2276 910 est
2296 855 2616 923 quingentos
2642 852 2892 915 calamos,
2932 852 2985 905 in
3013 852 3217 905 calamo
3244 868 3450 907 mensu-

1892 961 1910 993 ι
1958 958 2049 998 τω.
2077 942 2180 997 Per
2200 952 2428 1012 quatuor
2447 950 2636 995 ventos
2657 956 2874 994 mensus
2892 948 2975 994 est
2991 954 3199 993 murum
3220 938 3335 1007 ejus
3360 956 3460 993 ttu-

1892 1054 1911 1087 σ
1958 1035 2116 1103 dique
2138 1049 2237 1103 per
2260 1034 2566 1098 circuitum,
2584 1034 2911 1103 longitudine
2931 1033 3339 1101 quingentorum
3366 1047 3457 1086 cn-

1893 1142 1912 1176 c
1956 1124 2223 1189 biturum,
2267 1132 2321 1179 et
2366 1124 2645 1178 latitudine
2699 1123 3111 1193 quingentorum
3158 1121 3457 1176 cubitorum

1895 1233 1913 1265 ι
1956 1215 2284 1269 dividentem
2327 1215 2469 1268 inter
2506 1214 2867 1268 sanctuarium
2906 1220 2959 1266 et
3001 1212 3139 1282 vulgi
3188 1211 3382 1267 locum.
3435 1231 3453 1263 ι

1889 1301 2158 1375 (ΙῙὶενοη.)
2190 1304 2478 1359 Sciendum
2506 1303 2647 1373 quod
2676 1311 2797 1372 post
2822 1311 3037 1355 ventum
3065 1302 3381 1356 orientalem
3406 1310 3461 1355 et

1890 1394 2192 1465 aquilonem
2240 1395 2293 1449 in
2322 1402 2485 1449 vento
2510 1394 2727 1448 australi
2763 1402 2818 1448 et
2847 1393 3159 1447 occidentali
3191 1394 3329 1463 apud
3360 1393 3459 1449 Se—

1889 1482 2164 1555 ptuaginta
2191 1482 2327 1537 ordo
2353 1492 2713 1553 praeposterus
2731 1490 2819 1536 Sll.
2847 1481 2924 1535 llli
2948 1481 3090 1536 enim
3113 1483 3342 1551 primum
3368 1498 3463 1553 po-

1892 1582 2116 1628 suerunt
2141 1572 2549 1637 occidentalem,
2580 1571 2633 1626 id
2660 1582 2744 1627 est
2769 1586 2934 1635 mare,
2969 1581 3025 1627 et
3048 1581 3233 1642 postea
3257 1584 3463 1627 austra-

1892 1662 2020 1728 lem,
2068 1677 2193 1718 cum
2237 1662 2379 1732 apud
2417 1662 2671 1718 llebrmos
2718 1662 2946 1732 primum
2994 1671 3227 1731 ponatur
3271 1670 3463 1718 ventus

1894 1754 2164 1818 australis,
2196 1762 2253 1808 et
2275 1764 2460 1825 postea
2491 1754 2857 1809 occidentalis.
2899 1752 3157 1823 Quodque
3185 1754 3463 1824 Scriptura

210 1842 443 1912 suspiria
468 1842 788 1906 caelestium,
809 1843 1171 1911 quorumlibet
1191 1845 1489 1900 carnalium
1513 1847 1789 1901 hominum
1824 1842 1867 1900 Β
1894 1857 2038 1897 nunc
2065 1842 2195 1897 dicit
2221 1855 2240 1896 :
2276 1860 2295 1893 ι
2333 1842 2575 1912 Cumque
2600 1841 2921 1909 complesset
2967 1857 3248 1897 mensuras
3274 1843 3467 1898 domus

212 1945 382 1985 onera
421 1940 657 2001 portare,
688 1940 742 1985 et
770 1945 908 2000 saepe
936 1946 1058 1985 cum
1094 1934 1591 2003 supervenientibus
1616 1950 1710 1989 cor
1738 1935 1792 1989 in

211 2022 427 2077 diversa
464 2022 721 2092 qualitate
768 2021 1162 2077 transfundere.
1211 2021 1346 2077 Nam
1383 2024 1668 2094 aliquando
1708 2040 1795 2079 sa-

210 2114 407 2169 cerdos
433 2115 497 2168 de
525 2113 690 2169 lucris
719 2113 1051 2183 spiritalibus
1078 2115 1293 2185 gaudet.
1343 2114 1447 2170 Sed
1477 2132 1598 2170 cum
1638 2117 1797 2187 quili-

209 2205 309 2261 bet
352 2218 585 2259 maerens
628 2205 1022 2274 supervenerit;
1069 2205 1171 2259 nisi
1201 2204 1315 2273 ejus
1344 2220 1628 2261 maerorem
1658 2208 1709 2261 in
1736 2223 1795 2262 se

211 2294 543 2363 susceperit,
568 2293 895 2348 tribulationi
925 2294 1065 2349 illius
1089 2296 1423 2363 compatiens
1455 2312 1559 2351 non
1601 2306 1702 2351 est.
1732 2298 1797 2351 Et

213 2385 505 2456 aliquando
530 2386 594 2440 de
620 2386 826 2440 damnis
849 2386 1145 2440 animarum
1171 2387 1347 2458 luget,
1375 2396 1429 2443 et
1456 2398 1671 2458 repente
1702 2404 1794 2443 su-

213 2478 575 2549 perveniunt,
614 2476 706 2546 qui
745 2476 810 2530 de
850 2477 1166 2545 quibusdam
1204 2479 1314 2532 suis
1355 2480 1797 2547 prosperitatibus

212 2565 491 2631 laetantur,
522 2582 748 2636 quorum
796 2565 841 2619 si
868 2565 1066 2620 lmtitim
1117 2568 1371 2621 sacerdos
1417 2583 1521 2621 non
1567 2584 1798 2638 congau-

212 2655 363 2722 deat,
392 2658 568 2711 minus
594 2670 777 2710 amare
807 2657 1044 2711 creditur
1079 2657 1236 2721 ﬁlios,
1267 2658 1317 2711 in
1352 2674 1577 2727 quorum
1606 2661 1798 2727 gaudio

214 2761 327 2801 non
356 2746 606 2810 exsultat,
630 2747 894 2815 praecipue
918 2761 1039 2799 cum
1072 2745 1264 2802 Paulus
1288 2748 1430 2801 dicat
1456 2763 1469 2801 :
1509 2769 1525 2798 ι
1555 2748 1799 2802 Gaudere

214 2852 341 2891 cum
375 2837 747 2906 gaudentibus,
789 2836 916 2890 ﬁere
954 2852 1073 2891 cum
1121 2836 1373 2892 ﬂentibus
1408 2838 1585 2909 (Rom.
1614 2840 1734 2911 xu).
1775 2859 1792 2890 ι

214 2927 362 2983 Nihil
388 2944 516 2999 ergo
539 2938 645 2982 tam
668 2942 952 2983 onerosum
980 2930 1154 2983 ordini
1186 2930 1359 2995 video,
1382 2946 1540 3000 quam
1569 2932 1796 3002 rigorem

216 3018 414 3073 mentis
428 3018 796 3087 cumpatiendo
818 3016 1048 3080 ﬂectere,
1070 3029 1119 3072 et
1145 3034 1264 3073 cum
1286 3021 1528 3090 personis
1547 3036 1799 3090 superve-

216 3109 489 3163 nientibus
525 3110 762 3163 animum
803 3118 1047 3175 mutare;
1092 3119 1145 3165 et
1187 3120 1363 3165 tamen
1400 3112 1501 3166 hoc
1528 3114 1682 3165 valde
1717 3118 1799 3165 cst

1896 1930 2189 1997 interioris,
2229 1932 2416 1986 eduxit
2457 1947 2543 1986 me
2583 1946 2680 2001 per
2706 1931 2845 1999 viam
2874 1939 3067 2001 portm,
3093 1945 3212 1999 qua:
3249 1931 3467 2000 respicit

1896 2022 1962 2076 ad
1989 2022 2126 2076 viam
2156 2022 2495 2085 orientalem,
2534 2040 2553 2073 ι
2612 2020 2851 2075 ostendit
2896 2030 3109 2084 cuncta,
3151 2036 3270 2090 qua:
3303 2035 3463 2090 supra

1894 2109 2040 2165 dicta
2086 2118 2232 2174 sunt,
2264 2119 2319 2164 et
2345 2110 2645 2165 forinsecus
2673 2118 2727 2165 et
2761 2110 3111 2174 intrinsecus,
3142 2121 3196 2164 et
3226 2111 3279 2164 in
3332 2111 3468 2163 inte-

1897 2200 2127 2255 rioribus
2156 2200 2363 2269 templi,
2413 2201 2515 2254 hoc
2553 2208 2657 2263 est,
2686 2200 2857 2254 sancti
2886 2210 3219 2264 sanctorum,
3250 2201 3465 2270 proprio

1896 2292 1964 2346 ad
2009 2292 2189 2361 templi
2216 2290 2499 2345 azdiﬁcium
2530 2292 2822 2360 pertinere,
2865 2300 2920 2345 et
2963 2291 3145 2361 templi
3172 2292 3464 2345 interioris.

1899 2381 2051 2437 Unde
2080 2396 2223 2436 nunc
2249 2382 2491 2451 sequitur
2517 2399 2530 2434 :
2570 2400 2587 2431 ι
2625 2382 2821 2437 Eduxit
2848 2397 2933 2435 me
2977 2396 3073 2451 per
3102 2379 3239 2436 viam
3267 2390 3465 2453 portae,

1897 2488 2017 2542 qua:
2039 2474 2359 2544 respiciebat
2386 2474 2455 2528 ad
2497 2473 2635 2527 viam
2678 2473 3013 2538 orientalem,
3040 2481 3101 2527 et
3142 2489 3356 2527 mensus
3386 2481 3469 2529 est

1897 2579 2017 2618 eam
2059 2564 2296 2633 undique
2351 2578 2449 2633 per
2520 2563 2837 2627 circuitum,
2890 2563 3002 2617 sive
3066 2562 3466 2617 similitudinem

1899 2654 2107 2709 domus.
2138 2671 2157 2705 ›
2193 2652 2295 2706 Per
2313 2654 2456 2721 quod
2483 2652 2878 2706 demonstratur
2899 2666 3002 2704 non
3033 2650 3204 2719 ipsam
3226 2649 3466 2715 domum,

1900 2746 1992 2800 scd
2030 2744 2435 2800 similitudinem
2467 2744 2656 2799 domus
2688 2758 2829 2806 esse,
2880 2759 2999 2812 qua:
3033 2743 3291 2807 cernitur,
3343 2742 3467 2811 quia

1905 2855 1924 2887 ι
1970 2850 2111 2892 nunc
2160 2850 2258 2905 per
2309 2834 2583 2905 speculum
2615 2834 2858 2888 videmus
2904 2834 2957 2887 in
2985 2834 3288 2903 mnigmate.
3333 2830 3468 2887 Cum

1898 2940 2078 2983 autem
2109 2926 2504 2995 venerit'quod
2548 2924 2842 2995 perfectum
2884 2934 2996 2989 cst,
3040 2934 3166 2978 tunc
3212 2924 3354 2993 quod
3400 2938 3468 2977 ex

1898 3027 2051 3087 parte
2079 3026 2162 3072 est
2193 3016 2501 3070 destruetur
2530 3014 2581 3086 (1
2610 3013 2731 3068 Cor.
2763 3013 2906 3085 xm).
2946 3033 2964 3065 ι
3001 3013 3153 3069 Unde
3179 3024 3232 3067 et
3263 3012 3469 3084 Moyses

1906 3110 1958 3162 in
2004 3106 2367 3170 tabernaculo,
2407 3115 2461 3160 et
2490 3104 2741 3159 Salomon
2778 3106 2830 3157 in
2862 3102 3089 3160 mdiﬁcio
3136 3119 3240 3157 non
3269 3102 3467 3157 verita-

215 3198 605 3253 necessarium.
636 3195 766 3251 Nam
792 3199 1060 3267 quomodo
1080 3215 1144 3252 ex
1172 3200 1553 3267 praedicatione
1583 3200 1697 3269 ejus
1730 3202 1797 3253 ad
1826 3180 1869 3241 Ο
1904 3211 2007 3254 tem
2059 3198 2272 3254 tentorii
2329 3196 2532 3266 templi,
2565 3196 2659 3250 sed
2696 3184 3106 3249 similitudinem
3136 3192 3468 3262 ﬁguramque

216 3287 345 3343 boni
371 3288 549 3358 operis
582 3289 808 3360 gratiam
834 3299 1085 3358 peccator
1136 3291 1437 3354 adducitur,
1477 3292 1521 3345 si
1557 3294 1669 3360 ipse
1708 3292 1797 3360 qui

217 3380 478 3449 praedicat
510 3379 723 3434 videtur
752 3380 1030 3450 ingratus?
1079 3380 1229 3435 Unde
1268 3396 1363 3450 per
1401 3381 1543 3435 hunc
1588 3397 1800 3450 quoque

216 3470 468 3525 eumdem
505 3472 821 3540 prophetam
850 3479 1033 3540 postea
1062 3471 1278 3535 dicitur,
1312 3481 1369 3525 ut
1397 3487 1518 3526 cum
1560 3474 1801 3527 sacerdo-

218 3569 307 3613 tes
345 3558 667 3614 intrinsecns
708 3560 1036 3623 ministrant,
1081 3560 1317 3613 vestibus
1362 3559 1517 3614 lineis
1560 3569 1799 3626 utantur,

216 3649 288 3703 de
325 3648 518 3719 quibus
552 3650 802 3704 subditur
831 3667 844 3703 :
889 3668 907 3700 ε
943 3651 1183 3719 Cumque
1223 3652 1568 3721 egredientur
1603 3652 1800 3705 atrium

216 3737 462 3793 exterius
501 3739 569 3792 ad
605 3739 879 3809 p0pulum,
908 3748 1106 3793 exuent
1151 3755 1210 3794 se
1254 3743 1570 3796 vestimenta
1614 3758 1711 3796 sua
1746 3743 1798 3797 in

216 3828 416 3897 quibus
447 3828 902 3892 ministraverunt,
940 3840 995 3885 ct
1022 3841 1220 3901 ponent
1247 3847 1309 3886 ea
1339 3833 1389 3886 in
1418 3834 1801 3904 gawphylacio

217 3921 537 3976 sanctuarii.
590 3941 609 3974 ι
649 3920 935 3977 Grossiora
971 3923 1167 3992 quippe
1201 3925 1518 3978 vestimenta
1556 3934 1680 3979 sunt
1719 3925 1799 3979 la-

218 4025 345 4064 nea.
380 4009 486 4065 Sed
512 4026 636 4066 cum
666 4012 920 4067 sacerdos
949 4013 1014 4066 ad
1046 4022 1290 4067 sanctum
1320 4014 1676 4069 ministerium
1708 4031 1801 4071 ac-

215 4101 385 4167 cedit,
401 4117 525 4158 cum
548 4103 690 4158 intus
716 4119 810 4173 per
835 4105 1299 4173 compunctionem
1326 4104 1638 4175 ingreditur,
1670 4107 1800 4160 sub-

215 4190 307 4247 tili
351 4191 619 4249 intellectu
659 4207 879 4247 necesse
921 4202 1037 4257 est,
1093 4192 1247 4263 quasi
1298 4193 1438 4250 lineo
1482 4196 1801 4250 vestimento

216 4289 497 4345 induatur.
527 4289 631 4344 Sed
662 4305 784 4345 cum
806 4291 872 4345 ad
901 4291 1150 4361 populum
1176 4292 1305 4347 foris
1326 4294 1619 4364 egreditur,
1641 4308 1801 4365 opor-

216 4387 303 4434 tet
338 4388 397 4433 ut
429 4381 780 4445 vestimenta,
829 4382 881 4435 in
925 4382 1120 4451 quibus
1160 4384 1488 4441 intrinsecus
1529 4387 1801 4443 ministra-

216 4478 398 4535 verat,
442 4480 681 4542 reponat,
722 4480 884 4542 atque
924 4474 1118 4544 populo
1156 4473 1275 4531 aliis
1306 4477 1547 4532 vestibus
1581 4478 1799 4535 indutus

216 4570 500 4633 appareat.
536 4562 669 4629 Quia
692 4563 735 4617 si
762 4564 815 4617 in
840 4566 1267 4634 componi-tionis
1288 4583 1397 4623 sua:
1426 4569 1603 4640 rigore
1632 4585 1690 4625 se
1719 4577 1801 4625 te-

216 4662 368 4717 neat,
401 4652 523 4708 siin
556 4668 641 4718 eo,
665 4668 821 4722 quem
858 4655 1117 4711 orationis
1150 4666 1393 4728 tempore
1424 4658 1628 4725 habuit,
1666 4674 1800 4716 mm-

217 4758 348 4799 rore
367 4746 643 4815 perduret,
662 4747 987 4802 exteriorum
1013 4762 1190 4800 rerum
1214 4749 1376 4802 verba
1399 4749 1672 4819 suscipere
1695 4766 1797 4805 non

217 4834 483 4898 admittit,
509 4846 563 4892 et
581 4836 708 4906 quid
732 4852 859 4907 grex
895 4836 960 4891 de
984 4838 1306 4892 necessariis
1330 4837 1511 4904 faciat,
1546 4839 1590 4894 si
1612 4840 1799 4895 audire

217 4934 387 4995 atque
407 4928 736 4997 perpendere
756 4928 821 4980 ad
846 4928 965 4992 hoc,
982 4928 1121 4997 quod
1137 4942 1373 4997 pncsens
1390 4939 1594 4999 tempus
1607 4930 1795 5001 exigit,

219 5025 407 5086 pastor
437 5018 682 5073 recusat?
715 5016 994 5072 Grossiora
1026 5034 1155 5089 ergo
1193 5020 1507 5074 vestimenta
1551 5022 1800 5077 sacerdos

217 5108 411 5163 exiens
425 5118 547 5165 ante
560 5109 807 5180 pupulum
825 5111 1025 5173 induat,
1044 5120 1101 5164 ut
1116 5111 1311 5165 mentis
1323 5128 1434 5166 suae
1451 5112 1688 5166 habitum
1706 5127 1801 5182 pro

220 5199 454 5257 utilitate
471 5200 699 5256 ﬁliorum
714 5202 874 5257 etiam
890 5202 956 5255 ad
973 5212 1182 5256 terrena
1200 5202 1471 5257 toleranda
1495 5212 1795 5273 componat.

300 5308 321 5342 ι
364 5289 606 5359 Cumque
629 5292 945 5362 complesset
970 5306 1250 5347 mensuras
1278 5294 1468 5347 domus
1500 5293 1796 5359 interioris,

225 5397 254 5437 ο
295 5384 484 5440 eduxit
510 5398 594 5439 me
638 5400 733 5454 per
758 5386 899 5439 viam
950 5394 1150 5454 portae,
1197 5401 1317 5455 qua:
1358 5385 1679 5454 respiciebat
1729 5385 1797 5439 ad

226 5491 251 5529 σ
289 5476 432 5530 viam
458 5477 795 5543 orientalem,
825 5484 881 5531 et
928 5490 1144 5531 mensus
1174 5483 1261 5531 est
1282 5491 1403 5530 eam
1434 5474 1670 5543 undique
1699 5488 1798 5543 per

226 5583 251 5619 s
292 5564 601 5621 circuitum.
620 5564 834 5621 Mensas
853 5574 936 5621 est
957 5573 1135 5620 autem
1153 5573 1343 5619 contra
1368 5574 1589 5618 ventum
1616 5564 1797 5619 orien-

224 5676 248 5710 σ
293 5656 457 5712 talem
486 5657 695 5714 calamo
727 5672 996 5712 mensum
1034 5671 1128 5727 per
1155 5656 1441 5712 circuitum
1476 5655 1797 5725 quingentos

225 5768 246 5801 ι
289 5748 551 5816 calamos,
580 5750 632 5805 in
653 5748 858 5806 calamo
881 5763 1144 5805 mensura:
1166 5761 1261 5817 per
1273 5761 1480 5817 gyrum.
1499 5744 1563 5800 l-Jt
1580 5758 1795 5799 Inuisus

1898 3287 2162 3349 fecerunt,
2200 3296 2257 3339 ut
2287 3300 2383 3355 per
2419 3285 2551 3345 haec,
2589 3297 2709 3352 quze
2753 3282 2961 3335 minora
2992 3288 3115 3335 sunt
3143 3289 3197 3334 et
3228 3288 3465 3345 terrena,

1898 3392 1963 3432 ea
1994 3391 2114 3445 qua:
2144 3376 2195 3429 in
2228 3373 2561 3436 cmlestibus,
2606 3378 2663 3426 et
2712 3371 2765 3423 in
2810 3368 3036 3438 spiritali
3067 3367 3294 3423 :ediﬁcio
3320 3377 3466 3433 sunt,

1901 3466 2200 3536 intelligere
2241 3464 2529 3534 possimus.
2591 3460 2685 3515 Vir
2735 3468 2955 3525 autem,
3010 3459 3099 3528 qui
3150 3460 3469 3529 prophetam

1899 3559 2196 3621 eduxerat,
2232 3569 2571 3624 nequaquam
2621 3552 2673 3606 in
2718 3552 2913 3605 atrium
2943 3548 3202 3612 exterius,
3238 3549 3331 3602 sed
3372 3561 3470 3618 per

1899 3646 2040 3701 viam
2069 3654 2237 3714 portae
2286 3658 2405 3713 quae
2452 3640 2775 3710 respiciebat
2816 3639 2883 3693 ad
2928 3638 3068 3693 viam
3112 3636 3465 3703 orientalem,

1899 3736 2133 3805 primum
2165 3748 2383 3789 mensus
2421 3741 2504 3786 est
2534 3738 2723 3785 contra
2763 3737 2979 3783 ventum
3007 3727 3323 3782 orientalem
3350 3767 3365 3791 ,
3416 3727 3468 3782 id

1898 3840 2002 3896 est,
2042 3831 2109 3885 ad
2137 3828 2453 3885 orientalem
2488 3827 2697 3897 plagam
2743 3826 3065 3895 quingentos
3094 3824 3331 3880 calamos
3372 3838 3471 3893 per

1900 3936 2089 3993 gyrum
2120 3938 2133 3973 :
2163 3920 2399 3974 secundo
2427 3918 2492 3971 ad
2519 3916 2823 3985 aquilonem
2848 3932 2861 3967 :
2902 3914 3061 3968 tertio
3089 3912 3157 3967 ad
3185 3920 3426 3967 austrum
3452 3930 3467 3967 :

1900 4026 2094 4086 quarto
2130 4015 2195 4069 ad
2246 4030 2415 4078 mare,
2449 4013 2499 4067 id
2549 4021 2652 4076 est,
2693 4010 2759 4064 ad
2802 4008 3158 4064 occidentem.
3188 4006 3293 4062 Per
3328 4022 3465 4075 qua-

1902 4120 2025 4165 tuor
2052 4106 2301 4161 videlicet
2327 4113 2517 4158 ventos
2547 4119 2760 4158 murum
2792 4103 2843 4157 in
2876 4102 3105 4159 circuitu
3136 4110 3242 4155 tam
3274 4101 3325 4154 in
3350 4099 3467 4154 lon-

1902 4204 2178 4274 gitudine,
2238 4216 2398 4271 quam
2454 4200 2507 4254 in
2560 4197 2860 4261 latitudine,
2902 4198 3005 4251 hoc
3047 4204 3147 4260 est,
3196 4209 3293 4263 per
3334 4208 3465 4264 qna-

1902 4295 2077 4349 drum.
2109 4291 2211 4359 Qui
2261 4305 2447 4345 murus
2497 4289 2658 4344 simul
2702 4288 2935 4343 habebat
2968 4288 3073 4342 duo
3111 4285 3274 4340 millia
3322 4284 3469 4340 cale--

1903 4396 2038 4437 mos.
2090 4380 2185 4435 Sin
2237 4389 2417 4434 autem
2465 4378 2706 4433 calamus
2752 4392 2842 4431 sex
2878 4377 3178 4431 cubitorum
3221 4383 3371 4439 erat,
3415 4381 3470 4429 et

1900 4476 2155 4535 παλαιστῆ
2188 4474 2349 4528 unius
2384 4488 2503 4543 qum
2529 4471 2779 4530 παλαιστή
2797 4510 2812 4535 ,
2839 4478 2987 4525 sexta
3020 4484 3147 4539 pars
3170 4466 3336 4523 cubiti
3364 4475 3469 4531 est,

1901 4566 2241 4639 perspicuum
2296 4571 2382 4618 est
2434 4575 2645 4616 murum
2698 4560 3019 4614 exteriorem
3058 4556 3311 4611 habuisse
3373 4570 3472 4626 per

1903 4658 2187 4715 circuitum
2237 4654 2473 4710 calamos
2515 4652 2621 4707 duo
2651 4650 2839 4714 millia,
2877 4648 2969 4718 qui
3014 4647 3217 4725 faciunt
3255 4646 3467 4701 enbitos

1902 4749 2186 4805 duodecim
2228 4745 2391 4800 millia
2417 4753 2685 4799 trecentos
2722 4742 2942 4812 triginta
2966 4749 3093 4799 tres.
3122 4746 3176 4793 et
3209 4738 3466 4792 trientem

1902 4842 1969 4896 de
2010 4837 2217 4894 duobus
2251 4836 2505 4891 millibus.
2536 4831 2778 4887 Prudens
2808 4831 2974 4886 lector
3000 4838 3055 4885 et
3083 4828 3311 4899 diligens
3329 4826 3470 4897 legat

1901 4930 2097 4984 librum
2126 4926 2253 4982 Jesu
2275 4925 2442 4989 Nave,
2468 4932 2522 4979 et
2548 4922 2787 4977 inveniet
2817 4919 3084 4990 quomodo
3126 4918 3179 4972 in
3207 4917 3471 4973 suburba-

1902 5022 1986 5075 nis
2018 5021 2131 5074 hmc
2153 5028 2404 5072 mensura
2433 5021 2697 5069 servetur.
2730 5010 2885 5067 Unde
2920 5017 2976 5065 et
2998 5009 3143 5081 legio
3166 5009 3467 5065 daemonum

1903 5111 2047 5165 hunc
2106 5120 2389 5161 numerum
2448 5103 2599 5175 eligit
2664 5102 2720 5156 in
2776 5098 3126 5156 suffocatione
3180 5113 3467 5168 porcorum

1903 5198 2052 5270 (Luc.
2100 5195 2245 5267 vm),
2275 5205 2335 5250 ut
2372 5194 2462 5263 qui
2509 5191 2867 5248 servientibus
2911 5190 3025 5245 Deo
3066 5198 3333 5259 prmeepto
3360 5186 3468 5243 Do-

1903 5289 2029 5343 mini
2062 5295 2343 5357 separatus
2366 5293 2469 5349 est,
2509 5283 2562 5337 in
2592 5282 2919 5339 contrariam
2959 5289 3168 5352 partem
3200 5280 3469 5335 referatur

1902 5380 1968 5435 ad
1994 5378 2350 5450 perditionem
2396 5388 2583 5429 eorum
2622 5372 2714 5444 qui
2769 5373 2931 5427 vitam
2981 5384 3139 5426 emno
3176 5369 3388 5441 dignam
3413 5378 3471 5428 et

1901 5469 2149 5525 sordibus
2181 5473 2581 5522 consectantur.
2608 5460 2797 5519 Omnis
2824 5468 3002 5515 autem
3038 5474 3226 5515 murus
3248 5459 3343 5530 qui
3385 5464 3471 5515 est

1900 5560 2161 5623 exterior,
2202 5565 2257 5612 et
2290 5556 2455 5611 habet
2507 5553 2954 5625 spatiosissimam
2984 5550 3370 5619 longitudinem
3410 5556 3471 5619 et

1901 5650 2237 5707 latitudinem
2266 5662 2363 5717 per
2396 5646 2680 5716 quadrum,
2708 5642 3071 5715 apostolorum
3096 5640 3335 5697 continet
3368 5656 3467 5695 nu-

1902 5757 2133 5810 merum,
2165 5739 2217 5797 id
2243 5746 2347 5808 cst,
2380 5734 2661 5795 duodecim
2702 5733 2951 5801 millium,
2984 5739 3044 5788 ut
3086 5729 3310 5802 singulis
3335 5744 3429 5802 ψ(
