3950 6368
487 396 587 451 987

1133 390 1194 446 Β.
1237 392 1489 449 RABANI
1528 393 1744 449 MAURJ
1784 396 2101 452 AIiCIllEP.
2144 391 2456 451 MOGUNT.
2493 391 2777 448 OPERUM
2815 392 2993 450 PARS
3031 392 3095 448 II.

3664 397 3767 453 983

487 504 641 563 stolis
680 504 928 560 millenus
977 518 1235 558 numerus
1282 504 1570 575 deputetur
1600 545 1614 570 ,
1664 516 1719 560 et
1764 515 1941 561 tamen
1995 507 2062 562 ad
2091 509 2144 570 Α
2173 522 2191 555 ι
2238 504 2339 558 Fili
2370 501 2628 565 hominis,
2658 502 2811 559 locus
2835 502 2955 560 solii
2994 504 3100 559 mei
3134 514 3191 560 et
3228 506 3381 562 locus
3412 507 3763 577 vestigiorum

491 614 799 655 mensuram
833 597 1181 667 plenitudinis
1218 596 1420 653 Christi
1458 606 1520 654 et.
1555 598 1781 668 perfecti
1818 600 1915 653 viri
1963 615 2071 655 non

484 690 667 743 veniat
697 689 797 741 nisi
837 689 1095 757 jungatur
1125 686 1173 741 ei
1200 695 1255 740 et
1290 690 1565 748 παλαιστή.
1589 690 1678 757 qui
1707 691 1929 745 trecenti
1968 690 2069 745 tri-

484 780 628 850 ginta
667 786 721 831 et
764 786 876 832 tres
904 778 1119 831 cubitos
1144 785 1198 830 et
1239 778 1405 832 cubiti
1448 779 1664 833 tertiam
1692 788 1927 847 partem,
1974 795 2071 849 per

482 884 602 939 qua:
632 879 830 923 sanctae
861 878 915 923 et
945 868 1269 922 venerabilis
1298 869 1581 924 Trinitatis
1614 872 1936 940 mysterium
1978 873 2070 928 de-

482 969 832 1021 monstratur,
869 958 1087 1022 habeat,
1117 974 1237 1026 qua;
1279 959 1446 1029 cingit
1475 968 1530 1013 et
1560 960 1726 1014 vallat
1753 962 1933 1016 omnia
1954 1001 1969 1025 ,
2015 971 2069 1016 et

482 1056 814 1109 habitatores
842 1052 1025 1122 templi
1054 1053 1135 1107 sui
1177 1061 1399 1121 praestat
1426 1053 1745 1108 tutissimos.
1782 1054 1931 1111 Unde
1961 1062 2069 1110 tre-

396 1160 405 1166 ‘
474 1156 760 1225 centorum
787 1147 1094 1202 cubitorum
1131 1160 1257 1199 arca
1290 1143 1403 1199 Noe
1443 1145 1606 1199 habet
1652 1145 2064 1216 longitudinem,

479 1249 531 1293 et
562 1238 777 1308 triginta
806 1237 1111 1295 cubitorum
1155 1236 1494 1293 altitudinem
1516 1277 1531 1301 ,
1570 1252 1691 1306 quze
1720 1252 2067 1292 consumma-

479 1339 568 1385 tur
596 1330 647 1385 in
679 1346 786 1385 uno
812 1330 997 1385 cubito
1028 1348 1041 1383 :
1087 1329 1231 1398 quod
1261 1338 1440 1405 autem
1488 1329 1561 1383 ibi
1599 1330 1871 1383 adduntur
1909 1330 2066 1399 quin-

478 1424 734 1493 quaginta
769 1422 936 1477 cubiti
991 1422 1044 1475 in
1097 1408 1381 1477 latitudine
1422 1421 1779 1487 remissionis,
1819 1430 1880 1475 ut
1924 1437 2065 1490 saepe

478 1515 739 1577 diximus,
778 1513 1050 1583 signiﬁcat
1085 1520 1507 1568 sacramentum.
1548 1512 1702 1568 Unde
1724 1520 1778 1567 et
1806 1512 2064 1569 Dominus

478 1603 695 1671 triginta
719 1617 984 1658 annorum
1001 1601 1147 1656 venit
1163 1602 1227 1654 ad
1243 1601 1569 1670 baptismum
1591 1600 1741 1671 (Luc.
1768 1600 1872 1672 ιιι).
1898 1602 2063 1657 Ethic

476 1693 592 1761 ipse
607 1693 868 1760 propheta
884 1691 939 1745 in
974 1692 1240 1760 principio
1266 1690 1558 1747 voluminis
1584 1691 1665 1744 sui
1689 1707 1887 1745 annum
1911 1692 2063 1761 ponit

474 1783 826 1846 tricesimum,
854 1781 1369 1852 quitricentesimus
1387 1789 1443 1836 et
1466 1782 1774 1836 tricesimus
1801 1798 2059 1839 numerus

2179 614 2197 648 σ
2241 597 2435 667 pedum
2486 612 2760 662 meorum,
2809 598 2899 652 ubi
2946 598 3133 653 habito
3179 600 3232 652 in
3293 601 3475 655 medio
3526 600 3761 657 ﬁliorqu

2176 704 2197 737 ι
2235 686 2399 740 Israel
2449 686 2500 739 in
2539 695 2827 741 internum.
2860 688 2927 741 Et
2968 704 3075 742 non
3105 689 3345 759 polluerit
3381 690 3523 744 ultra
3572 692 3765 747 domus

2175 800 2197 833 ι
2235 781 2399 837 Israel
2441 797 2636 837 nomen
2682 793 2928 838 sanctum
2964 799 3168 849 meum,
3228 784 3327 856 ipsi
3371 794 3428 839 et
3477 800 3637 856 reges
3666 800 3762 840 eo—

2176 878 2359 927 rTum
2408 872 2459 928 in
2494 872 2946 930 fornicationibus
2992 876 3128 939 suis,
3171 884 3227 930 et
3262 877 3314 930 in
3360 876 3537 931 ruinis
3567 893 3759 947 regum

2174 983 2195 1020 ι
2238 982 2494 1032 suorum,
2527 975 2585 1022 et
2624 967 2678 1021 in
2708 967 2963 1033 excelsis,
2996 970 3087 1038 qui
3136 968 3385 1024 fabricati
3429 978 3556 1025 sunt
3597 970 3761 1025 limen

2172 1075 2193 1111 ι
2235 1075 2392 1114 suum
2412 1060 2565 1131 juxta
2592 1059 2757 1114 limen
2785 1075 2987 1125 meum,
3021 1067 3075 1114 et
3110 1069 3293 1128 postes
3318 1061 3622 1131 suosjuxta
3667 1077 3763 1132 po-

2170 1166 2191 1200 «
2234 1156 2347 1203 stes
2376 1164 2547 1213 meos,
2574 1156 2628 1203 et
2658 1163 2847 1203 murus
2873 1157 2992 1203 erat
3038 1149 3181 1204 inter
3215 1164 3300 1204 me
3325 1160 3379 1204 et
3403 1166 3517 1205 eos.
3551 1151 3621 1205 Et
3648 1150 3762 1222 pol-

2169 1254 2190 1289 l
2237 1236 2453 1294 luerunt
2498 1255 2693 1295 nomen
2724 1249 2973 1295 sanetum
3010 1256 3190 1295 meum
3234 1241 3288 1295 in
3334 1242 3763 1296 abominationi-

2168 1344 2189 1379 ι
2234 1327 2360 1392 bus,
2387 1343 2521 1397 quas
2553 1328 2826 1393 fecerunt,
2871 1338 3095 1398 propter
3129 1330 3270 1399 quod
3309 1331 3627 1400 consumpsi
3666 1346 3761 1386 eos

2169 1436 2191 1477 t
2234 1417 2289 1473 in
2321 1418 2401 1471 ira
2425 1433 2565 1472 mea.
2600 1418 2757 1474 Nunc
2782 1434 2913 1490 ergo
2941 1418 3206 1489 repellant
3228 1420 3417 1489 procul
3448 1418 3760 1476 fornicatio-

2167 1526 2187 1560 ς
2232 1524 2357 1563 nem
2379 1524 2556 1575 suam,
2580 1519 2631 1563 et
2662 1510 2849 1565 ruinas
2878 1525 3067 1580 regum
3094 1524 3367 1565 suoruma
3394 1524 3501 1577 me,
3530 1519 3587 1566 et
3608 1510 3763 1566 habi-

2169 1616 2187 1648 ι
2239 1599 2363 1652 tabo
2413 1599 2467 1652 in
2501 1601 2677 1654 medio
2713 1615 2901 1655 eorum
2953 1614 3189 1671 semper.
3228 1620 3246 1653 ι
3294 1599 3569 1673 (Ηὶετοη.)
3602 1602 3755 1669 Dica-

2161 1700 2283 1739 mus
2308 1686 2538 1741 strictim
2572 1688 2638 1743 de
2662 1688 2891 1758 singulis
2925 1698 3187 1758 quantum
3233 1690 3634 1761 explanationis
3664 1708 3752 1762 pa-

2162 1776 2293 1827 titur
2318 1775 2627 1842 dilﬁcultas,
2684 1792 2753 1832 ne
2791 1780 2918 1832 dum
2968 1779 3251 1835 studemus
3281 1781 3561 1843 brevitati,
3613 1782 3758 1837 vela-

473 1874 645 1928 tribus
671 1873 870 1927 additis
892 1882 948 1929 et
971 1873 1128 1927 tertia
1159 1882 1315 1942 parte
1337 1873 1657 1941 completur.
1692 1864 1823 1931 Illud
1852 1883 2048 1941 autem,

2162 1872 2403 1918 mentum
2463 1882 2569 1935 nou
2621 1867 2795 1923 solum
2845 1867 3045 1940 Moysi,
3081 1870 3175 1924 sed
3206 1878 3261 1927 et
3300 1873 3583 1942 prophetae
3623 1871 3757 1929 Eze-

470 1966 737 2033 quodper
764 1963 1163 2032 simplicitatem
1195 1962 1679 2033 interpretationis,
1710 1965 1837 2021 dum
1862 1980 2052 2035 parum

475 2056 806 2110 attendimus
855 2056 1134 2110 celeritate
1184 2055 1422 2109 dictand'
1470 2065 1527 2111 et
1576 2055 1927 2128 Septuaginta
1960 2060 2053 2113 lia-

469 2146 619 2211 beut,
655 2156 709 2202 et
757 2157 942 2202 nostra
996 2146 1280 2202 translatio
1315 2167 1333 2199 ‹
1396 2164 1607 2203 murum
1650 2148 1767 2217 ejus
1815 2152 2051 2221 undique

467 2250 564 2305 per
614 2237 901 2292 circuitum
959 2237 1295 2307 longitudine
1357 2240 1779 2306 quingentorum
1842 2243 2052 2297 cubito.

469 2343 585 2380 rum
618 2369 632 2391 ,
681 2337 736 2383 et
795 2328 1076 2383 latitudine
1144 2328 1560 2400 quingentorum
1621 2333 1923 2387 cubitorum
1957 2374 1972 2397 ,
2027 2353 2044 2385 ι

468 2417 723 2473 llebmeus
783 2433 963 2472 sermo
1027 2432 1135 2471 non
1212 2418 1451 2473 cmitiiiet
1484 2459 1498 2483 ,
1565 2420 1661 2474 sed
1731 2419 2052 2489 simpliciter

465 2506 855 2578 longitudinem
916 2509 1335 2579 quingentorum
1389 2518 1443 2563 et
1495 2508 1837 2566 latitudinem
1890 2513 2050 2581 quin-

462 2605 766 2666 gentorum,
809 2607 873 2651 ut
890 2597 1243 2658 subaudiatur
1284 2599 1643 2662 calamorum,
1674 2596 1832 2654 sicuti
1857 2608 2050 2669 quarto

462 2702 626 2756 supra
666 2687 869 2742 dictum
895 2698 979 2743 est
1009 2688 1079 2741 ad
1114 2689 1436 2743 orientalem
1465 2699 1679 2744 ventum
1723 2700 1778 2746 et
1802 2692 1867 2746 ad
1894 2692 2046 2760 aqui-

462 2775 663 2843 lonem,
693 2786 748 2832 et
792 2779 860 2832 ad
905 2788 1170 2842 austrum,
1202 2789 1258 2832 et
1300 2778 1366 2832 ad
1398 2796 1546 2833 mare
1594 2780 1905 2849 quingentis
1959 2797 2048 2836 ca-

468 2869 627 2923 lamis
679 2886 891 2924 nmrum
930 2870 1167 2939 partium
1200 2870 1534 2932 singularum
1577 2872 1644 2925 ab
1673 2887 1738 2925 eo
1768 2872 1858 2941 qui
1898 2884 2045 2926 tene—

462 2960 553 3015 bat
582 2960 848 3015 calamum
880 2960 1045 3014 i'uisse
1075 2961 1398 3023 dimensum.
1434 2960 1908 3032 Quingentesimus
1948 2980 2044 3016 au-

459 3059 571 3107 tem
610 3068 887 3117 numerus,
919 3054 1012 3122 qui
1044 3053 1255 3107 vicinus
1279 3061 1363 3108 est
1392 3054 1875 3124 quinquagenario,
1905 3056 2046 3125 quod

459 3142 526 3197 ad
554 3142 927 3197 remissionem
956 3142 1227 3212 pertineat
1257 3144 1495 3197 omniiqu
1528 3155 1896 3213 peccatorum,
1938 3162 2042 3199 non

2156 1955 2348 2010 chielis
2378 1966 2655 2012 remaneat
2688 1958 2741 2012 in
2778 1959 2956 2023 nobis,
2997 1960 3087 2028 qui
3122 1960 3369 2029 cupinms
3400 1961 3641 2017 revelata
3672 1962 3755 2016 fa-

2154 2044 2239 2101 cic
2266 2047 2548 2102 veritatem
2592 2049 2809 2115 Domini
2834 2051 3212 2120 contemplari.
3266 2050 3449 2107 Gloria
3496 2069 3627 2124 ergo
3662 2054 3755 2109 Dei

2154 2135 2321 2192 Israel
2369 2139 2668 2211 ingreditur
2709 2158 2808 2211 per
2848 2145 2989 2197 viam
3029 2145 3349 2200 orientalem
3376 2187 3393 2210 ,
3436 2161 3536 2215 per
3592 2163 3751 2215 quam

2153 2236 2208 2283 et
2234 2244 2457 2300 egressa
2482 2230 2676 2294 fuerat,
2704 2232 2924 2301 quando
2946 2234 3143 2289 civitas
3170 2234 3383 2289 Domini
3414 2235 3602 2291 furore
3630 2253 3757 2307 per-

2154 2333 2312 2372 cussa
2338 2327 2443 2373 est.
2473 2318 2778 2387 Ingreditur
2808 2331 3009 2387 autem,
3040 2324 3148 2378 imo
3174 2325 3481 2395 regreditur
3511 2326 3579 2380 ad
3604 2341 3755 2390 eam,

2152 2408 2279 2479 quia
2314 2408 2567 2477 templum
2604 2410 2815 2465 Domini
2860 2412 3185 2467 auliiicatum
3246 2414 3299 2468 in
3358 2423 3543 2469 monte
3595 2430 3750 2469 mon—

2151 2509 2440 2559 straverat.
2476 2500 2541 2554 Et
2575 2509 2752 2556 tamen
2806 2504 2974 2558 multo
3003 2503 3122 2574 plus
3150 2513 3255 2570 est,
3283 2508 3425 2575 quod
3457 2507 3510 2559 in
3560 2522 3753 2563 conse-

2151 2594 2438 2661 quentibus
2484 2595 2722 2649 dicitur:
2769 2614 2787 2647 ι
2824 2596 3044 2651 Levavit
3100 2612 3186 2652 me
3231 2598 3508 2667 Spiritus,
3556 2610 3613 2655 et
3664 2600 3751 2655 in-

2151 2684 2390 2737 troduxit
2437 2700 2522 2739 me
2570 2686 2623 2739 in
2667 2686 2865 2740 atrium
2927 2689 3191 2744 exterius.
3254 2689 3321 2743 Et
3359 2704 3488 2745 ecce
3546 2690 3753 2760 repleta

2150 2781 2268 2827 crat
2307 2773 2475 2841 gloria
2519 2776 2731 2829 Domini
2765 2777 2975 2832 domus.
3016 2797 3034 2830 ι
3094 2778 3192 2833 IIic
3228 2780 3371 2835 enim
3404 2781 3575 2851 gloria
3628 2792 3752 2838 tau-

2150 2871 2264 2917 tum
2299 2862 2394 2918 Dei
2441 2865 2607 2919 Israel
2648 2867 2966 2935 ingreditur,
3002 2869 3075 2925 ibi
3118 2880 3298 2924 autem
3337 2872 3557 2940 dicitur,
3605 2874 3751 2942 quod

2147 2953 2422 3023 plenitudo
2451 2955 2633 3023 gloria:
2667 2956 2878 3010 Domini
2912 2955 3077 3011 fuerit
3103 2958 3155 3011 in
3183 2959 3402 3028 templo.
3438 2960 3516 3015 De
3552 2977 3659 3029 qua
3688 2972 3747 3017 et

2148 3044 2315 3099 Isaias
2363 3047 2553 3100 scribit
2605 3064 2691 3125 1A!
2741 3047 2860 3101 Vidi
2916 3049 3206 3103 Dominum
3254 3052 3537 3107 sedentem
3585 3071 3751 3125 super

2150 3135 2406 3189 thronum
2443 3121 2717 3191 excelsum
2749 3147 2803 3192 et
2828 3138 3097 3194 elevatum
3140 3140 3277 3210 (Isa.
3313 3142 3411 3212 vr).
3449 3162 3465 3194 ι
3501 3142 3570 3197 Et
3592 3121 3747 3213 plana

459 3232 630 3291 solum
663 3243 815 3289 vetus
842 3233 1146 3303 Scriptura,
1186 3236 1281 3289 sel
1325 3245 1378 3289 ot
1423 3212 1722 3293 Salvatoris
1770 3238 1822 3292 in
1861 3237 2039 3291 Evans

2153 3224 2332 3279 domus
2380 3225 2548 3296 gloria
2596 3227 2730 3297 ejus,
2782 3229 2995 3297 quando
3038 3230 3276 3293 revelata
3328 3230 3469 3291 [acie
3516 3212 3749 3303 gloriam

456 3323 598 3395 gelio
628 3326 785 3378 verba
826 3325 1224 3389 demonstrant,
1276 3324 1508 3387 dicentis
1550 3345 1562 3379 :
1618 3346 1635 3377 ι
1673 3328 1786 3381 Duo
1831 3328 2039 3382 debito-

459 3430 547 3469 res
588 3424 747 3468 erant
772 3416 1062 3470 feneratori
1089 3417 1333 3470 cuidam:
1365 3432 1504 3471 unus
1526 3417 1755 3472 debebat
1793 3417 2043 3474 denarios

455 3504 799 3574 quingentos,
837 3512 897 3563 et
935 3504 1075 3557 alius
1110 3505 1502 3575 quinquaginta
1537 3504 1690 3574 (Luc,
1744 3505 1865 3577 vn).
1902 3526 1921 3560 ι
1977 3507 2042 3562 Et

460 3610 649 3653 murus
679 3596 869 3649 dividit
910 3595 1054 3649 inter.
1072 3595 1440 3649 sanctuarium
1472 3606 1528 3660 et
1563 3596 1704 3665 vulgi
1730 3596 1932 3651 locum.
1964 3598 2041 3651 Ex

454 3701 565 3755 quo
595 3685 943 3754 intelligimus
967 3700 1179 3739 clunem
1226 3699 1385 3754 supra
1414 3684 1595 3754 templi
1627 3686 2040 3753 descriptionem

457 3776 819 3841 sacerdotum,
863 3776 953 3845 qui
987 3783 1112 3830 sunt
1165 3773 1255 3829 [liii
1290 3774 1487 3839 Sadoc,
1521 3773 1688 3829 fuisse
1724 3776 2042 3830 ministeriis

457 3868 759 3939 delegatum
789 3888 801 3923 :
837 3870 980 3923 [nunc
1018 3876 1195 3923 autem
1247 3883 1483 3933 murum,
1528 3869 1617 3938 qui
1670 3876 1821 3923 tanto
1870 3869 2042 3937 spatio

458 3960 734 4023 dilatetur,
768 3968 822 4014 et
852 3961 1105 4015 universa
1136 3959 1454 4025 circumeat,
1502 3974 1756 4030 separare
1789 3968 2043 4014 sanctua-

460 4066 601 4105 rmm
628 4060 681 4105 et
706 4051 850 4123 vulgi
879 4050 1079 4106 locum.

1019 4182 1246 4239 CAPUT
1284 4182 1465 4237 XLIII.

473 4274 609 4329 Vidit
656 4275 906 4346 propheta
956 4275 1245 4337 claritatem
1299 4275 1395 4339 Dei
1440 4292 1459 4329 :
1499 4275 1673 4345 arguit
1718 4274 1938 4329 Iud/ros
1978 4275 2042 4346 de

531 4343 683 4399 idolis
713 4343 820 4399 suis
840 4360 858 4397 :
890 4346 1191 4415 pra'cipitu‘r
1218 4346 1486 4399 ostendere
1515 4343 1739 4415 ﬁguram
1773 4356 1819 4399 et
1843 4343 2041 4398 descri-

530 4418 757 4486 ptionem
810 4417 1041 4486 domus;
1084 4416 1147 4469 de
1197 4432 1440 4486 iacuere
1490 4416 1674 4473 altaris
1718 4416 2043 4475 holocaustu-

530 4484 670 4551 rum,
697 4496 743 4538 et
774 4486 837 4539 de
866 4487 967 4543 ritu
993 4484 1107 4554 ejus
1136 4495 1183 4539 et
1208 4485 1480 4554 sacriﬁciis
1501 4486 1754 4555 ejusdem.

535 4612 555 4646 ι
601 4594 667 4649 Et
703 4594 890 4649 ediixit
923 4610 1011 4650 me
1056 4596 1124 4651 ad
1158 4606 1403 4666 portam.
1446 4612 1566 4665 mue
1604 4598 1929 4667 respiciebat
1975 4599 2041 4654 ad

464 4704 484 4736 ς
529 4687 671 4738 viam
710 4684 1050 4739 orientalem.
1084 4686 1151 4745 Et
1178 4700 1305 4742 esse
1335 4688 1504 4757 gloria
1550 4687 1641 4748 Dei
1676 4687 1843 4747 Israel
1871 4690 2043 4758 ingre-

466 4793 486 4828 ι
530 4776 781 4830 dicbatur
807 4791 904 4845 per
929 4776 1071 4830 viam
1101 4776 1434 4842 orientalem,
1465 4788 1520 4833 et
1549 4794 1647 4841 vox
1674 4790 1793 4835 erat
1815 4780 1864 4835 ei
1887 4781 2039 4850 quasi

468 4885 490 4919 ι
524 4882 634 4921 vos
656 4881 917 4935 aquarum
945 4867 1254 4933 multarum,
1282 4878 1337 4924 et
1364 4878 1505 4930 terra
1530 4870 1845 4940 splendebat
1869 4887 1897 4926 a
1928 4887 2038 4925 ma-

468 4978 487 5011 c
523 4958 722 5027 jestate
748 4956 886 5024 ejus.
921 4958 985 5012 Et
1014 4958 1121 5012 vidi
1153 4959 1411 5015 visionem
1456 4962 1748 5019 secundum
1803 4964 2037 5032 speciem

467 5067 485 5101 ε
531 5063 693 5116 quam
723 5048 981 5111 videram,
1015 5048 1229 5117 quando
1264 5051 1409 5103 venit
1463 5060 1520 5104 ut
1549 5052 1881 5120 disperderet
1912 5054 2040 5106 civi-

466 5158 485 5191 ι
514 5146 720 5199 tatem,
749 5146 802 5191 et
850 5139 1059 5207 species
1088 5140 1380 5194 secundum
1415 5151 1716 5209 aspectum,
1757 5158 1917 5211 quem
1965 5145 2041 5197 vi-

461 5246 487 5277 4
533 5229 715 5291 durant
741 5226 893 5294 iuxta
922 5228 1141 5282 ﬂuxiuni
1173 5228 1406 5285 Chohar.
1442 5232 1507 5285 Et
1556 5232 1723 5285 cecidi
1756 5248 1916 5302 super
1963 5234 2039 5288 fa-

465 5336 487 5369 ι
526 5318 667 5372 ciem
707 5333 882 5373 llleaﬂl
929 5335 941 5369 :
980 5326 1033 5372 et
1084 5318 1339 5387 majestas
1395 5321 1604 5377 Domini
1667 5323 1910 5392 ingressa
1956 5338 2039 5381 est

471 5427 491 5461 ι
532 5407 785 5475 templum
837 5424 933 5477 per.
990 5410 1131 5464 viam
1188 5421 1376 5479 portae,
1435 5428 1554 5481 quin
1592 5415 1914 5482 respiciebat
1970 5419 2036 5471 ad

468 5516 490 5553 ι
528 5500 815 5554 orientem.
839 5501 905 5554 Et
938 5500 1245 5556 lesavitme
1275 5503 1519 5573 spiritus,
1550 5514 1603 5559 et
1628 5506 1927 5565 introduxit
1948 5518 2038 5563 'mc

470 5609 503 5643 σί
535 5593 586 5644 in
621 5593 817 5646 atrium
867 5598 1126 5648 exterius.
1179 5594 1248 5648 Et
1278 5610 1410 5650 ecce
1466 5596 1667 5665 repleta
1721 5608 1841 5654 crat
1868 5599 2037 5668 gloria

467 5699 493 5733 ς
534 5682 745 5735 Domini
792 5684 1007 5739 domus.
1054 5684 1121 5738 Et
1166 5686 1347 5747 audivi
1382 5686 1687 5757 loquentem
1736 5690 1801 5745 ad
1847 5708 1933 5745 me
1974 5694 2037 5748 de

472 5793 492 5827 σ
529 5773 800 5838 domuit
836 5778 917 5833 vir
946 5778 1035 5849 qui
1068 5779 1245 5835 stabat
1281 5781 1435 5851 juxta
1468 5793 1570 5849 me,
1618 5782 1751 5837 dixit
1792 5785 1857 5839 ad
1902 5801 1985 5839 mc
2022 5802 2032 5837 :

2069 4558 2119 4617 D

2145 3318 2358 3373 Domini
2411 3321 2843 3390 contemplantes
2907 3322 3268 3381 reformantur
3324 3324 3378 3379 in
3447 3326 3749 3397 imaginem

2144 3412 2405 3469 creatoris
2443 3410 2543 3485 (I!_
2568 3412 2689 3467 Cor.
2722 3413 2825 3486 Ill).
2870 3413 2986 3468 νοω
3030 3430 3245 3485 quoque
3294 3424 3413 3470 erat
3454 3417 3551 3473 Dei
3590 3419 3747 3488 quasi

2144 3522 2240 3560 vos:
2281 3522 2539 3577 aquarum
2578 3504 2867 3559 multarum
2916 3518 2935 3557 :
2966 3508 3207 3561 omnium
3262 3508 3473 3563 scilicet
3526 3509 3578 3564 in
3631 3519 3745 3567 toto

2142 3595 2273 3649 orbe
2323 3593 2664 3663 pepulorum,
2725 3604 2783 3648 ut
2810 3593 3045 3651 Joannes
3092 3597 3428 3667 evangelista
3483 3598 3669 3672 (Apoc.
3698 3600 3742 3669 ι)

2144 3685 2558 3753 interpretatur,
2596 3687 2710 3739 sive
2747 3687 2900 3755 quasi
2928 3702 3028 3741 vox
3063 3695 3367 3747 castrorum
3398 3699 3454 3743 et
3475 3691 3619 3745 sicut
3639 3704 3743 3745 vox

2142 3774 2532 3844 geminantium
2562 3776 2879 3837 multorum.
2899 3785 2960 3831 ut
2984 3777 3259 3839 exercitus
3274 3778 3368 3831 Dei
3400 3789 3738 3836 sacramenta

2142 3873 2510 3933 cognosceret.
2557 3863 2711 3930 Quod
2743 3866 3051 3937 intelligens
3074 3874 3131 3922 et
3178 3865 3346 3922 Jacob
3381 3869 3601 3923 vocavit
3639 3885 3733 3924 no-

2144 3968 2266 4007 men
2312 3953 2453 4009 illius
2502 3954 2602 4010 loci
2646 3964 2829 4024 castra
2876 3954 3028 4027 (Gen.
3086 3958 3279 4027 XXXII),
3330 3958 3397 4017 de
3427 3960 3646 4029 quibus
3684 3968 3740 4016 et

2144 4045 2271 4099 alibi
2317 4047 2581 4115 scriptum
2629 4056 2759 4102 est:
2819 4067 2837 4100 ο
2873 4049 3079 4108 Currus
3118 4051 3214 4107 Dei
3264 4051 3453 4107 decent
3508 4052 3737 4111 millium

2143 4134 2423 4205 multiplex
2465 4138 2627 4192 millia
2666 4139 2960 4201 laetantium
2992 4138 3163 4208 (Ρωι.
3210 4141 3399 4213 vau).
3432 4162 3449 4195 ι
3489 4142 3609 4201 Una
3636 4160 3735 4201 au-

2148 4235 2255 4282 tem
2293 4244 2392 4282 vox
2444 4230 2643 4285 dicitur
2668 4240 2969 4297 castrorum
3002 4242 3055 4287 et
3093 4233 3486 4301 multitudinis,
3515 4245 3747 4309 propter

2146 4333 2309 4377 unum
2356 4319 2410 4372 in
2444 4318 2535 4374 Dei
2584 4321 2742 4377 laude
2790 4338 3138 4389 consensum,
3184 4328 3605 4399 geminaturque
3631 4346 3738 4387 vox

2145 4409 2456 4462 canentium
2485 4409 2634 4476 Patri
2664 4421 2720 4466 et
2754 4412 2971 4477 Filioet
3014 4415 3245 4485 Spiritui
3293 4430 3508 4483 sancto,
3548 4439 3571 4478 ι
3599 4420 3736 4477 San—

2146 4508 2298 4562 ctus,
2352 4511 2612 4571 sanctus,
2658 4514 2880 4565 sanctus
2929 4506 3192 4561 Dominus
3244 4508 3387 4576 Deus
3448 4510 3691 4577 Sabaoth
3720 4554 3735 4579 ,

2147 4589 2303 4657 plena
2356 4602 2438 4645 est
2478 4601 2621 4649 terra
2671 4594 2842 4666 glon'a
2872 4598 2988 4666 ejus
3044 4597 3178 4669 (ha.
3223 4602 3323 4670 vi).
3360 4620 3387 4653 γ
3438 4601 3732 4674 Sequitur:

2154 4702 2171 4733 ‹
2210 4684 2275 4736 Et
2314 4692 2457 4747 terra
2484 4686 2799 4755 splendehat
2824 4706 2853 4744 a
2884 4691 3167 4761 majestate
3196 4692 3349 4765 ejus;
3386 4715 3404 4746 ι
3438 4697 3584 4766 quod
3609 4713 3738 4767 pro-

2146 4776 2263 4843 prie
2290 4776 2341 4828 in
2372 4778 2603 4833 adventu
2636 4777 2835 4837 Christi
2861 4781 3060 4846 factum
3090 4792 3193 4848 est,
3222 4786 3439 4852 quando
3478 4805 3497 4836 t
3530 4787 3585 4841 in
3623 4803 3737 4843 om-

2147 4881 2270 4919 nem
2298 4875 2497 4923 terram
2520 4870 2688 4924 exivit
2713 4872 3080 4941 apostolorum
3104 4890 3291 4939 sonus,
3320 4886 3377 4930 et
3400 4881 3452 4931 in
3488 4878 3622 4935 lines
3644 4894 3735 4933 or.

2147 4956 2229 5010 bis
2263 4967 2529 5012 terrarum
2566 4962 2732 5014 verba
2760 4977 2945 5017 eorum
2975 4962 3146 5034 (Prol.
3191 4966 3374 5037 xviii).
3405 4986 3424 5017 ι
3454 4966 3731 5034 Quotidie

2148 5070 2251 5122 que
2282 5054 2532 5123 impletur
2562 5056 2613 5109 in
2643 5057 3013 5124 credentibus,
3057 5068 3114 5112 et
3156 5060 3224 5113 ad
3251 5060 3551 5130 perfectum
3583 5076 3736 5130 com-

2148 5145 2401 5211 piehitur,
2445 5147 2657 5215 quando
2688 5150 3056 5217 corruptivum
3091 5149 3193 5204 hoc
3214 5151 3455 5209 induerit
3486 5153 3736 5208 incorru-

2150 5236 2406 5303 ptionem,
2439 5247 2493 5290 et
2528 5238 2757 5293 mortale
2788 5238 2929 5294 istud
2952 5238 3542 5299 fueritimmortalitate
3567 5246 3737 5303 vesti-

2149 5338 2282 5387 tum.
2312 5328 2463 5395 Quod
2480 5342 2659 5386 autem
2686 5331 2947 5386 infertur:
2980 5353 2996 5386 ι
3022 5333 3090 5387 Et
3114 5334 3221 5387 vidi
3252 5335 3514 5389 visionem
3536 5351 3733 5391 secun-

2144 5421 2270 5475 dum
2307 5423 2539 5489 speciem
2565 5437 2724 5491 quam
2748 5423 3010 5484 videram,
3027 5424 3244 5492 quando
3268 5424 3418 5478 venit
3441 5433 3498 5481 ut
3516 5424 3735 5494 disper-

2144 5511 2295 5567 deret
2339 5512 2634 5576 civitatem,
2669 5529 2689 5571 ›
2722 5528 2820 5581 pm
2868 5528 2976 5582 quo
3024 5512 3377 5583 Septuaginta
3428 5514 3733 5572 transtule-

2140 5609 2273 5659 runt
2314 5640 2329 5665 ,
2372 5620 2389 5652 ‹
2436 5603 2653 5669 quando
2698 5603 2973 5671 ingressus
3018 5618 3160 5665 sum,
3217 5612 3275 5658 ut
3330 5618 3595 5673 ungerent:
3653 5606 3736 5659 ci-

2144 5695 2385 5757 vitatem,
2436 5715 2454 5745 ι
2513 5710 2635 5751 cum
2674 5693 2827 5762 iam
2876 5694 3199 5754 Hebraicum
3245 5695 3591 5763 perspicuum
3638 5698 3733 5759 si'.

2136 5785 2289 5854 juxta
2341 5786 2687 5855 Septuaginta
2740 5785 3023 5859 plurimam
3084 5787 3475 5844 obscuritatem
3528 5786 3733 5856 habet,

3520 5908 3910 6368 Α
