3950 6356
195 410 300 468 939

1092 411 1443 469 COMMENT.
1487 412 1553 466 IN
1592 413 2049 471 EZEClllELEM.

2090 447 2162 457 --
2202 417 2329 474 LIB.
2372 415 2534 471 XVII.
3373 414 3478 468 990

194 522 468 593 quomodo
517 520 767 576 Ezechiel
816 521 1092 590 ingressus
1138 523 1247 587 sit,
1314 530 1372 576 ut
1419 534 1647 593 ungeret
1703 523 1780 578 ci-
1808 534 1857 593 Α
1886 534 2007 593 post
2038 526 2371 596 superbiam,
2401 527 2508 579 imo
2532 540 2627 594 per
2653 524 2960 595 superbiam
2996 522 3243 577 fabricati
3267 533 3392 579 sunt
3419 524 3479 578 li-

196 618 444 674 vitateiu.
493 617 560 669 ad
604 614 760 683 cujus
798 615 1139 684 prophetiam
1196 614 1780 685 comminationemque

193 706 515 761 conciderit.
550 705 662 760 Nisi
704 707 845 761 forte
875 706 1003 759 illud
1025 706 1287 768 dicamus,
1330 706 1473 774 quod
1513 706 1783 775 correptio

195 799 476 870 prophetat
506 798 576 852 sit
627 798 809 851 unctio
835 797 1073 851 civita;is
1106 805 1159 851 et
1191 797 1374 850 unctio
1399 795 1503 849 olei
1545 795 1784 850 exsulta-

198 889 362 942 tionis
399 886 750 942 sacerdotalis
777 896 831 940 et
866 888 996 955 regii
1036 904 1047 938 :
1090 886 1233 955 quod
1262 886 1352 954 qui
1385 886 1785 939 libentcrrece-

192 980 395 1049 perint,
448 988 503 1033 et
556 978 742 1032 audire
786 977 1075 1042 voluerint,
1141 977 1451 1031 elliciuntur
1486 978 1633 1030 uniti
1673 975 1782 1030 Do-

194 1070 349 1134 mini,
401 1070 469 1125 de
520 1069 717 1139 quibus
765 1069 1026 1138 scriptum
1075 1078 1159 1123 est
1208 1086 1221 1121 ;
1280 1087 1297 1119 1
1339 1067 1511 1121 Nolite
1562 1078 1783 1136 tangere

193 1162 434 1216 christos
470 1175 640 1226 meos,
686 1169 741 1215 ct
797 1161 850 1213 in
900 1158 1181 1229 prophetis
1242 1159 1376 1214 meis
1425 1160 1590 1212 nolite
1630 1158 1783 1213 mali-

194 1250 349 1317 gnari
374 1246 547 1319 (Psal.
575 1249 704 1319 CIV).
745 1266 763 1299 1
800 1247 891 1301 1110
921 1257 1099 1299 autem
1136 1254 1315 1315 potest
1333 1246 1488 1314 juxta
1517 1250 1782 1322 ἀναγωγήν

193 1355 398 1410 ungere
435 1340 729 1403 civitatein,
772 1339 839 1393 de
877 1353 979 1407 qua
1025 1338 1287 1406 scriptum
1318 1347 1442 1392 est:
1486 1356 1503 1388 1
1534 1337 1782 1391 Gloriosa

192 1431 336 1485 dicta
365 1438 490 1485 sunt
528 1430 593 1484 de
631 1438 698 1493 te,
741 1429 935 1482 civitas
980 1427 1077 1481 Dei
1114 1424 1286 1498 (Psal.
1336 1425 1583 1497 Lxxxvi),
1622 1445 1639 1477 1
1689 1426 1781 1495 qui

192 1522 329 1576 vidit
356 1522 619 1575 visionem
662 1534 854 1573 currus
884 1527 937 1572 ct
962 1518 1342 1587 mysteriOruin
1372 1516 1489 1581 Dei,
1518 1532 1678 1585 quam
1702 1515 1783 1569 in-

194 1612 363 1666 tuitus
385 1622 467 1666 est
498 1610 743 1665 Ezechiel
775 1624 938 1678 super
980 1609 1199 1663 fluvium
1241 1608 1477 1671 Chobar,
1515 1609 1604 1677 qui
1641 1622 1781 1662 onus

190 1704 511 1774 pondusque
552 1701 842 1772 signiﬁcat.
899 1700 1037 1768 Quid
1089 1701 1235 1755 enim
1286 1700 1504 1768 gravius
1548 1698 1783 1753 flumini-

190 1793 293 1847 bus
320 1793 622 1863 Babylonis,
656 1807 821 1861 super
846 1807 966 1859 qua:
996 1789 1164 1843 David
1195 1789 1335 1842 sedit
1361 1798 1415 1841 et
1442 1786 1610 1851 flevit,
1657 1801 1779 1841 cum

1885 631 2008 669 men
2045 633 2200 670 suum
2251 617 2404 687 juxta
2447 616 2609 671 limen
2660 617 2789 679 Dei,
2826 624 2879 669 et
2920 623 3103 686 postes
3166 629 3291 669 suos
3325 615 3478 683 juxta

1884 716 2066 774 postes
2098 707 2260 761 illius.
2294 707 2527 761 Audiant
2553 707 2663 759 [nec
2688 704 2843 772 juxta
2880 692 3117 758 litteram
3150 701 3481 758 muliercula:

1884 806 2125 850 onerata:
2172 797 2430 864 peccatis,
2469 812 2588 865 qua:
2618 793 3083 848 circumferuntur
3124 793 3273 857 omni
3317 801 3480 845 vente

1884 886 2149 938 doctrina:
2179 885 2395 955 (Ep/tes.
2431 890 2527 953 iv).
2558 900 2773 953 semper
2796 885 3090 948 discentes,
3124 890 3180 935 et
3204 896 3478 951 nunquam

1884 978 1951 1032 ad
1980 978 2261 1032 scientiam
2286 978 2531 1033 veritatis
2554 977 2959 1046 pervenientes:
2982 983 3216 1029 mentem
3230 971 3478 1043 junctam

1884 1066 2017 1128 Deo,
2066 1084 2171 1121 non
2203 1069 2537 1122 vicinitatem
2576 1067 2952 1131 ecclesiarum,
2986 1074 3043 1119 et
3088 1062 3478 1118 habitationem

1884 1156 2190 1224 proximam
2240 1156 2337 1211 Dei
2395 1158 2447 1211 in
2476 1173 2534 1213 se
2583 1169 2877 1226 provocare
2929 1153 3292 1218 clementiam,
3349 1151 3478 1221 quin

1886 1244 2066 1314 potius
2111 1245 2541 1317 indignationem
2579 1245 2795 1300 Domini
2846 1244 3216 1307 commoveri,
3263 1242 3481 1314 quando

1887 1333 1939 1385 in
1964 1336 2301 1389 consecratis
2323 1336 2433 1390 Deo
2463 1333 2597 1390 locis
2621 1336 2875 1405 indignus
2899 1336 3172 1390 habitator
3189 1344 3288 1390 est.
3325 1352 3343 1383 1
3379 1332 3482 1387 Fa-

1884 1422 2074 1477 bricati
2106 1434 2254 1489 sunt,
2275 1426 2467 1496 inquit,
2487 1426 2647 1480 limen
2674 1442 2829 1481 suum
2866 1425 3021 1494 juxta
3046 1426 3207 1485 limen
3230 1440 3433 1488 meum,
3456 1442 3474 1476 1

1886 1522 1944 1565 01
1986 1513 2121 1567 nihil
2166 1514 2456 1570 interesset
2500 1516 2642 1570 inter
2681 1532 2895 1571 sacrum
2925 1526 2980 1571 et
3008 1516 3316 1589 profanum.
3355 1536 3373 1568 1
3414 1515 3481 1571 Et

1883 1613 2065 1673 postes
2106 1620 2235 1659 suos
2259 1604 2412 1675 juxta
2444 1615 2628 1676 postes
2661 1622 2844 1674 meos;
2884 1628 2901 1659 1
2933 1617 2992 1661 111
3023 1622 3165 1661 111108
3214 1606 3480 1661 laicoruni

1883 1704 1937 1749 et
1964 1697 2309 1750 sacerdotum
2336 1706 2483 1752 esset
2510 1697 2785 1752 introitus.
2818 1696 2968 1754 Unde
2993 1697 3284 1768 Apostolus
3308 1697 3477 1753 dicit:

1890 1805 1907 1836 1
1951 1786 2149 1841 Probet
2193 1797 2377 1845 autem
2404 1804 2463 1843 se
2509 1789 2695 1854 homo,
2721 1799 2777 1843 et
2802 1789 2881 1845 sic
2909 1789 3135 1845 accedat
3178 1790 3246 1843 ad
3286 1803 3482 1859 corpus

191 1885 578 1938 recordaretur
608 1882 771 1937 Sion?
794 1882 869 1935 De
894 1882 1090 1951 quibus
1118 1880 1379 1949 scriptam
1420 1888 1503 1932 cst
1530 1893 1543 1931 :
1583 1895 1600 1927 1
1634 1876 1779 1930 Pim-
1809 1877 1853 1935 Β
1881 1886 1937 1930 01
1962 1877 2280 1947 sanguinein
2307 1878 2523 1934 Domini
2547 1878 2598 1951 (Ι
2622 1877 2743 1934 Cor.
2772 1879 2903 1952 11).»
2922 1880 2989 1933 Et
3014 1888 3072 1933 ut
3093 1879 3313 1950 gravius
3339 1878 3483 1938 face-

190 1974 325 2028 tcrit
360 1973 504 2028 enim
543 1976 711 2043 lignra
745 1971 904 2039 hujus
928 1971 1111 2025 mundi
1146 1968 1197 2040 (I
1243 1965 1366 2022 Cor.
1405 1968 1532 2038 vn);
1567 1987 1585 2018 1
1618 1967 1780 2021 nihil-

188 2079 296 2132 que
326 2054 455 2133 p’uto
478 2063 531 2116 in
563 2063 740 2117 saeculi
770 2062 930 2129 hujus
951 2060 1271 2116 confusione
1297 2073 1416 2112 esse
1436 2067 1775 2127 perpetuum,

188 2156 284 2209 sed
314 2154 495 2207 omnia
533 2154 812 2222 praeterire
841 2160 897 2207 et
946 2150 1131 2205 ﬂuere.
1162 2149 1292 2216 Quae
1329 2149 1419 2219 qui
1469 2148 1779 2203 considera-

185 2246 361 2309 verit,
406 2247 562 2299 cadet
592 2261 756 2315 super
803 2244 998 2297 faciem
1040 2257 1215 2306 suam,
1270 2239 1579 2309 intelligens
1615 2252 1777 2308 quam

185 2334 380 2407 procul
423 2336 495 2389 sit
534 2352 563 2389 a
599 2335 881 2401 majestate
921 2334 1013 2388 Dei
1050 2340 1106 2387 et
1142 2330 1323 2386 flectet
1350 2345 1525 2401 genua
1565 2332 1632 2385 ad
1680 2328 1781 2384 Pa-

187 2440 329 2483 trem
387 2428 440 2481 in
472 2428 689 2481 nomine
730 2425 856 2480 Jesu
897 2425 1119 2479 Christi.
1175 2444 1192 2475 1
1243 2424 1506 2492 Cumque,
1541 2423 1634 2487 ait,
1678 2437 1779 2491 ego

185 2519 542 2585 corruissem,
577 2517 829 2586 majestas
877 2516 1085 2571 Domini
1120 2517 1363 2586 ingressa
1393 2524 1477 2568 est
1524 2514 1777 2583 templum

182 2627 286 2683 per
313 2612 454 2665 viam
488 2620 674 2680 portae,
710 2624 828 2678 quae
875 2608 1198 2677 respiciebat
1239 2607 1308 2659 ad
1340 2607 1625 2669 orientem,
1671 2616 1781 2658 sta—

186 2706 397 2773 timque
471 2719 554 2757 me
613 2703 844 2757 elevavit
895 2702 1117 2769 spiritus
1172 2699 1337 2769 (ipse
1408 2699 1550 2751 enim
1591 2697 1780 2765 jacens

182 2809 415 2865 pergere
447 2811 549 2848 non
580 2792 877 2861 valebam);
923 2799 977 2845 et
1025 2790 1327 2844 introduxit
1374 2804 1460 2843 me
1501 2789 1556 2842 in
1582 2790 1779 2842 atrium

182 2887 449 2940 exterius.
488 2905 504 2935 1
534 2885 688 2939 Foris
714 2884 858 2937 enim
885 2882 1207 2937 cecideram.
1242 2882 1305 2935 Et
1334 2896 1484 2946 ecce,
1511 2881 1603 2950 qui
1628 2882 1781 2950 prius

185 2994 582 3047 conspexerant
612 2978 835 3048 gloriam
864 2977 953 3029 Dei
990 2975 1154 3029 lsrael
1186 2976 1488 3029 venientem
1516 2990 1612 3044 per
1638 2976 1779 3029 viam

181 3072 528 3135 orientalem,
553 3072 657 3124 vidi
684 3070 941 3139 repletam
962 3068 1131 3138 gloria
1155 3068 1364 3121 Domini
1392 3069 1607 3121 domum
1631 3067 1776 3136 ejus:

180 3175 239 3217 et
270 3178 456 3216 vocem
490 3162 556 3214 ad
587 3176 671 3215 me
699 3163 765 3214 de
804 3160 962 3215 domo
992 3158 1232 3212 interiori
1261 3157 1528 3225 loquentis
1575 3157 1775 3211 audivi.

1881 1976 1966 2021 ret
2013 1969 2157 2037 quod
2208 1968 2461 2036 dicebat,
2511 1980 2829 2042 sequentem
2866 1970 3048 2042 jungit
3102 1970 3477 2028 versiculum:

1886 2074 1905 2108 1
1942 2057 2011 2111 Et
2047 2074 2234 2114 murus
2278 2069 2399 2115 erat
2424 2062 2569 2116 inter
2598 2078 2686 2117 me
2713 2072 2767 2116 et
2813 2079 2931 2127 eos,
2967 2084 2985 2115 1
3022 2074 3081 2118 01
3121 2062 3481 2121 sacerdoulia

1881 2148 2149 2203 sacrificia
2175 2160 2231 2204 et
2253 2150 2371 2205 loca
2413 2164 2882 2211 sacramentorum
2909 2156 3157 2225 corporis
3186 2164 3242 2210 et
3264 2156 3483 2224 sangui-

1882 2240 1966 2294 nis
2005 2239 2209 2296 Christi
2241 2244 2602 2300 brevissimus
2628 2261 2817 2301 murus
2860 2248 3145 2303 divideret.
3185 2266 3204 2299 1
3253 2248 3321 2302 Et
3360 2248 3476 2317 pol—

1882 2329 2117 2395 luerunt,
2154 2333 2347 2403 inquit,
2380 2350 2577 2389 nomen
2622 2345 2867 2391 sanetum
2904 2353 3081 2391 meum
3120 2338 3175 2393 in
3202 2338 3480 2395 abomina-

1885 2423 2122 2478 tiunibus
2152 2440 2291 2494 quas
2327 2424 2595 2480 fecerunt.
2633 2446 2651 2479 1
2700 2427 2837 2495 Quid
2878 2431 3101 2499 prodest
3132 2422 3483 2507 habitationis

1884 2511 2083 2565 vicinia
2143 2521 2197 2566 ct
2237 2516 2447 2568 medius
2510 2515 2658 2572 inter
2717 2518 2967 2572 ecllulam
3028 2530 3275 2574 nostram
3302 2531 3357 2576 et
3404 2521 3483 2577 al-

1883 2610 1997 2657 tare
2048 2604 2261 2658 Domini
2305 2607 2509 2675 paries,
2566 2624 2688 2663 cum
2741 2610 2793 2664 in
2838 2612 2953 2677 his,
3006 2628 3128 2682 quae
3157 2610 3369 2669 secieto
3404 2617 3484 2671 fa-

1882 2694 2078 2759 cimus,
2105 2705 2158 2749 et
2185 2712 2307 2768 qua:
2340 2707 2494 2768 turpe
2526 2711 2610 2755 081
2638 2701 2801 2754 etiam
2844 2703 3047 2765 dicere,
3077 2704 3482 2759 eontaminetur

1882 2794 1936 2838 et
1982 2787 2258 2856 polluatur
2309 2806 2505 2845 nomen
2554 2792 2807 2846 Domini?
2848 2794 2962 2863 Ego
3028 2796 3133 2849 hoc
3193 2796 3479 2860 arbitror,

1882 2879 2025 2947 quod
2076 2895 2181 2934 non
2233 2882 2439 2950 polluat
2486 2898 2681 2939 nomen
2722 2884 2839 2950 Dei,
2886 2885 2989 2943 nisi
3041 2885 3164 2952 ille,
3201 2886 3294 2957 qui
3335 2886 3481 2941 visus

1881 2974 1965 3020 est
1994 2969 2201 3023 nomini
2234 2970 2351 3041 ejus
2386 2973 2634 3039 credere,
2676 2982 2730 3029 et
2772 2990 2841 3028 ex
2887 2976 3031 3031 illius
3063 2978 3277 3033 censeri
3314 2993 3479 3033 voca-

1881 3057 2026 3123 bulo,
2056 3069 2110 3112 et
2138 3061 2407 3130 quomodo
2434 3063 2569 3118 tollit
2595 3066 2836 3121 membra
2859 3067 3060 3124 Christi
3082 3080 3137 3124 et
3160 3071 3481 3128 111011111οΨ-

1883 3149 1979 3203 bra
2012 3152 2331 3217 meretricis,
2376 3155 2466 3222 qui
2512 3156 2665 3223 prius
2692 3156 2910 3213 Christo
2955 3161 3228 3216 credidit:
3278 3164 3356 3219 sic
3387 3164 3479 3223 ille

183 3257 319 3320 Quae
344 3254 472 3322 quid
502 3253 571 3307 sit
600 3252 797 3317 locuta,
831 3250 1109 3319 Scriptura
1140 3264 1247 3301 non
1275 3258 1485 3313 narrat,
1505 3247 1607 3302 nisi
1636 3246 1776 3302 forte
1804 3239 1849 3307 C
1882 3240 2071 3311 polluit
2098 3258 2293 3296 nomen
2325 3244 2538 3313 Dei,qui
2568 3247 2716 3317 prius
2746 3249 2981 3304 nominis
3020 3252 3138 3321 ejus
3166 3253 3325 3307 [idem
3351 3268 3476 3310 sus-

182 3348 317 3401 illud
343 3346 580 3416 Apostoli
613 3364 625 3399 :
656 3365 673 3395 1
706 3346 769 3398 Et
795 3345 975 3398 audivi
1007 3342 1165 3396 verba
1195 3342 1508 3407 ineffabilia,
1534 3358 1653 3411 qua:
1675 3357 1779 3396 non

180 3438 313 3492 licet
343 3439 545 3491 homini
593 3439 737 3507 loqui
777 3436 859 3509 (ΙΙ
894 3436 1015 3489 Cor.
1072 3437 1190 3505 xu).
1234 3456 1250 3486 1
1296 3434 1390 3489 Vir
1444 3444 1645 3501 autem,
1698 3435 1778 3490 in-

181 3532 306 3600 quit
334 3530 440 3593 ille,
472 3530 562 3597 qui
591 3527 941 3597 stabatjuxta
984 3529 1326 3598 prophetam,
1358 3525 1495 3580 dixit
1534 3528 1603 3581 ad
1631 3542 1774 3593 eum,

180 3638 347 3690 quem
399 3622 681 3691 perspicue
734 3622 1019 3674 Dominum
1078 3618 1449 3688 intelligimus.
1501 3618 1598 3674 Cui
1631 3620 1777 3675 enim

180 3710 275 3763 alii
305 3709 507 3778 poterit
555 3708 867 3773 convenire,
902 3711 1041 3778 quod
1084 3710 1327 3777 sequitur
1360 3728 1371 3762 :
1411 3730 1427 3760 1
1460 3708 1559 3766 Fili
1606 3714 1778 3766 homi-

181 3800 290 3861 nis,
327 3800 479 3853 locus
527 3799 647 3854 solii
698 3802 839 3866 mei,‘
876 3808 931 3854 et
976 3801 1123 3855 locus
1179 3805 1533 3875 vestigiorum
1580 3808 1774 3875 pedum

181 3908 430 3945 nieorum
457 3931 471 3956 ,
536 3892 627 3945 ubi
669 3893 852 3946 habito
908 3893 959 3946 in
1018 3895 1197 3948 medio
1237 3896 1471 3950 filiorum
1515 3897 1677 3950 Israel
1722 3898 1773 3949 in

178 3997 477 4048 internum;
516 4003 534 4035 1
565 3984 667 4037 nisi
704 3983 801 4049 illi,
840 3985 931 4053 qui
959 3984 1166 4039 habitat
1199 3986 1251 4040 in
1286 3986 1544 4051 Ecclesia,
1581 3988 1632 4041 in
1663 4003 1773 4041 nie-

181 4077 273 4130 dio
301 4077 537 4129 filiorum
562 4076 721 4130 Israel
755 4078 1091 4132 cernentium
1120 4078 1429 4142 Dominum,
1480 4092 1532 4133 et
1563 4082 1773 4134 habitat

180 4167 236 4221 in
262 4175 608 4236 perpetuum,
634 4183 738 4221 non
762 4170 1057 4222 secundum
1086 4169 1342 4238 templum
1371 4169 1675 4225 Salomonis
1704 4171 1768 4224 ad

182 4256 437 4325 tempus?
468 4256 532 4309 Et
562 4255 709 4309 locus
736 4257 853 4325 ejus
879 4266 961 4312 est
993 4257 1081 4313 ille
1117 4260 1311 4329 dequo
1346 4260 1605 4329 scriptum
1639 4271 1720 4315 est
1754 4280 1766 4314 :

185 4366 205 4399 1
242 4349 311 4402 Ε1
344 4348 520 4401 factus
544 4356 625 4401 est
644 4348 694 4402 in
719 4362 853 4417 pace
884 4349 1033 4403 locus
1053 4350 1170 4418 ejus
1193 4351 1577 4424 (01111111),
1610 4372 1627 4403 1
1652 4369 1769 4421 1111εο

179 4448 474 4509 exsuperat
502 4454 717 4494 omnem
746 4455 989 4493 sensum.
1022 4440 1089 4494 Et
1116 4440 1264 4496 locus
1298 4442 1643 4511 vestigiorum
1669 4460 1765 4513 pe-

180 4532 313 4587 dum
340 4529 502 4593 illius,
531 4530 786 4599 apostolis
812 4531 1114 4586 dicentibus
1144 4549 1156 4585 :
1197 4552 1213 4583 1
1241 4532 1545 4588 Adoremus
1571 4534 1621 4587 in
1649 4534 1766 4587 loco

1883 3332 2105 3401 ceperit.
2136 3333 2388 3402 Alioquin
2423 3337 2672 3392 ethnicus
2702 3346 2757 3391 et
2799 3336 3019 3395 Judmus
3048 3357 3172 3396 cum
3208 3343 3321 3398 81111
3356 3344 3476 3415 pol-

1882 3420 1979 3474 luti
2027 3431 2079 3476 et
2120 3426 2506 3491 contaminati,
2556 3428 2665 3482 imo
2714 3431 3104 3487 contaminatio
3152 3433 3264 3504 ipsa
3315 3444 3478 3505 atque

1882 3513 2104 3581 pollutio
2132 3530 2327 3570 nomen
2352 3516 2443 3571 Dei
2467 3518 2707 3588 polluere
2736 3529 2789 3575 et
2812 3525 3188 3581 contaminare
3214 3543 3321 3585 non
3342 3544 3468 3599 pos.

1881 3614 2025 3667 sunt,
2056 3609 2198 3675 quod
2232 3608 2304 3660 illi
2332 3609 2594 3677 polluunt.
2636 3611 2718 3664 Ad
2748 3628 2883 3681 quos
2912 3614 3109 3669 dicitur
3138 3631 3153 3670 :
3198 3636 3216 3668 1
3250 3617 3356 3677 Per
3380 3634 3477 3675 vos

1881 3712 2076 3751 nomen
2111 3715 2290 3753 meum
2325 3702 2733 3771 blasphematur
2760 3706 2812 3758 in
2847 3708 3099 3775 gentibus
3125 3709 3262 3780 (lea.
3299 3712 3415 3785 LII).
3450 3732 3469 3764 1

1885 3803 1901 3833 1
1934 3784 2161 3854 Propter
2205 3790 2303 3843 has
2355 3790 2521 3860 igitur
2571 3808 2764 3847 causas
2802 3800 3115 3867 consumpsi
3165 3815 3258 3855 eos
3292 3803 3346 3857 iu
3389 3804 3473 3860 ira

1879 3892 2023 3942 mea,
2064 3898 2081 3927 1
2118 3881 2243 3949 quia
2298 3882 2414 3937 inec
2462 3885 2642 3940 fecere
2690 3902 2810 3955 qua:
2859 3890 3117 3946 diximus.
3169 3893 3234 3952 Et
3289 3902 3474 3956 tamen

1878 3973 2115 4027 clemens
2150 3977 2408 4032 Dominus
2440 3995 2652 4033 rursum
2682 3982 2962 4051 prophetae
3004 3988 3269 4056 przecipit,
3300 4000 3359 4043 ut
3389 3989 3477 4058 ju-

1875 4065 2002 4118 beat
2030 4067 2109 4120 eis
2140 4069 2325 4135 procul
2359 4085 2387 4123 a
2434 4084 2493 4123 se
2545 4086 2828 4128 removere
2875 4075 3263 4134 fomiicationes
3293 4082 3476 4149 pristi-

1876 4172 1996 4239 nas,
2028 4168 2083 4210 et
2114 4160 2299 4214 ruinas
2342 4177 2526 4231 regum
2575 4179 2795 4218 suorum
2852 4182 2915 4222 ac
2965 4169 3266 4239 principum
3310 4173 3469 4229 dere-

1876 4235 2120 4317 linquere
2153 4260 2206 4305 et
2238 4252 2494 4322 repellere
2523 4270 2630 4308 non
2666 4264 2773 4309 tam
2802 4272 2831 4311 a
2861 4273 2920 4313 se
2957 4235 3122 4328 quam
3144 4235 3186 4314 -a
3232 4261 3361 4319 Deo.
3405 4264 3474 4321 Et

1872 4340 2000 4395 boni
2048 4345 2229 4413 operis
2262 4346 2443 4399 statim
2476 4350 2697 4417 praemia
2738 4351 3039 4419 pollicetur,
3087 4354 3273 4411 dicens
3302 4375 3315 4411 :
3350 4375 3368 4407 1
3405 4356 3475 4414 Et

1874 4433 2128 4489 habitabo
2159 4437 2210 4489 in
2250 4438 2428 4491 medio
2472 4454 2683 4494 eorum.
2726 4461 2744 4493 1
2782 4442 2856 4499 De
2886 4459 2993 4514 quo
3018 4454 3073 4501 et
3099 4446 3151 4499 111
3182 4446 3473 4519 Evangelia

1876 4525 2116 4579 dicitur:
2156 4547 2172 4578 1
2209 4527 2417 4583 Medius
2465 4531 2607 4585 inter
2648 4547 2742 4587 ves
2774 4543 2903 4598 stat,
2942 4551 3102 4605 quem
3155 4552 3250 4592 vos
3295 4540 3471 4594 110801-

181 4624 274 4677 11111
308 4594 583 4677 steterunt
602 4622 767 4692 pedes
801 4623 916 4693 ejus
944 4620 1115 4693 (Psal.
1142 4624 1349 4695 cum).
1390 4646 1406 4676 1
1445 4626 1511 4683 Et
1541 4627 1769 4696 pulchre

1883 4615 1946 4669 tis
1974 4614 2156 4687 (locu.
2189 4618 2243 4689 1).
2274 4639 2291 4672 1
2320 4619 2383 4674 Et
2416 4620 2679 4679 habitabit
2706 4642 2810 4678 non
2839 4594 3007 4695 parvo
3034 4636 3299 4697 tempore,
3330 4638 3387 4685 ut
3410 4631 3469 4687 in

181 4715 341 4776 dixit,
368 4722 639 4778 sleterunt,
667 4717 719 4767 in
744 4713 983 4767 Ecclesia
1009 4715 1153 4768 enim
1182 4725 1328 4769 stant
1349 4718 1514 4785 pedes
1536 4718 1768 4775 Domini.

181 4803 238 4858 111
270 4804 552 4873 Synagoga
578 4802 932 4857 anibulantet
962 4814 1307 4873 prmtereunt.
1343 4798 1411 4861 Ut
1432 4819 1609 4866 autem
1635 4811 1772 4865 scia—

182 4914 306 4951 tuus
339 4898 440 4950 hoc
464 4897 565 4949 dici
600 4899 664 4951 de
680 4896 1227 4968 Ecclesia,jungitur,
1264 4918 1280 4948 1
1316 4899 1382 4952 Et
1412 4916 1516 4953 non
1532 4901 1774 4971 polluent

182 4989 325 5043 ultra
345 4990 538 5043 domus
552 4988 716 5041 lsrael
738 5004 932 5043 nomen
954 4999 1201 5044 sanctum
1222 5008 1423 5046 meum.
1438 5014 1455 5045 1
1474 4994 1627 5059 Quod
1648 5012 1774 5065 pro-

180 5082 301 5149 prie
325 5079 391 5130 ad
419 5093 511 5131 eos
532 5080 783 5146 pertinet,
804 5080 892 5147 qui
920 5089 1120 5134 sancta)
1138 5084 1571 5138 conversationis
1594 5086 1767 5141 111Εο-

180 5170 350 5225 clesia
393 5178 818 5222 cmumorantur.
849 5170 950 5236 Qui
994 5180 1117 5225 sunt
1153 5181 1332 5226 autem
1361 5176 1452 5243 qui
1480 5177 1771 5245 polluci'int

182 5264 338 5334 prius
366 5278 560 5316 nomen
590 5273 833 5318 sanctum
865 5264 960 5318 Dei
987 5266 1137 5333 ponit
1177 5268 1521 5325 manifestius
1552 5289 1563 5323 :
1606 5290 1623 5322 1
1665 5273 1767 5342 lpsi

179 5362 237 5409 et
278 5368 434 5424 reges
471 5368 655 5407 eorum
695 5352 803 5407 tam
846 5356 1093 5426 pupulas,
1135 5373 1295 5426 quam
1354 5364 1666 5417 sacerdotes
1717 5366 1768 5420 in

181 5448 636 5505 fornicationibus
666 5450 798 5513 suis,
829 5451 1023 5518 quibus
1053 5467 1080 5505 a
1110 5452 1220 5507 Deo
1254 5452 1503 5509 fornicati
1532 5469 1679 5523 sunt,
1717 5468 1772 5513 et

181 5542 238 5597 in
271 5540 445 5596 ruinis
471 5554 659 5610 regem
691 5555 930 5607 suorum,
970 5560 987 5593 1
1021 5543 1112 5612 qui
1146 5543 1348 5599 frustra
1398 5548 1502 5601 sibi
1535 5563 1633 5619 per
1680 5565 1769 5603 su-

179 5630 429 5701 perbiam
458 5629 666 5699 regium
708 5645 901 5685 nomen
948 5645 1254 5688 assumunt.
1294 5635 1537 5706 Denique
1582 5640 1768 5707 sequi-

183 5732 273 5777 tur
301 5738 316 5775 :
361 5741 380 5775 1
412 5720 486 5776 Et
520 5721 575 5775 in
603 5721 873 5786 excelsis;
904 5743 924 5775 1
956 5739 1216 5795 arrogans
1244 5726 1389 5780 enim
1422 5744 1573 5783 1110118
1598 5728 1767 5783 011⁸011-

183 5813 263 5869 dit
288 5811 484 5883 Deum,
522 5814 741 5871 humilis
773 5815 839 5872 ad
875 5815 1299 5874 misericordiam
1333 5832 1608 5891 provocat.
1660 5821 1761 5890 Qui

1881 4704 2183 4779 Synagoga,
2220 4712 2313 4763 sed
2353 4711 2405 4763 in
2453 4723 2775 4782 perpetuum
2815 4719 3007 4787 :quod
3038 4718 3094 4773 in
3123 4720 3327 4777 Christi
3369 4722 3469 4777 Ec-

1878 4797 2042 4853 clesia
2073 4803 2475 4870 comprobatur.

1956 4909 1971 4939 1
2012 4889 2087 4943 Tu
2122 4901 2326 4959 autem,
2374 4894 2449 4947 fili
2500 4896 2759 4963 bomims,
2804 4906 3028 4955 ostende
3069 4904 3249 4959 domui
3294 4907 3465 4963 Israel

1881 5000 1900 5034 1
1952 4984 2229 5055 templum,
2258 4995 2313 5039 et
2340 4987 2745 5043 confundantur
2796 4993 2864 5045 ab
2904 4992 3277 5061 iniquitatibus
3317 4999 3461 5066 suis,

1880 5093 1899 5127 1
1943 5083 1999 5129 01
2026 5078 2354 5131 meditemur
2394 5076 2676 5145 fabricam,
2711 5091 2764 5134 et
2810 5083 3137 5139 erubescant
3181 5103 3248 5141 ex
3289 5092 3460 5146 omni-

1882 5183 1899 5214 1
1946 5165 2045 5219 bus
2071 5180 2190 5232 quae
2214 5165 2476 5221 fecerunt.
2503 5167 2755 5237 Figuram
2778 5171 2972 5227 domus
2995 5185 3048 5228 et
3079 5175 3295 5232 fabrica:
3322 5180 3458 5248 ejus,

1884 5277 1899 5307 1
1946 5260 2124 5312 exitus
2166 5271 2218 5313 et
2248 5262 2523 5329 introitus,
2554 5273 2607 5318 et
2633 5280 2847 5319 0111110111
2876 5267 3293 5337 descriptionem
3321 5274 3458 5342 ejus,

1880 5372 1897 5401 1
1944 5360 2002 5404 01
2038 5351 2289 5405 universa
2327 5364 2589 5423 praecepta
2620 5354 2760 5421 ejus,
2800 5368 3163 5429 cuneumque
3213 5364 3458 5419 ordinem

1881 5461 1896 5488 1
1946 5452 2003 5495 01
2047 5457 2236 5499 omnes
2290 5443 2434 5515 leges
2470 5445 2586 5513 ejus
2629 5450 2857 5505 ostende
2908 5453 3005 5515 eis,
3053 5461 3108 5506 et
3151 5456 3358 5510 scribes
3404 5458 3456 5511 in

1881 5551 1898 5582 1
1945 5534 2118 5589 oculis
2147 5551 2357 5599 eorum,
2404 5549 2462 5591 ut
2494 5539 2803 5593 custodiant
2837 5557 3027 5598 omnes
3068 5546 3456 5614 descriptiones

1879 5644 1895 5675 1
1943 5625 2081 5699 ejus,
2114 5635 2168 5682 et
2196 5636 2463 5696 przecepta
2499 5628 2659 5692 illius,
2686 5640 2742 5684 et
2776 5630 2980 5687 faciant
3002 5648 3089 5687 ea.
3121 5634 3226 5687 ista
3265 5644 3345 5689 est
3374 5636 3454 5690 1011

1880 5734 1897 5765 1
1944 5716 2135 5773 domus
2172 5717 2224 5772 in
2257 5719 2564 5773 summitate
2602 5722 2824 5787 montis,
2853 5736 3044 5780 omnes
3084 5725 3219 5779 lines
3256 5724 3375 5792 ejus
3406 5723 3463 5779 111

1878 5826 1895 5859 1
1942 5809 2167 5864 circuitu
2203 5827 2215 5863 :
2258 5818 2501 5865 sanctum
2532 5822 2840 5868 sanctorum
2883 5816 3004 5870 erit.
3040 5816 3163 5872 llaec
3201 5827 3291 5872 est
3325 5830 3467 5889 ergo
