3950 6370
495 373 591 428 991

1145 372 1207 429 Β.
1247 370 1498 428 RABANI
1539 372 1753 430 MAURI
1790 369 2093 433 ARCIIIEP

2207 368 2465 426 OGUNT.
2507 362 2796 427 οΡιειιυιῐ
2826 370 3005 427 PARS
3044 371 3108 425 ll.

3662 374 3774 430 993

501 501 521 537 ι
567 483 651 538 lex
696 484 906 538 domus.
961 501 979 534 ι
1032 480 1301 553 (Πίενοη.)
1353 482 1467 538 Non
1525 483 1673 553 parvi
1719 480 1899 552 operis
1944 488 2063 542 est,
2098 476 2142 538 ει
2171 480 2234 535 de
2256 479 2602 549 peccantibus
2620 479 2869 544 dicimus,
2891 496 3012 535 cum
3036 481 3180 552 ipsos
3198 497 3414 551 quoque
3436 492 3774 553 Operatores

494 572 638 643 quod
679 571 849 627 oculis
884 572 1066 627 carnis
1104 572 1189 627 vel
1221 583 1399 628 mente
1424 573 1771 644 conspexeris
1800 570 2069 625 audienti-
2167 570 2390 639 justitiae
2420 579 2565 624 tanta
2592 570 2812 640 pervehi
2843 572 3241 641 dispensatione
3266 573 3585 629 videamus?
3611 574 3771 630 Alius

494 662 597 717 bus
639 662 1040 725 demonstrare,
1078 670 1138 714 ιιι
1172 669 1226 716 ct
1260 663 1356 732 ipsi
1390 670 1566 717 tecum
1614 662 1813 716 vidisse
1858 658 2074 714 videan-

499 758 604 803 tur.
643 748 1002 816 Quamobrem
1034 748 1226 803 scribit
1253 760 1306 803 et
1350 749 1615 820 Josephus
1640 764 1735 805 eos
1761 749 1853 818 qui
1881 747 1950 801 ad
1975 747 2070 803 de-

496 837 839 892 scribendam
889 846 1090 891 terram
1142 839 1289 893 missi
1338 846 1461 893 sunt
1500 840 1569 893 ab
1609 836 1734 893 Jesn
1788 836 1899 891 filio
1928 835 2076 889 Nave

498 927 664 983 fuisse
712 931 1009 1005 σιτομέτρας,
1041 940 1096 983 et
1143 939 1337 994 artem,
1382 945 1501 999 qum
1551 944 1694 984 nunc
1732 927 2076 998 philosopho-

497 1033 615 1070 rum
655 1017 869 1087 propria
905 1027 1010 1084 est,
1053 1019 1308 1075 habuisse
1339 1020 1666 1090 geometriae.
1698 1020 1887 1074 Domni
1912 1020 2077 1089 igitur

495 1110 657 1165 Israel
683 1126 871 1165 eorum
910 1110 1003 1181 qui
1048 1111 1229 1185 animo
1259 1112 1595 1183 conspiciunt
1620 1109 1792 1165 Deum
1836 1110 2079 1165 ostendi-

498 1213 590 1255 tur
616 1201 832 1266 domus,
863 1206 964 1256 hoc
993 1209 1100 1267 est,
1133 1202 1416 1272 templum,
1446 1202 1591 1273 quod
1620 1201 1868 1257 Ezechiel
1912 1201 2075 1255 situm

496 1288 550 1343 in
583 1295 767 1343 monte
797 1290 1103 1358 conspexit.
1151 1290 1217 1345 Et
1255 1306 1361 1345 non
1403 1290 1575 1346 solum
1618 1291 1671 1344 in
1720 1297 1939 1354 monte,
1982 1290 2079 1346 sed

499 1376 643 1431 sicut
672 1389 816 1431 nunc
842 1378 1066 1443 dicitur,
1097 1379 1151 1433 in
1184 1380 1492 1434 summitate
1521 1379 1738 1433 montis.
1784 1378 1955 1447 Quam
1985 1395 2079 1435 ne-

497 1466 949 1538 auanIam‘illam
982 1478 1255 1539 putemus,
1285 1486 1405 1540 qua:
1434 1485 1463 1523 a
1500 1467 1793 1525 Salomone
1828 1478 2081 1525 constru—

496 1566 584 1614 cta
608 1568 864 1614 narratur
885 1558 940 1613 in
968 1559 1174 1631 Regum
1201 1568 1254 1616 et
1282 1560 1730 1630 Paralipomenon
1776 1560 1928 1614 libris
1959 1558 2075 1632 (111

501 1648 630 1716 Reg.
662 1665 751 1713 vt;
784 1649 815 1704 1
849 1647 1037 1705 Paral.
1070 1644 1174 1723 ιιι).
1203 1651 1298 1706 Illa
1333 1652 1479 1707 enim
1511 1651 1737 1707 alterius
1774 1649 1984 1705 ordinis
2004 1658 2080 1704 at-

499 1756 606 1812 que
631 1756 897 1798 mensum
920 1751 1025 1808 est,
1058 1750 1115 1797 et
1143 1743 1196 1798 in
1224 1742 1451 1814 singulis
1484 1757 1732 1814 magnam
1765 1742 1973 1797 habens
2000 1741 2081 1796 di-

2174 674 2407 728 namque
2436 662 2635 715 donum
2662 660 2902 715 scientia:
2939 661 3155 731 accipit,
3177 669 3234 716 et
3262 672 3443 718 tamen
3473 665 3542 718 ad
3585 665 3771 719 virtu-

2176 744 2291 804 tem'
2328 750 2477 804 ntirze
2515 751 2854 805 abstinentia:
2883 766 2988 805 non
3036 752 3314 823 pertingit.
3360 752 3515 809 Alius
3562 770 3770 827 magna

2176 838 2514 893 abstinentia:
2541 840 2741 894 virtute
2770 839 3089 910 accingitur,
3116 856 3217 897 nec
3256 851 3437 900 tamen
3465 843 3519 898 in
3546 860 3773 901 summa

2175 928 2518 983 conscientia:
2538 928 2992 997 contemplatione
3013 929 3287 984 dilatatur.
3314 933 3467 987 Alius
3496 948 3599 1003 per
3634 948 3771 1005 pro-

2176 1018 2373 1087 phctia:
2403 1017 2651 1088 spiritum
2683 1018 2827 1071 valet
2869 1018 3050 1073 omnia
3094 1028 3322 1075 ventura
3356 1023 3640 1090 praescire,
3672 1025 3772 1078 sed

2178 1116 2359 1162 tamen
2384 1168 2385 1171 η
2412 1122 2508 1177 per
2536 1108 2832 1165 curationis
2869 1108 3097 1178 gratiam
3140 1125 3250 1164 non
3295 1110 3436 1165 valet
3478 1114 3773 1182 praesentis

2178 1199 2437 1255 molestite
2466 1198 2605 1253 mala
2655 1200 2958 1254 sublevare.
3008 1199 3159 1255 Alius
3191 1214 3291 1270 per
3318 1202 3619 1257 curationis
3645 1218 3775 1274 gra-

2179 1291 2306 1345 tiam
2364 1290 2501 1344 mala
2530 1291 2811 1360 praesentis
2852 1289 3110 1346 molestia:
3158 1290 3422 1355 sublevat,
3459 1291 3558 1346 sed
3585 1301 3773 1347 tamen

2179 1379 2303 1448 quia
2358 1378 2651 1450 prophetia:
2699 1378 2949 1449 spiritum
2984 1395 3089 1434 non
3120 1380 3314 1445 habet,
3345 1380 3475 1451 quid
3504 1389 3773 1450 sequatur

2181 1468 2409 1537 ignorat.
2441 1466 2592 1523 Alius
2621 1467 2985 1539 indigentibus
3010 1468 3175 1523 multa
3198 1468 3311 1537 jam
3335 1471 3550 1541 propria
3576 1470 3775 1542 largiri

2180 1564 2387 1628 potest.
2424 1558 2518 1612 sed
2554 1565 2732 1613 tamen
2772 1558 2971 1629 injuste
3005 1558 3288 1629 agentibus
3324 1560 3549 1615 obviare
3594 1559 3773 1615 libere

2182 1663 2286 1701 non
2309 1655 2503 1715 potest.
2530 1647 2681 1702 Alius
2703 1646 2899 1716 injuste
2927 1649 3209 1717 agentibus
3234 1651 3493 1705 audacter
3513 1665 3617 1720 pro
3660 1650 3775 1705 Deo

2181 1738 2386 1805 obviat,
2415 1738 2510 1793 sed
2535 1747 2712 1793 tamen
2742 1738 3128 1810 indigentibus,
3162 1754 3283 1809 quze
3309 1740 3498 1805 habet,
3529 1740 3773 1794 tribuere

500 1832 855 1903 versitatem':
894 1840 1214 1903 tantumque
1240 1831 1466 1887 inferior
1508 1832 1725 1902 templo,
1753 1832 1897 1903 quod
1936 1848 2079 1887 nunc
2110 1826 2155 1886 Β
2182 1826 2361 1883 omnia
2402 1837 2629 1884 recusat.
2661 1828 2811 1885 Altus
2849 1815 2965 1898 jam
2989 1837 3045 1884 et
3086 1830 3155 1884 ab
3192 1830 3366 1886 otioso
3412 1846 3473 1886 se
3517 1846 3776 1887 sermone

501 1920 804 1977 ostenditur
826 1921 1121 1989 Ezechieli,
1163 1924 1225 1977 ἰιι
1250 1938 1357 1978 ηοιι
1394 1921 1566 1977 solum
1609 1922 1846 1977 cultores
1873 1922 1991 1991 ejus
2029 1929 2086 1978 et

501 2009 709 2074 aeditui,
758 2010 853 2065 sed
884 2020 939 2065 et
967 2011 1081 2080 ipse
1115 2010 1406 2067 fabricator
1434 2010 1551 2081 ejus
1597 2011 1850 2068 Salomon
1894 2027 2080 2082 pecca-

503 2100 645 2155 verlt
669 2109 725 2154 et
762 2100 902 2155 oﬂ'en
927 2102 1047 2156 lerit
1088 2102 1279 2167 Deum,
1313 2102 1440 2158 licet
1480 2111 1666 2173 postea
1705 2105 1878 2174 egerit
1911 2105 2087 2174 potni—

507 2193 730 2247 tentiam
783 2193 1026 2249 scribeus
1054 2192 1345 2250 Proverbia
1396 2195 1447 2249 in
1487 2196 1683 2266 quibus
1729 2197 1804 2250 ait
1853 2214 1866 2251 :
1913 2216 1931 2249 ι
1975 2195 2087 2252 No-

506 2283 728 2340 vissime
779 2301 879 2355 ego
919 2286 1008 2356 egi
1062 2287 1467 2357 pmnitentiam,
1531 2297 1587 2343 et
1631 2289 1839 2358 respexi
1883 2298 1941 2343 ut
1986 2289 2084 2344 eli-

509 2388 689 2447 gerem
731 2376 1091 2446 disciplinam.
1131 2397 1149 2429 ι
1192 2377 1300 2432 Ista
1346 2388 1525 2433 autem
1573 2394 1694 2448 quae
1735 2379 2004 2434 Ezechieli
2035 2389 2091 2434 et

510 2479 609 2535 per
636 2465 974 2520 Ezechielem
999 2466 1179 2520 domui
1202 2465 1365 2522 Israel
1392 2468 1718 2533 ostenditur,
1746 2468 1873 2522 talis
1903 2477 2006 2532 est,
2032 2477 2092 2523 ut

514 2554 607 2623 qui
635 2569 756 2609 eam
784 2564 963 2610 mente
992 2558 1376 2627 conspexerit,
1405 2568 1580 2614 cesset
1614 2560 1681 2613 ab
1717 2559 2092 2629 iniquitatibus

514 2644 649 2708 suis,
692 2661 798 2699 non
822 2647 1167 2715 quibusdam,
1198 2647 1290 2702 sed
1328 2648 1599 2704 omnibus.
1648 2648 1773 2704 Sive
1807 2657 1864 2703 ut
1890 2650 1943 2704 in
1988 2649 2091 2705 lle-

514 2735 704 2790 braico
730 2737 1037 2790 continetur
1073 2756 1088 2789 :
1128 2757 1145 2789 ι
1197 2736 1571 2793 Confundatur
1597 2748 1654 2794 et
1692 2740 1960 2796 sustineat
1989 2748 2096 2796 tor-

517 2833 759 2879 mentum
772 2841 928 2880 suum
951 2840 1049 2895 pro
1069 2826 1319 2882 omnibus
1332 2842 1452 2897 qua:
1466 2825 1673 2884 fecerit.
1696 2849 1715 2882 ι
1736 2827 2093 2884 Sustinctau—

521 2921 630 2969 tem
662 2923 989 2970 tormentum
1022 2915 1362 2986 iniquitatum
1387 2934 1631 2984 suarum,
1655 2920 1747 2990 qui
1767 2928 2097 2990 cessatprrc-

521 3008 678 3061 terita
694 3006 871 3064 facere
882 3020 1126 3078 peccata.
1160 3012 1489 3084 Multumque
1516 3016 1735 3084 prodest
1756 3015 1827 3079 ei,
1851 3016 1942 3084 qui
1970 3024 2096 3070 ante

518 3097 848 3164 peccaverit,
876 3099 1059 3153 videre
1078 3100 1305 3179 domum
1329 3101 1447 3167 Dei,
1477 3110 1533 3157 et
1551 3103 1727 3157 omnis
1749 3102 1967 3158 fabritxe
1982 3103 2097 3172 ejus

521 3199 681 3240 nosse
727 3187 986 3253 rationes,
1036 3172 1098 3244 ut
1135 3198 1189 3245 et
1222 3206 1450 3261 peccare
1498 3192 1744 3257 desistat,
1795 3202 1851 3249 et
1890 3194 2097 3248 habens
2124 3172 2168 3235 Ο

524 3270 653 3328 illud
685 3275 1012 3331 desiderium
1037 3319 1053 3343 ,
1094 3279 1238 3334 dicat
1286 3280 1349 3335 ad
1401 3282 1683 3337 Dominum
1721 3300 1734 3337 :
1780 3303 1798 3335 ι
1828 3282 2055 3337 Dtrminc
2082 3324 2097 3349 ,

524 3362 686 3418 dilexi
736 3364 987 3421 decorem
1034 3369 1225 3424 domus
1267 3380 1390 3436 tum,
1433 3380 1485 3427 et
1531 3371 1706 3427 locum
1750 3374 2100 3434 habitationis

524 3454 712 3525 gloriae
752 3464 857 3511 tua:
897 3457 1068 3529 (Psal.
1110 3460 1257 3533 xxv).
1317 3482 1335 3514 ι
1380 3462 1449 3517 Ει
1473 3464 1667 3519 iterum
1700 3482 1713 3518 :
1750 3483 1767 3515 ι
1804 3464 1981 3520 Unum
2014 3481 2104 3535 pc-

527 3543 589 3598 tii
631 3560 660 3599 a
713 3546 954 3612 Domino,
987 3549 1089 3603 hoc
1131 3551 1421 3620 requiram,
1472 3561 1531 3607 ut
1575 3553 1811 3607 habitem
1862 3553 1915 3607 in
1944 3537 2103 3609 domo

528 3634 742 3691 Domini
780 3638 1033 3694 omnibus
1072 3639 1261 3695 diebus
1307 3642 1431 3696 vita:
1480 3658 1613 3698 meae
1649 3641 1822 3715 (Paul.
1877 3643 2047 3717 xxvi).
2080 3664 2098 3697 ι

526 3725 663 3781 Cum
711 3743 930 3797 cmpero
956 3729 1142 3783 vivere
1186 3736 1241 3785 et
1281 3743 1401 3786 esse
1442 3746 1564 3786 cum
1613 3731 1850 3797 Christo,
1899 3732 1992 3803 qui
2022 3740 2108 3787 est

530 3825 638 3879 vita
676 3822 1031 3880 credentium.

601 3911 804 3985 (ὦνερ.)
829 3911 990 3969 Juxta
1021 3911 1371 3983 tropologiam
1396 3927 1554 3979 vero,
1579 3914 1833 3984 templum
1857 3915 1950 3970 Dei
1984 3914 2107 3971 filiis

530 4005 697 4062 Israel
722 4006 790 4060 ad
822 4004 1193 4059 confusionem
1242 4006 1565 4072 ostenditur,
1593 4008 1808 4077 quando
1854 4009 2108 4063 uniuscu-

522 4094 868 4167 jusquejusti
890 4095 1093 4159 anima,
1122 4108 1282 4164 quam
1306 4095 1616 4165 inspirando
1650 4098 1792 4151 Deus
1822 4096 2108 4163 inhabitat,

534 4194 738 4257 quanta
764 4186 1045 4241 sanctitate
1065 4184 1267 4255 fulgeat
1299 4186 1366 4240 ad
1388 4183 1757 4241 confusionem
1793 4202 1945 4242 suam
1986 4200 2113 4258 pec-

532 4274 811 4332 catoribus
831 4274 1266 4341 demonstratur;
1290 4274 1421 4329 utin
1454 4274 1543 4329 illa
1579 4276 1799 4341 bonum,
1837 4276 1979 4345 quod
2018 4290 2113 4331 ne-

535 4364 765 4437 gligant,
790 4364 1029 4430 videant,
1055 4371 1112 4419 et
1140 4363 1193 4418 in
1232 4378 1291 4419 se
1321 4364 1453 4435 ipsis
1480 4364 1675 4419 malum
1704 4365 1843 4435 quod
1887 4379 2115 4438 operan-

538 4463 630 4510 tur
654 4454 1018 4511 erubescant.
1069 4453 1245 4509 Metiri
1285 4467 1415 4510 vero
1445 4462 1530 4510 est
1566 4454 1861 4521 fabricam,
1884 4469 2115 4526 pensare

2186 1920 2521 1990 restringens
2547 1919 2740 1992 lingua:
2769 1919 3044 1977 lasciviam
3076 1930 3315 1990 superat,
3340 1922 3434 1977 sed
3466 1933 3651 1978 tamen
3674 1925 3771 1977 ad—

2187 2010 2294 2064 huc
2340 2008 2678 2081 insurgentes
2709 2011 2803 2065 ine
2845 2011 3094 2067 stimulos
3133 2010 3372 2082 perfecte
3414 2029 3522 2068 non
3570 2013 3767 2069 caleat.

2186 2100 2338 2156 Alius
2375 2102 2738 2173 insurgentem
2784 2103 2920 2157 iram
2959 2102 3072 2172 jam
3116 2102 3354 2173 perfecte
3406 2106 3646 2170 edomat,
3677 2107 3771 2160 sed

2188 2201 2366 2247 tamen
2400 2192 2574 2247 adhuc
2600 2193 2836 2263 linguam
2866 2194 2920 2248 in
2966 2193 3207 2249 laetitiam
3259 2195 3485 2250 relaxat.
3512 2195 3655 2263 Quid
3690 2206 3777 2251 est

2189 2283 2324 2347 hoc,
2361 2282 2502 2353 quod
2541 2282 2641 2337 iste
2668 2297 2733 2339 eo
2758 2270 2904 2339 bono
2935 2283 3168 2355 indiget,
3201 2296 3308 2354 quo
3339 2282 3476 2338 alius
3502 2284 3694 2354 pollet,
3718 2293 3773 2338 et

2190 2369 2278 2425 ille
2324 2386 2446 2425 cum
2493 2370 2673 2425 multis
2735 2370 2977 2440 polleat,
3038 2372 3319 2436 abundet,
3386 2372 3509 2427 aliis
3571 2374 3771 2428 bonum

2190 2464 2381 2543 adesse
2427 2464 2752 2530 considerat,
2782 2464 2925 2534 quod
2973 2463 3077 2519 sibi
3119 2464 3308 2520 deesse
3357 2466 3636 2537 suspirat:
3671 2466 3773 2521 nisi

2192 2555 2333 2623 quod
2376 2555 2512 2608 mira
2563 2555 2843 2611 nobiseum
2888 2556 3285 2627 dispensatione
3328 2558 3536 2629 agitur,
3573 2567 3636 2613 ut
3679 2575 3775 2629 per

2192 2646 2314 2708 hoc,
2337 2645 2479 2714 quod
2506 2644 2642 2701 alter
2666 2646 2846 2711 habet,
2874 2655 2930 2701 et
2950 2648 3049 2703 iste
3078 2664 3181 2703 non
3210 2649 3372 2703 habet
3390 2690 3406 2715 ,
3442 2665 3580 2705 unus
3603 2649 3777 2706 altero

2194 2733 2382 2787 melior
2402 2734 2753 2789 ostendatur:
2783 2744 3052 2805 quatenus
3080 2745 3230 2792 tanto
3264 2738 3541 2794 ardentius
3582 2740 3651 2795 de
3679 2742 3778 2795 bu—

2196 2827 2419 2882 militate
2450 2827 2676 2897 quisque
2711 2827 2976 2898 proficiat,
3003 2838 3207 2897 quanto
3232 2845 3297 2885 ex
3322 2830 3497 2894 bonis,
3523 2847 3644 2901 quae
3668 2848 3773 2887 non

2197 2915 2378 2979 habet,
2403 2914 2711 2972 inferiorem
2748 2931 2807 2973 se
2846 2917 3165 2974 habentibus
3188 2922 3422 2989 pensat?
3475 2920 3679 2991 Sicque
3718 2922 3779 2978 fit

2198 3017 2255 3061 ut
2290 3008 2414 3062 dum
2447 3008 2535 3063 ille
2559 3010 2610 3063 in
2649 3008 2783 3076 isto,
2812 3018 2974 3079 atque
3011 3011 3102 3065 hic
3137 3011 3190 3065 in
3221 3011 3311 3066 illo
3350 3014 3601 3083 respicit,
3633 3016 3775 3084 quod

2201 3096 2527 3164 admiretur,
2561 3098 2814 3155 distincta
2854 3100 2991 3154 bona
3027 3109 3082 3156 et
3121 3100 3190 3155 ab
3217 3101 3500 3158 altitudine
3530 3103 3776 3159 elationis

2200 3191 2514 3259 reprimant,
2537 3198 2593 3245 et
2616 3192 2681 3246 ad
2712 3191 2945 3246 studium
2994 3191 3270 3262 profectus
3317 3196 3635 3249 accendant.
3674 3194 3771 3248 Ma-

2202 3296 2305 3350 gna
2330 3294 2559 3349 namque
2588 3279 2945 3336 sollicitudine
2969 3281 3035 3335 ad
3062 3297 3246 3336 curam
3284 3292 3489 3337 nostra
3523 3283 3773 3337 meliora-

2205 3369 2367 3425 tionis
2402 3370 2738 3439 accingimur
2761 3370 2977 3439 quando
3004 3370 3056 3426 id
3106 3371 3322 3426 virtutis
3352 3371 3407 3425 in
3433 3371 3554 3427 aliis
3599 3373 3775 3428 cerni—

2205 3476 2343 3525 mus,
2367 3460 2507 3529 quod
2526 3475 2629 3514 non
2651 3460 2929 3516 habemus.
2950 3459 3219 3532 (Ηίενοιι.)
3244 3461 3520 3532 Sequitur.
3553 3482 3571 3514 ι
3594 3464 3779 3519 Exitus

2204 3555 2321 3625 ejus
2348 3563 2401 3609 et
2431 3554 2701 3619 introitus,
2738 3574 2757 3606 ι
2793 3554 3113 3611 subauditur
3146 3556 3354 3611 domus.
3386 3556 3580 3613 Exitus
3602 3567 3775 3612 autem

2206 3658 2390 3697 eorum
2426 3642 2513 3712 qui
2550 3643 2899 3713 egrediuntur
2923 3643 2991 3696 ad
3037 3658 3131 3697 eos
3159 3643 3249 3713 qui
3278 3642 3411 3698 foris
3441 3653 3591 3710 sunt,
3618 3654 3672 3698 et
3702 3645 3769 3698 in-

2208 3735 2400 3789 troitus
2417 3749 2602 3788 eorum
2627 3733 2717 3803 qui
2742 3747 2838 3802 per
2853 3733 3230 3803 magistrorum
3254 3734 3595 3804 disciplinam
3612 3735 3677 3790 ad
3700 3735 3775 3789 in-

2210 3824 2405 3877 teriora
2432 3830 2733 3891 penetrant.
2769 3821 2837 3876 Et
2868 3836 3105 3886 omnem,
3139 3822 3329 3892 inquit,
3362 3824 3769 3893 descriptionem

2208 3910 2325 3981 ejus
2345 3911 2460 3967 sive
2476 3911 2853 3975 substantiam,
2866 3922 2925 3965 ut
2938 3910 3079 3966 LXX
3103 3912 3511 3967 transtulerunt.
3529 3912 3659 3979 Qua:
3678 3929 3775 3968 non

2211 4011 2317 4058 tam
2339 4003 2407 4057 ad
2426 4009 2673 4057 naturam
2696 4002 2908 4065 domus,
2934 4016 3094 4071 quam
3126 4001 3194 4055 ad
3249 4001 3639 4071 supellectilem
3660 4018 3774 4072 per-

2210 4096 2346 4149 tinet
2374 4101 2537 4162 atque
2571 4092 2805 4147 divitias.
2839 4091 2907 4146 Et
2931 4091 3181 4146 universa
3215 4100 3482 4162 prazcepta
3507 4102 3771 4149 cunctum~

2211 4199 2317 4254 que
2348 4183 2612 4247 ordinem,
2654 4189 2710 4237 et
2746 4196 2936 4237 omnes
2964 4181 3110 4253 leges
3148 4180 3333 4251 templi
3374 4184 3631 4238 ostendes
3679 4184 3770 4246 eis,

2212 4274 2303 4346 qui
2346 4280 2698 4344 portaverunt
2732 4281 3059 4327 tormentum
3087 4272 3432 4342 iniquitatnm
3463 4288 3699 4343 suarum,
3724 4281 3773 4328 et

2212 4370 2560 4419 cessaverunt
2578 4401 2594 4427 ,
2632 4360 2746 4416 sive
2775 4358 2983 4417 confusi
3013 4368 3138 4416 sunt
3159 4376 3323 4431 super
3358 4361 3478 4428 bis,
3517 4377 3635 4433 qua:
3660 4371 3775 4418 ante

2216 4460 2512 4524 gesserant.
2548 4450 2752 4506 Idcirco
2796 4458 2975 4504 autem
3023 4451 3248 4506 ostende
3277 4452 3358 4506 eis
3385 4460 3447 4506 ut
3489 4468 3556 4507 cu
3588 4452 3775 4507 todiant

532 4546 804 4603 subtiliter
837 4545 1111 4614 iustorum
1139 4544 1326 4599 vitam.
1350 4544 1457 4601 Sed
1484 4545 1610 4601 dum
1660 4546 1915 4601 metimur
1949 4545 2116 4602 fabri-
2141 4539 2193 4599 D
2217 4542 2397 4598 omnia
2436 4556 2557 4612 qua:
2582 4548 2851 4612 praecepta
2888 4549 3031 4596 sunt.
3067 4538 3209 4595 Nihil
3237 4542 3379 4595 enim
3404 4542 3623 4611 prodest
3648 4543 3775 4597 scire

536 4650 682 4702 eam,
703 4649 926 4691 necesse
950 4642 1051 4698 est,
1086 4642 1146 4694 ut
1167 4649 1235 4689 ex
1259 4633 1491 4700 cunctis,
1513 4649 1634 4705 quae
1653 4633 1897 4701 fecimus,
1925 4636 2117 4691 erube-

539 4743 779 4785 scamus.
802 4727 939 4794 Quia
974 4726 1237 4782 bonorum
1266 4726 1432 4781 vitam
1460 4736 1666 4797 quanto
1686 4726 1937 4783 subtilius
1977 4743 2114 4799 pen-

539 4818 711 4875 sando
759 4818 1099 4881 discutimus,
1144 4823 1293 4871 tanto
1344 4816 1583 4871 severius
1629 4816 1684 4871 in
1730 4817 1886 4873 nobis
1932 4820 2113 4873 omnia

540 4907 726 4977 inique
777 4919 928 4979 gesta
988 4906 1363 4976 reprobamus.
1414 4904 1560 4961 Bene
1611 4914 1790 4960 autem
1840 4908 2117 4977 prophetae

539 4996 742 5055 dicitur
765 5004 844 5051 -ut
886 4995 1134 5051 ostendat
1183 4994 1457 5065 templum,
1498 4995 1624 5065 quia
1667 4995 1810 5051 enim
1848 4996 2115 5066 justortun

542 5086 919 5143 rectitudinem
940 5093 1195 5156 peccator
1212 5086 1557 5141 considerare
1577 5083 1899 5153 dissimulat,
1925 5086 2115 5142 saltem

543 5178 683 5236 hanc
704 5193 773 5236 ex
798 5194 931 5236 voce
957 5178 1298 5251 praedicantis
1323 5187 1597 5249 agnoscat.
1622 5177 1900 5251 Templum
1921 5181 2116 5251 quippe

542 5271 919 5342 peccatoribus
959 5270 1247 5326 ostendere
1279 5276 1390 5333 est,
1422 5276 1613 5340 sponte
1638 5283 1736 5324 sua
1772 5270 2117 5326 considerare

542 5360 875 5423 nolentibus,
906 5369 1176 5417 rectorum
1204 5374 1368 5431 opera
1398 5374 1641 5415 narrare.
1666 5359 1768 5427 Qui
1796 5360 1979 5430 itaque
2007 5361 2115 5416 sic-

543 5457 606 5505 ut
653 5448 919 5516 diximus,
945 5449 1167 5519 perduci
1195 5451 1271 5505 ad
1298 5464 1507 5505 summa
1536 5447 1878 5514 desiderant,
1905 5465 2118 5520 semper

544 5551 763 5594 neme
792 5545 876 5594 est
904 5546 964 5593 ut
988 5537 1271 5595 melion
1298 5537 1625 5609 profectibus
1665 5539 1966 5601 intendant,
1989 5554 2121 5610 qua-

545 5634 704 5690 tenus
732 5634 882 5684 tanto
906 5627 1205 5687 districtius
1239 5627 1296 5682 in
1325 5643 1386 5683 se
1407 5627 1593 5698 culpas
1625 5626 1889 5697 judicent,
1916 5636 2120 5700 quanto

541 5714 602 5773 in
629 5716 736 5775 illis
760 5716 943 5787 altius,
966 5716 1109 5790 quod
1133 5717 1467 5775 admirentur
1494 5718 1694 5775 vident.
1720 5718 1828 5776 Sed
1859 5720 1989 5792 quid
2013 5720 2116 5776 ista

2218 4632 2635 4702 descriptionem
2666 4631 2858 4687 domus
2893 4638 2951 4685 et
2975 4643 3164 4684 omnes
3206 4630 3612 4685 distributiones
3649 4630 3770 4699 ejus,

2218 4722 2285 4778 de
2325 4722 2522 4791 quibus
2555 4718 2826 4789 scriptum
2869 4731 2991 4776 est:
3030 4738 3048 4771 ι
3089 4718 3267 4774 Multa:
3312 4719 3621 4775 mansiones
3648 4723 3773 4791 apud

2216 4814 2848 4888 Patrem'meum-(Joan.
2895 4814 3027 4886 xiv).
3075 4833 3096 4868 ι
3136 4815 3204 4870 Ει
3244 4815 3488 4871 iterum:
3530 4835 3550 4869 ι
3591 4815 3770 4872 Statuit

2217 4908 2480 4964 terminos
2501 4906 2737 4978 gentium
2757 4906 3053 4962 secundum
3076 4921 3360 4963 numerum
3383 4906 3613 4963 ﬁliorum
3628 4907 3770 4963 Israel

2218 4996 2396 5069 (Deut.
2446 4993 2643 5067 χχιιι),
2682 5014 2702 5047 ι
2742 4995 2856 5050 sive
2908 4995 3222 5066 angelorum
3273 4994 3407 5060 Dei,
3458 4996 3562 5053 nisi
3598 4996 3769 5052 feceris

2217 5101 2338 5158 quae
2380 5094 2645 5157 praecepta
2687 5084 2833 5142 sunt.
2880 5085 3081 5143 Domus
3112 5095 3293 5142 autem
3320 5094 3375 5140 et
3418 5084 3505 5141 lex
3552 5086 3767 5142 omnium

2218 5184 2604 5248 prtuceptorum
2626 5176 2744 5241 Dei,
2768 5183 2827 5232 et
2853 5175 3001 5243 urbs,
3028 5191 3150 5247 qua:
3185 5176 3240 5231 in
3265 5176 3576 5231 summitate
3594 5176 3767 5230 montis

2216 5274 2301 5321 est
2323 5265 2636 5332 constituta,
2661 5264 2747 5319 illa
2766 5266 3037 5326 credenda
3059 5274 3166 5331 est,
3187 5267 3255 5321 de
3278 5282 3385 5337 qua
3408 5266 3658 5337 scriptum
3677 5275 3763 5329 est,

2221 5356 2338 5411 Non
2375 5364 2555 5425 potest
2582 5354 2837 5411 abscondi
2877 5355 3068 5411 civitas
3109 5370 3275 5426 super
3316 5364 3554 5411 montem
3595 5353 3761 5425 posita.

2221 5446 2306 5511 Et,
2331 5444 2593 5500 Fluminis
2642 5443 2877 5515 inpetus
2919 5443 3159 5501 laetificat
3198 5445 3473 5501 civitatem
3514 5445 3634 5509 Dei;
3665 5460 3766 5515 quae

2222 5536 2507 5607 perspicue
2546 5534 2782 5592 refertur
2822 5535 2892 5591 ad
2927 5535 3248 5603 Ecclesiam,
3286 5544 3345 5593 et
3385 5537 3491 5592 sita
3520 5535 3674 5592 estin
3709 5550 3763 5591 eo

2224 5637 2407 5684 monte
2451 5628 2543 5699 qui
2579 5629 2631 5685 in
2673 5630 2874 5685 vertice
2920 5629 3161 5693 omnium
3204 5630 3469 5685 montium
3513 5636 3625 5695 est,
3661 5636 3708 5680 et
3738 5640 3760 5680 ι

2221 5735 2331 5789 quo
2365 5720 2670 5777 vulneratus
2712 5729 2797 5776 est
2823 5720 3073 5792 princeps
3115 5719 3278 5793 Tyri,
3322 5735 3615 5792 omnesque
3650 5717 3767 5773 lines
