3950 6334
186 385 294 442 993

1155 379 1508 436 (ΑΗῙΜΕΝΤ.
1549 379 1615 434 ΙΝ
1660 381 2109 438 EZEClllElJiM.
2152 411 2218 422 -—-
2257 381 2381 436 LIB.
2425 379 2586 438 XVII.

3353 385 3460 442 995

183 503 241 546 et
265 488 480 545 termini
509 486 872 555 domusbujus
893 497 1082 543 sancta
1106 499 1416 543 sanctorum
1442 498 1587 544 sunt.
1614 490 1668 543 ln
1694 490 1780 544 illa
1811 503 1856 561 Α
1888 493 2103 546 modum
2133 493 2224 546 lilii
2243 493 2512 548 habensin
2539 500 2757 562 aspectu
2779 492 3065 563 plurimam
3080 505 3415 553 venustatem
3440 516 3454 552 :

184 582 370 644 domo,
404 580 512 633 hoc
544 587 648 641 est,
697 579 749 631 in
792 578 1140 633 tabernaculo
1177 581 1320 649 quod
1354 580 1647 634 fabricatus
1691 590 1774 636 est

184 673 421 744 Moyses,
459 681 512 726 et
537 671 591 726 in
620 670 820 740 templo
852 672 994 740 quod
1027 687 1058 725 a
1082 671 1372 726 Salomone
1401 683 1772 728 constructum

183 775 288 820 est.
308 762 564 817 interiora
591 760 928 822 tantum,ubi
947 771 1106 814 erant
1121 761 1421 826 cherubim,
1449 770 1499 815 et
1517 761 1775 830 propitia-

183 859 384 910 torium
415 863 470 909 et
495 869 622 909 area
649 854 955 908 testamenti
983 863 1038 909 et
1076 870 1260 909 mensa
1289 855 1654 926 thymiamatis
1680 871 1772 924 ap-

183 949 531 1020 pellabantur
568 956 754 1002 sancta
796 956 1126 1001 sanctorum.
1159 947 1213 1000 ln
1246 948 1347 1002 hac
1381 958 1560 1001 autem
1592 948 1773 1011 domo,

182 1056 306 1110 qua:
385 1047 721 1094 monstratur
785 1037 1089 1102 Ezechieli,
1141 1048 1198 1093 et
1262 1054 1381 1108 quae
1438 1038 1492 1091 in
1552 1038 1773 1091 summi-

186 1142 298 1185 tate
351 1131 550 1185 montis
609 1139 695 1185 est
747 1131 1079 1194 constituta,
1137 1145 1325 1185 omnes
1381 1130 1595 1184 termini
1656 1131 1772 1200 ejus

185 1229 509 1291 reputantur
539 1222 592 1275 in
641 1231 825 1277 sancta
855 1232 1188 1277 sanctorum.
1219 1222 1480 1290 Quodque
1520 1221 1769 1286 infertur,

189 1334 206 1365 ι
248 1314 374 1368 ιιωο
412 1323 494 1369 est
517 1313 604 1368 lex
629 1314 842 1378 domus,
874 1333 892 1364 ι
925 1313 1006 1368 vel
1033 1314 1099 1366 ad
1127 1313 1396 1382 praeterita
1426 1313 1680 1382 pertinet,
1707 1313 1773 1366 de

182 1407 382 1475 quibus
409 1405 522 1473 jam
555 1406 758 1460 dictum
789 1414 895 1470 est,
929 1405 1010 1459 vel
1037 1403 1104 1458 ad
1138 1419 1201 1459 ea
1241 1420 1359 1474 qua:
1390 1404 1617 1458 dicenda
1647 1411 1772 1458 sunt

184 1506 398 1566 postea.

260 1603 279 1636 ι
327 1586 446 1640 lstze
467 1593 646 1641 autem
674 1600 943 1640 mensum
971 1584 1159 1639 altaris
1181 1584 1234 1637 in
1256 1583 1438 1638 cubito
1465 1584 1769 1648 verissimo,

189 1697 208 1728 ι
257 1679 346 1747 qui
380 1677 611 1732 habebat
638 1678 876 1733 cubitum
896 1687 950 1732 et
981 1677 1241 1744 palmum.
1281 1677 1338 1731 lu
1368 1678 1487 1732 sinu
1512 1677 1628 1744 ejus
1655 1687 1772 1732 erat

183 1785 208 1819 1
257 1768 488 1831 cubitus,
522 1777 578 1822 et
603 1767 816 1822 cubiius
838 1767 891 1820 in
923 1767 1236 1832 latitudine,
1259 1777 1314 1822 et
1340 1767 1578 1822 detiuitio
1602 1781 1771 1835 usque

187 1875 210 1910 ι
257 1859 324 1913 ad
353 1859 552 1914 labium
583 1857 721 1927 (jus,
753 1860 805 1912 in
837 1859 1065 1913 circuitu
1091 1857 1254 1928 palmi
1282 1858 1458 1912 unius.
1491 1857 1616 1912 Herc
1638 1874 1774 1927 quo-
1804 1848 1849 1906 Β

185 1965 207 1998 ι
254 1963 361 2017 que
392 1956 508 2003 erat
544 1947 688 2002 fossa
720 1947 924 2001 altaris.
954 1948 1019 2003 Et
1059 1948 1124 2002 de
1156 1950 1273 2001 sinu
1321 1957 1479 2002 terra:
1508 1962 1677 2016 usque
1707 1947 1773 2002 ad

184 2055 204 2086 ι
254 2036 580 2106 crepidinem
627 2037 974 2092 novissimam
1037 2037 1144 2090 duo
1197 2037 1385 2100 cubiti,
1437 2045 1494 2092 et
1550 2037 1774 2093 latitudo

185 2145 207 2179 ι
255 2129 424 2183 cubiti
455 2129 644 2193 unius;
673 2137 728 2182 et
751 2146 781 2183 a
813 2128 1090 2198 crepidine
1127 2128 1322 2182 minori
1352 2144 1520 2197 usque
1548 2130 1613 2182 ad
1659 2144 1775 2183 cre-

181 2236 205 2269 c
255 2218 489 2286 pidinem
530 2217 790 2288 majorem
818 2226 1052 2288 quatuor
1071 2219 1260 2284 cubiti,
1289 2227 1344 2273 et
1369 2219 1594 2274 latitudo
1618 2221 1774 2276 unius

184 2324 207 2358 1
255 2308 444 2361 cubiti.
476 2308 593 2376 ipse
629 2320 811 2364 autem
840 2309 985 2362 Ariel
1013 2319 1245 2378 quatuor
1266 2311 1603 2376 cubitorum;
1631 2320 1684 2364 et
1706 2313 1772 2365 ab

187 2416 211 2449 ι
251 2397 398 2452 Ariel
432 2414 602 2468 usque
651 2399 718 2450 ad
767 2414 978 2453 sursum
1025 2415 1228 2453 cornua
1259 2409 1508 2469 quatuor.
1539 2400 1603 2453 Et
1628 2399 1774 2453 Ariel

183 2506 207 2538 ‹
253 2489 537 2543 duodecim
571 2489 874 2544 cubitorum
910 2490 961 2542 in
991 2489 1324 2560 longitudine
1365 2505 1462 2558 per
1488 2491 1774 2544 duodecim

189 2598 208 2630 ‹
251 2579 467 2633 cubitos
499 2580 820 2644 latitudinis,
847 2581 1271 2648 quadrangulum
1298 2581 1466 2649 requis
1493 2579 1770 2634 lateribus.

185 2689 206 2722 ο
257 2670 328 2723 Et
371 2671 592 2739 crepido
619 2671 1027 2740 quatuordecim
1078 2671 1382 2725 cubitorum
1423 2671 1773 2740 longitudinis

183 2779 202 2812 ι
251 2773 351 2830 per
379 2760 787 2829 quatuordecim
838 2761 1048 2814 cubitos
1089 2759 1388 2814 latitudinis
1443 2760 1494 2812 in
1542 2769 1774 2830 quatuor

186 2867 205 2899 ι
254 2850 469 2919 angulis
507 2850 656 2920 ejus,
701 2857 756 2903 et
791 2864 988 2902 corona
1032 2850 1083 2902 in
1133 2849 1362 2902 circuitu
1396 2847 1537 2902 illius
1566 2849 1772 2902 dimidii

183 2959 202 2992 ι
253 2941 454 3005 cubiti,
488 2951 542 2996 et
583 2942 732 2994 sinus
767 2938 883 3008 ejus
925 2942 1084 2993 unius
1133 2940 1300 2992 cubiti
1345 2957 1439 3008 per
1463 2940 1768 2993 circuitum.

183 3053 204 3086 ε
252 3033 469 3090 Gradus
497 3044 674 3089 autem
701 3036 817 3104 ejus
844 3035 983 3088 versi
1013 3035 1077 3087 ad
1119 3035 1402 3087 orientem.
1442 3054 1459 3086 ι
1499 3035 1768 3103 Scriptum

178 3140 267 3184 est
319 3148 332 3182 :
380 3148 398 3181 ι
441 3130 710 3200 Abyssum
763 3138 817 3183 et
868 3129 1187 3197 sapientiam
1251 3130 1372 3197 quis
1426 3130 1772 3208 investigahit

178 3221 377 3292 (Et-cli.
406 3222 467 3290 ι).
504 3196 536 3273 ι⁷
556 3221 620 3274 Et
651 3240 663 3273 :
698 3242 713 3271 ι
744 3221 788 3276 0
813 3196 1134 3288 profundum
1157 3196 1435 3288 sapientia:
1456 3230 1510 3274 et
1533 3196 1772 3275 scientiae
1801 3196 1844 3255 (ἶ

182 3315 278 3368 Dei
313 3313 492 3384 (Rom.
536 3314 632 3384 ιι),
671 3335 688 3365 ι
722 3313 877 3383 cujus
911 3314 1018 3366 alta
1051 3314 1420 3382 profunditas,
1454 3323 1508 3367 et
1533 3315 1653 3383 quis
1697 3315 1772 3366 in-

180 3406 364 3460 veniet
411 3405 568 3458 eam?
617 3404 836 3457 Multum
880 3414 992 3469 est,
1038 3406 1082 3459 si
1137 3405 1462 3458 voluerimus
1515 3405 1769 3474 templum

179 3495 494 3549 Salomonis
533 3495 661 3549 huic
710 3495 908 3565 templo
939 3504 992 3549 et
1019 3510 1208 3550 omnes
1243 3506 1426 3565 partes
1457 3494 1572 3562 ejus
1601 3505 1654 3548 et
1689 3506 1769 3548 tav

179 3585 478 3639 bernacula
523 3601 857 3655 comparare.
905 3585 1058 3652 Quod
1109 3586 1230 3654 quia
1275 3587 1651 3639 difficillimum
1692 3595 1775 3639 est

179 3677 406 3731 interim
460 3676 512 3729 in
577 3677 987 3746 przesentiarum
1057 3677 1227 3730 altare
1295 3678 1434 3744 quod
1505 3676 1771 3730 Ezechieli

176 3775 464 3821 ostensum
493 3773 597 3827 est,
627 3765 784 3819 altari
817 3767 956 3834 quod
989 3767 1040 3819 in
1087 3766 1270 3819 Exodo
1302 3767 1529 3832 legimus
1573 3767 1768 3832 (Ea-od.

179 3858 384 3927 xxvn),
401 3873 468 3912 ex
484 3867 634 3927 parte
651 3857 857 3910 modica
880 3855 1242 3911 conferamus.
1262 3858 1332 3910 lbi
1352 3858 1518 3909 altare
1535 3860 1772 3927 quinque

177 3946 493 3999 cubitorum
529 3945 580 3998 in
609 3944 964 4014 longitudine,
998 3953 1053 3998 et
1094 3946 1329 4013 quinque
1377 3947 1676 3999 cubitorum
1718 3945 1770 3998 in

174 4035 490 4092 latitudine.
523 4034 574 4089 id
598 4044 698 4098 est,
725 4035 1171 4106 quadrangulum,
1204 4044 1257 4088 et
1282 4038 1440 4089 trium
1467 4037 1770 4089 cubitorum

179 4129 237 4182 in
259 4127 544 4182 altitudine
565 4125 912 4181 describitur.
940 4126 1037 4181 llic
1063 4143 1192 4182 vero
1211 4128 1468 4182 recedens
1484 4143 1511 4180 a
1528 4127 1774 4182 sensibus

180 4221 428 4288 quinque
463 4217 630 4272 tendit
653 4217 721 4271 ad
757 4218 1028 4282 unionem,
1053 4220 1105 4272 in
1130 4235 1236 4288 quo
1260 4220 1474 4273 cubitus
1502 4219 1774 4288 perfectus

181 4311 299 4364 sive
343 4308 646 4363 urissimus
668 4307 904 4377 ponitur.
944 4308 1040 4364 Cui
1065 4305 1305 4377 jungitur
1326 4307 1557 4377 palmus,
1588 4310 1639 4362 id
1669 4318 1772 4373 est,

182 4401 472 4463 «autem,
503 4409 734 4462 sextam,
765 4405 823 4452 ut
854 4412 1011 4467 supra
1046 4397 1300 4458 diximus,
1330 4397 1536 4452 habens
1565 4406 1774 4467 partem

1876 599 1995 652 qua:
2025 583 2265 638 definitio
2309 583 2422 637 sive
2454 583 2603 654 gisus
2645 597 2740 651 per
2767 583 3054 638 circuitum
3103 584 3268 655 pahni
3299 587 3459 642 unius

1875 675 1988 728 sive
2015 675 2294 735 παλαιστής
2335 675 2616 732 latitudine
2669 678 3004 734 tondebatur.
3057 681 3231 736 Fovea
3276 691 3458 737 autem

1875 764 2061 818 altaris
2108 765 2221 819 sive
2261 767 2584 836 profundum
2626 778 2680 823 et
2713 769 2957 835 altitudo,
2989 787 3086 840 pro
3125 789 3230 841 qua
3267 775 3319 827 in
3362 773 3460 827 He-

1875 853 2059 907 braico
2082 854 2300 923 ponitur
2324 856 2445 925 gub,
2482 857 2547 910 de
2577 859 2698 912 sinu
2730 867 2884 914 terra:
2913 877 3080 930 usque
3117 863 3184 916 ad
3230 864 3461 934 crepidi-

1875 965 1998 1004 nem
2026 951 2396 1015 novissimam,
2425 952 2505 1005 vcl
2533 968 2699 1021 usque
2722 955 2787 1006 ad
2826 955 3252 1022 propitiatorium
3288 957 3460 1011 maxi-

1876 1054 2042 1103 mum,
2089 1040 2296 1094 duobus
2345 1043 2541 1096 cubitis
2573 1051 2708 1096 erat.
2765 1043 2829 1096 Et
2882 1044 3107 1098 latitudo
3143 1043 3256 1112 ejus
3291 1046 3458 1100 cubiti

1873 1129 2052 1183 unius.
2083 1128 2339 1184 lnferiora
2366 1131 2508 1186 enim
2544 1141 2598 1185 et
2620 1133 2882 1201 profunda
2916 1143 2969 1186 et
2995 1143 3153 1188 terrm
3181 1135 3460 1190 coha‘ren-

1877 1218 1948 1272 tia
1975 1218 2117 1274 duali
2147 1236 2392 1285 numero,
2427 1222 2515 1290 qui
2539 1229 2594 1276 et
2616 1224 2667 1275 in
2704 1222 2995 1277 immundis
3021 1224 3342 1278 animalibus
3363 1239 3460 1292 po-

1873 1310 2008 1366 situs
2050 1319 2133 1366 est
2176 1312 2540 1366 continentur.
2574 1311 2865 1382 Superiora
2913 1323 3091 1368 autem
3129 1322 3184 1368 et
3230 1315 3295 1368 ad
3342 1330 3460 1370 cre-

1874 1401 2108 1470 pidinem
2178 1401 2292 1458 sive
2352 1403 2781 1472 propiziatorium
2837 1404 3204 1472 pervenientia
3239 1443 3254 1469 ,
3315 1405 3457 1474 quod

1888 1488 2173 1545 l‘heodotio
2205 1492 2320 1562 ipso
2357 1491 2625 1546 llebraico
2669 1493 2886 1547 nomine
2938 1494 3225 1562 appellant
3271 1511 3455 1558 amra,

1875 1583 2032 1634 unius
2061 1581 2227 1635 cubiti
2279 1581 2475 1636 habent
2525 1582 2883 1647 latitudinem,
2911 1595 2968 1636 ut
3004 1583 3178 1637 dualis
3202 1599 3459 1638 numerus

1875 1681 2113 1728 transeat
2155 1675 2221 1727 ad
2261 1675 2558 1730 solitarium
2610 1685 2664 1731 et
2720 1679 2917 1732 bonum
2965 1682 3272 1748 nuptiarum
3315 1683 3458 1749 quod

1873 1764 2100 1820 inferius
2123 1774 2206 1818 est
2230 1766 2296 1818 ad
2335 1767 2550 1820 uuionis
2578 1771 2857 1836 proveniat
2887 1770 3294 1824 beatitudinem.

1949 1853 2150 1927 (Creg.)
2198 1855 2380 1910 Potest
2403 1873 2530 1927 ergo
2557 1859 2608 1911 in
2643 1858 2782 1914 fossa
2826 1861 3011 1915 altaris
3041 1863 3210 1917 virtus
3243 1872 3456 1934 patien-

1881 1945 1988 2009 tia),
2019 1961 2137 2015 qua:
2161 1945 2346 2000 melior
2379 1957 2462 2000 est
2491 1951 2821 2019 arrogantia,
2851 1951 3094 2021 intelligi.
3145 1951 3295 2007 Unde
3323 1953 3457 2007 seri-

1878 2043 2029 2105 ptum
2073 2048 2155 2090 est
2199 2055 2211 2090 :
2253 2055 2271 2088 ‹
2321 2037 2507 2091 Melior
2549 2047 2632 2092 est
2675 2041 2885 2108 patiens
2931 2052 3218 2112 arrogante
3263 2042 3452 2114 (Eccli.

1877 2127 1996 2198 vn).
2039 2147 2056 2178 ι
2094 2127 2226 2194 Quia
2275 2130 2519 2183 videlicet
2565 2130 2723 2200 elegit
2765 2132 2974 2199 pitieus
3022 2133 3273 2201 quaelibet
3316 2135 3456 2189 mala

1875 2217 2080 2284 perpeti
2113 2233 2272 2286 quam
2305 2233 2401 2286 per
2429 2220 2807 2272 ostentationis
2835 2221 3022 2273 vitium
3055 2223 3192 2274 bona
3238 2238 3332 2275 sua
3359 2238 3454 2278 oc-

1875 2305 2019 2360 culta
2049 2307 2284 2377 agnosci.
2318 2310 2386 2360 At
2430 2319 2615 2360 contra
2651 2308 2810 2378 elegit
2841 2325 3101 2380 arrogans
3131 2312 3264 2365 bona
3293 2314 3358 2367 de
3397 2329 3456 2368 se

1876 2397 1960 2450 vel
1986 2397 2116 2450 falsa
2134 2398 2354 2468 jactari,
2393 2416 2456 2452 ne
2488 2400 2625 2453 mala
2663 2401 2830 2468 possit
2868 2403 2948 2455 vel
2975 2404 3194 2457 minima
3228 2405 3453 2473 perpeti.

1877 2489 2010 2554 Quia
2037 2489 2198 2558 igitur
2256 2507 2377 2544 cum
2424 2491 2680 2559 patientia
2723 2493 3065 2563 relinquitur,
3097 2497 3259 2550 etiam
3313 2497 3454 2550 bona

1878 2582 2078 2650 reliqua
2135 2597 2253 2650 qua:
2298 2583 2409 2652 jam
2455 2594 2602 2653 gesta
2632 2594 2758 2638 sunt
2788 2587 3104 2640 destruuntt:
3154 2628 3170 2650 ,
3204 2599 3346 2642 recte
3388 2589 3456 2644 ad

1876 2673 2210 2726 Ezechielem
2250 2675 2299 2726 in
2331 2675 2501 2729 altare
2541 2676 2632 2728 Dei
2667 2677 2779 2730 fieri
2832 2677 2973 2731 fossa
3023 2680 3358 2748 praecipitur;
3397 2689 3457 2734 ut

1877 2765 1930 2818 in
1953 2782 2016 2819 ea
2056 2766 2304 2820 videlicet
2336 2768 2668 2836 superposita
2699 2767 3012 2822 holocausta
3058 2778 3354 2823 svrventur.
3396 2769 3454 2824 Si

1876 2857 2018 2910 enim
2047 2857 2099 2910 iu
2141 2857 2292 2910 altari
2332 2856 2472 2910 fossa
2504 2874 2607 2911 non
2639 2869 2800 2920 esset,
2834 2874 2992 2913 omne
3026 2860 3166 2928 quod
3195 2861 3248 2913 in
3286 2874 3350 2914 eo
3371 2876 3458 2915 sa-

1874 2948 2137 3001 crificium
2174 2949 2452 3016 reperiret,
2508 2951 2890 3018 superveniens
2929 2967 3056 3002 aura
3102 2952 3451 3021 dispergeret.

1876 3039 2011 3104 Quid
2054 3053 2180 3093 vero
2242 3040 2532 3108 accipimus
2573 3039 2740 3092 altare
2779 3040 3021 3104 Domini,
3064 3041 3163 3095 nisi
3213 3043 3451 3097 animam

1874 3128 2049 3197 justi;
2091 3145 2209 3198 qua:
2242 3138 2372 3198 quot
2404 3131 2539 3183 bona
2576 3131 2768 3198 egerit,
2801 3139 2877 3184 tot
2905 3146 3068 3200 super
3098 3146 3157 3186 se
3190 3141 3315 3187 ante
3339 3131 3457 3201 ejus

1876 3222 2059 3275 oculos
2109 3223 2371 3276 sacritic'a
2422 3221 2663 3290 imponit.
2723 3221 2858 3287 Quid
2906 3231 3087 3275 autem
3139 3230 3222 3276 est
3269 3223 3457 3277 altaris

1877 3311 2040 3374 fossa,
2067 3313 2166 3364 nisi
2198 3314 2454 3366 bonorum
2484 3311 2776 3380 patientia?
2814 3327 2932 3379 qua:
2959 3313 3084 3364 dum
3127 3319 3358 3366 mentem
3384 3314 3456 3371 ad

1875 3403 2099 3456 adversa
2132 3401 2407 3455 toleranda
2440 3400 2704 3461 humiliat,
2735 3401 2887 3468 quasi
2939 3416 3089 3455 more
3131 3401 3288 3455 fossae
3317 3402 3456 3456 hanc

1875 3494 1926 3545 iu
1952 3492 2058 3544 imo
2085 3492 2312 3559 positam
2341 3493 2690 3544 demonstrat.
2719 3491 2882 3546 Fossa
2914 3506 3042 3561 ergo
3074 3493 3125 3544 in
3154 3493 3310 3548 altari
3341 3497 3455 3557 ttat,

1875 3599 1942 3637 ne
1968 3584 2361 3652 superpositum
2389 3583 2711 3636 sacrificium
2751 3599 2878 3636 aura
2911 3584 3219 3654 dispergat:
3249 3585 3302 3640 id
3348 3595 3450 3646 est.

1874 3675 2166 3729 electorum
2216 3691 2370 3728 mens
2416 3675 2730 3742 patientiam
2761 3675 3051 3739 custodiat,
3076 3690 3143 3729 ne
3185 3685 3454 3731 commota

1875 3775 2034 3818 vento
2089 3766 2452 3832 impatientim,
2486 3773 2537 3816 et
2579 3765 2678 3827 hoc
2729 3765 2869 3832 quod
2906 3765 3041 3818 bene
3096 3774 3318 3833 operata
3371 3773 3458 3822 est

1874 3854 2108 3907 amittat.
2139 3853 2276 3907 Bcue
2323 3863 2500 3907 autem
2531 3853 2644 3906 lucc
2673 3855 2864 3906 eadem
2895 3852 3036 3907 fossa
3081 3854 3258 3913 unius.
3287 3854 3454 3912 cubiti

1879 3960 2000 3999 esse
2029 3953 2294 3999 memorat
2329 3960 2342 3998 :
2380 3946 2501 4013 quia
2528 3944 2776 3998 nimirum
2807 3945 2850 3998 si
2880 3945 3136 4014 patientia
3163 3960 3271 3998 non
3303 3944 3456 4002 dese-

1882 4039 2040 4100 ritur,
2073 4037 2294 4090 unitatis
2331 4051 2579 4090 mensura
2605 4045 2870 4090 servatur.
2902 4037 3053 4092 Uude
3079 4045 3133 4090 et
3153 4036 3352 4093 Paulus
3377 4038 3455 4092 ait

1876 4131 1943 4183 ad
1972 4129 2232 4184 Galatas:
2277 4147 2294 4178 ι
2337 4128 2568 4183 Invicem
2611 4142 2776 4181 onera
2824 4137 3004 4182 vestra
3037 4137 3268 4196 portate,
3292 4136 3348 4183 et
3374 4129 3454 4184 sic

1876 4220 2233 4289 adimplebitis
2261 4220 2428 4288 legem
2457 4218 2553 4273 Ch:
2571 4219 2677 4273 isti.
2717 4238 2736 4271 ι
2771 4217 2880 4274 Lex
2909 4219 3106 4289 quippe
3123 4219 3344 4286 Christi,
3371 4229 3455 4276 est

1876 4313 2115 4366 charitas
2145 4310 2387 4372 unitatis,
2425 4324 2586 4379 quam
2625 4308 2724 4364 soli
2753 4308 3060 4378 perﬁciunt,
3090 4309 3180 4378 qui
3207 4323 3309 4363 nec
3331 4323 3454 4366 cum

1877 4409 2191 4472 gravantur,
2232 4399 2520 4454 excedunt.
2560 4397 2829 4470 (Ηίενοη.)
2867 4399 3129 4468 Quodque
3165 4399 3452 4468 sequitur:

179 4491 376 4546 cubiti.
411 4490 468 4544 In
494 4491 614 4543 sinu
649 4499 826 4544 autem
857 4487 992 4558 ejus,
1018 4488 1120 4544 hoc
1148 4503 1228 4544 εει
1254 4489 1455 4553 altaris,
1487 4497 1604 4544 erat
1626 4487 1776 4542 cubi-
1807 4531 1854 4589 Β
1885 4515 1902 4546 ι
1938 4495 2005 4549 Et
2029 4509 2059 4548 a
2108 4494 2381 4563 crepidine
2415 4493 2606 4546 minori
2639 4509 2806 4562 usque
2837 4494 2902 4546 ad
2932 4492 3261 4562 crepidinem
3290 4492 3457 4561 majo-

184 4595 276 4637 tus
329 4581 423 4650 qui
473 4581 678 4635 scilicet
704 4595 766 4634 ea
797 4595 918 4650 quae
959 4580 1081 4650 igne
1136 4581 1590 4634 consumebantur
1608 4579 1776 4633 susci-

181 4672 393 4744 picbat,
416 4681 469 4725 et
510 4672 562 4725 in
595 4671 880 4725 latitudine
911 4669 1029 4738 ejus
1055 4670 1194 4724 alius
1218 4671 1452 4733 cubitus,
1482 4681 1538 4725 ut
1567 4680 1620 4722 et
1640 4670 1778 4725 inte-

184 4765 361 4825 riora,
415 4763 515 4816 hoc
566 4771 688 4825 est,
746 4770 952 4815 secreta
1007 4772 1061 4816 et
1103 4763 1274 4830 spatia
1325 4761 1531 4827 altaris,
1561 4777 1677 4831 quas
1723 4763 1777 4818 in

181 4854 235 4906 la
246 4853 475 4907 titudiue
495 4852 958 4916 demonstrantur,
973 4867 1080 4905 uno
1096 4852 1277 4907 cubito
1297 4853 1601 4907 fuiirentur.
1623 4852 1773 4918 Quod

182 4953 376 4998 autem
419 4943 666 5012 sequitur
705 4961 719 4996 :
769 4961 786 4992 ι
821 4942 889 4996 Et
935 4941 1178 4996 deﬁnitio
1238 4957 1410 5012 usque
1455 4943 1520 4996 ad
1573 4943 1774 4997 labium

181 5033 330 5103 ejus,
367 5052 386 5084 ι
425 5048 524 5102 pro
555 5049 664 5104 quo
705 5031 919 5102 Aquila,
951 5031 1332 5104 Symmachus,
1372 5042 1428 5087 et
1477 5031 1775 5087 Theodotio

181 5136 494 5201 posuerunt
537 5128 837 5190 terminum,
870 5124 1219 5196 Septuaginta
1249 5141 1462 5180 rursum
1490 5128 1660 5196 gisum
1690 5125 1774 5179 iu-

187 5219 474 5290 terpretati
502 5227 626 5272 sunt
662 5237 675 5271 :
704 5217 861 5287 cujus
902 5218 1072 5282 verbi,
1106 5227 1166 5272 ut
1209 5227 1332 5272 aute
1346 5216 1458 5284 jazu
1490 5219 1624 5282 dixi,
1671 5231 1774 5270 non

186 5325 415 5385 possum
443 5310 582 5365 scire
608 5309 872 5363 rationem
891 5349 906 5373 ,
941 5323 1041 5362 nec
1069 5308 1223 5377 cujus
1263 5307 1456 5377 lingua:
1501 5308 1569 5360 sit
1597 5307 1776 5360 dicere

187 5398 551 5464 confidenter,
581 5399 685 5454 nisi
723 5400 827 5454 hoc
855 5399 1145 5452 admonere
1177 5398 1455 5463 lectorem,
1509 5398 1649 5465 quod
1687 5397 1773 5449 ubi

189 5506 343 5546 nunc
368 5489 734 5544 definitionem
762 5489 1146 5558 interpretatus
1173 5504 1314 5552 smn,
1341 5504 1498 5558 supra
1524 5503 1776 5542 coronam

192 5579 592 5635 transtulerim.
631 5578 869 5648 ltludque
905 5579 1144 5633 breviter
1184 5581 1605 5642 demonstratur,
1637 5579 1780 5646 quod

192 5671 250 5723 in
293 5667 524 5720 circuitu
557 5667 725 5737 ipsius
754 5667 960 5729 altaris,
1001 5667 1180 5731 idest,
1230 5666 1282 5719 in
1326 5667 1568 5736 margine
1592 5675 1648 5718 et
1675 5665 1781 5719 circ

193 5761 322 5817 culo
377 5760 671 5830 repaudum
723 5760 882 5815 fuerit
926 5760 1124 5814 labium
1173 5770 1226 5816 et
1275 5761 1433 5832 quasi
1479 5774 1677 5814 corona
1726 5759 1780 5812 in

1881 4602 1992 4640 rem
2012 4594 2242 4654 quatuor
2266 4585 2591 4648 cubitorum,
2609 4591 2663 4638 et
2686 4583 2913 4638 latitudo
2935 4585 3092 4638 unius
3105 4583 3292 4648 cubiti,
3318 4605 3336 4636 ι
3354 4599 3455 4652 pro

1879 4689 1985 4744 quo
1999 4675 2050 4728 in
2067 4674 2413 4743 Septuaginta
2428 4673 2662 4740 positum
2676 4681 2759 4727 est
2777 4690 2818 4725 ε(
2841 4672 2904 4726 Et
2920 4688 2949 4725 a
2968 4673 3456 4742 propitiatoriomi—

1879 4764 1996 4819 nori
2013 4779 2180 4831 usque
2199 4763 2264 4815 ad
2290 4761 2722 4831 propitiatorium
2745 4761 2939 4830 majus,
2963 4781 2980 4812 ι
3007 4769 3058 4814 et
3083 4760 3379 4815 Theodotio
3401 4763 3454 4815 in

1879 4865 2106 4923 utroque
2117 4871 2300 4916 azara,
2319 4852 2612 4916 transtulit,
2632 4851 2759 4905 illud
2774 4849 3297 4920 estintelligendum,
3313 4850 3456 4919 quod

1883 4945 2309 5015 propitiatorium
2337 4944 2534 5006 minus,
2565 4942 2698 5010 lapis
2725 4943 2795 4996 sit
2816 4942 3030 4996 excisus
3051 4941 3117 4994 de
3143 4941 3456 4995 montesine

1878 5036 2146 5090 manibus.
2170 5041 2227 5088 et
2273 5033 2700 5102 propitiatorium
2744 5032 2946 5102 majus,
2997 5032 3111 5101 ipse
3153 5029 3321 5101 lapis,
3364 5030 3457 5099 qui

1878 5125 2049 5179 erevit
2073 5125 2125 5178 in
2164 5131 2400 5178 montem
2431 5138 2683 5193 magnum
2703 5131 2758 5177 et
2781 5122 3020 5192 implevit
3042 5122 3348 5176 universum
3377 5136 3461 5174 or-

1877 5213 2020 5269 hem.
2039 5214 2165 5268 Sive
2171 5213 2326 5281 juxta
2339 5213 2564 5268 alterum
2580 5229 2814 5276 sensum,
2833 5211 3264 5283 propitiatorium
3281 5211 3460 5265 minus

1880 5313 1962 5357 est
1980 5345 1994 5367 ,
2021 5303 2236 5372 quando
2265 5321 2284 5353 ‹
2319 5303 2616 5356 exinanivrt
2644 5318 2703 5356 se
2727 5342 2742 5366 ,
2771 5300 3000 5355 formam
3023 5301 3164 5355 servi
3187 5300 3460 5369 accipiens

1883 5395 2104 5465 (Philip.
2161 5394 2242 5466 ιι).
2294 5413 2313 5445 ι
2369 5393 2434 5447 Et
2487 5393 2920 5463 propitiatorium
2975 5392 3189 5462 majus,
3243 5390 3459 5460 qitaudo

1884 5489 2086 5556 recepit
2105 5484 2352 5554 gloriam,
2375 5499 2534 5554 quam
2553 5484 2890 5554 habuitapud
2910 5482 3149 5548 Patrem,
3169 5489 3458 5551 antequam

1883 5575 2116 5630 mundus
2151 5573 2303 5628 fieret
2349 5575 2532 5644 (Joan.
2560 5575 2716 5646 xvn).
2762 5573 2920 5629 Prius
2949 5574 3092 5630 enim
3128 5571 3325 5629 Christi
3356 5571 3459 5624 hu-

1886 5665 2096 5720 miliora
2117 5666 2508 5736 cognoscimus,
2536 5674 2592 5721 et
2616 5665 2695 5720 sic
2714 5664 2784 5720 ad
2814 5663 3114 5718 divinitatis
3139 5661 3260 5732 ejus
3287 5661 3457 5715 altitu-

1886 5758 2067 5813 dinem
2121 5757 2463 5827 pervcnimus
2511 5773 2524 5809 :
2581 5766 2636 5812 et
2688 5767 2867 5810 tamen
2924 5753 3205 5822 utriusque
3251 5761 3458 5808 natura
