3950 6364
470 395 580 453 995

1146 383 1204 437 Β.
1248 380 1501 436 RABANI
1544 378 1758 436 MAURI
1800 376 2117 433 ARClilEI’.
2163 372 2471 430 MOGUNT.
2515 368 2798 425 OPERUM
2838 365 3016 421 PARS
3057 365 3116 418 ll.

3645 360 3746 416 996

473 509 902 581 propitiatorium
924 540 939 563 ,
975 501 1076 552 hoc
1108 503 1225 557 est;
1257 495 1484 550 minoris
1529 502 1689 562 atque
1716 491 1936 559 majoris
1989 492 2055 545 ad
2084 499 2133 553 Α
2162 498 2342 544 mento
2370 488 2602 543 salvaret
2640 492 2872 581 qua-tuor
2913 482 3137 581 angulos
3192 479 3400 545 mundi,
3442 479 3749 581 tie-quibus

476 601 631 656 unius
658 594 841 650 altaris
867 592 1100 663 pertinet
1118 594 1537 642 sacramentum.
1571 585 1716 639 inter
1744 584 1848 638 duo
1872 590 2051 637 autem

475 688 845 761 propitiatorta
886 681 1065 735 minus
1098 687 1260 747 atque
1290 675 1459 744 majus
1488 683 1717 744 quatuor
1750 681 1907 728 erant
1955 687 2052 726 cu-

478 783 607 844 bi:a,
647 784 880 847 quatuor
906 769 1086 825 mundi
1133 768 1398 822 elementa
1429 764 1811 836 signiﬁcantia,
1853 778 1972 832 q:::e
2001 771 2056 816 et

479 875 592 942 ipsa
620 869 941 940 perveniunt
970 862 1037 916 ad
1074 861 1235 915 unius
1261 860 1425 915 cubiti
1459 857 1815 911 altitudinem.
1856 856 1921 909 Et
1954 856 2056 909 boc

481 955 1048 1018 animadvertendum,
1071 952 1214 1021 quod
1248 952 1299 1004 in
1338 963 1587 1003 mensura
1612 948 1799 1001 altaris
1847 948 2055 1016 primus

479 1053 691 1108 cubitus
721 1050 773 1103 in
802 1044 1088 1100 latitudine
1114 1042 1242 1095 nulli
1279 1038 1582 1110 copulatur,
1608 1037 1701 1092 sed
1732 1052 1826 1091 sua
1861 1038 2057 1090 unione

480 1146 750 1207 perfectus
801 1148 902 1194 est.
933 1134 1216 1191 Secundus
1246 1142 1431 1186 autem
1474 1128 1778 1184 latitudinis
1821 1127 2054 1189 cubitus,

481 1246 601 1310 post
653 1236 786 1289 duos
833 1230 1043 1286 cubitos
1076 1224 1275 1281 crescit
1319 1224 1385 1278 ad
1420 1234 1711 1278 summum.
1752 1220 1819 1274 Et
1866 1219 2060 1273 tertius

480 1327 691 1383 cubitus
721 1330 842 1392 post
860 1317 1293 1391 pmpitiatorium
1325 1313 1501 1367 minus
1528 1319 1581 1366 et
1613 1310 1783 1378 majus
1802 1324 1900 1380 per
1928 1323 2062 1379 qua-

483 1429 604 1473 tuor
643 1416 943 1476 elementa,
972 1410 1040 1464 ad
1086 1408 1245 1463 unius
1296 1404 1462 1461 cubiti
1506 1403 1820 1476 mysterium
1869 1402 2058 1457 tendit.

480 1510 553 1569 \lt
582 1525 718 1565 unus
743 1516 800 1562 et
837 1505 974 1561 alter
995 1510 1052 1557 et
1086 1502 1276 1556 tertius
1303 1497 1517 1553 cubitus
1554 1497 1608 1552 in
1641 1496 1811 1552 altare
1849 1496 2062 1552 Domini

483 1613 818 1670 nequaquam
844 1595 1051 1665 primos
1073 1589 1341 1646 secundus
1370 1597 1426 1643 et
1452 1587 1645 1643 tertius
1666 1628 1681 1654 ,
1713 1587 1808 1642 sed
1838 1603 1978 1641 unus
2008 1595 2063 1642 et

482 1706 619 1746 unus
647 1698 702 1742 et
729 1699 866 1741 unus
896 1698 1016 1738 esse
1042 1682 1273 1736 dicatur.
1307 1678 1423 1749 Ipse
1448 1685 1625 1733 autem
1661 1676 1807 1731 Ariel
1829 1687 2065 1747 quatuor

482 1780 782 1838 cubitorum
803 1783 941 1838 erat,
963 1780 1019 1826 et
1040 1772 1107 1825 ab
1125 1768 1272 1824 Ariel
1294 1782 1463 1838 usque
1486 1782 1699 1821 sursum
1714 1782 1915 1821 cornua
1931 1782 2064 1837 qua-

2157 582 2420 649 scriptum
2468 587 2595 633 est:
2636 595 2655 627 ι
2704 574 2853 629 Multi
2902 572 2971 627 ab
3025 572 3235 627 oriente
3286 580 3340 626 et
3380 571 3670 627 occidente
3696 580 3751 623 et

2159 668 2410 737 aquilone
2466 677 2522 721 et
2569 664 2794 721 meridie
2839 662 3080 727 venient,
3140 668 3194 714 et
3242 660 3581 715 accubabunt
3624 676 3747 715 cum

2157 757 2431 813 Abraham
2458 756 2672 811 etlsaae
2702 764 2755 810 et
2780 752 2947 809 Jacob
2977 753 3030 807 in
3054 766 3222 823 regno
3237 750 3498 807 calorum
3528 751 3747 822 (Halm.

2157 848 2297 921 vni).
2324 869 2339 899 ι
2368 848 2628 919 Quodque
2652 847 2900 916 sequitur
2927 862 2940 900 :
2973 864 2991 896 ι
3023 845 3088 899 Ει
3108 860 3309 899 corona
3336 844 3450 899 sive
3473 844 3626 913 gisus
3654 861 3754 915 per

2158 940 2447 996 circuitum
2472 938 2607 1007 ejus,
2645 958 2663 989 ι
2699 937 3019 993 subauditur
3048 937 3434 1006 propitiatorii,
3456 955 3475 987 ι
3516 936 3753 990 habebat

2160 1033 2446 1089 dimidium
2485 1032 2729 1086 cubitum
2788 1037 2843 1084 et
2890 1028 3041 1083 sinus
3080 1027 3249 1096 ipsius
3286 1025 3681 1097 propitiatorii,
3726 1041 3743 1076 ι

2160 1122 2274 1178 sive
2352 1119 2749 1181 consummatio
2823 1126 2987 1188 atque
3053 1115 3314 1187 perfectio
3346 1157 3360 1181 ,
3412 1131 3534 1185 quae
3591 1116 3752 1186 Sym-

2161 1214 2386 1269 machus
2414 1213 2798 1281 interpretatus
2827 1220 2910 1265 est
2944 1208 3287 1287 περιδρομὴν,
3323 1210 3556 1264 habebat
3589 1225 3753 1263 unum

2160 1305 2434 1370 cubitum,
2514 1303 2644 1357 illud
2722 1301 3030 1373 significat,
3103 1302 3249 1370 quod
3310 1308 3365 1354 et
3441 1308 3757 1370 peccatores

2164 1405 2218 1450 et
2260 1395 2393 1465 justi
2448 1393 2662 1449 Domini
2715 1392 3097 1463 propitiatioue
3161 1391 3440 1447 salventur
3471 1433 3486 1457 ,
3550 1393 3758 1447 dicente

2162 1487 2403 1560 apostolo
2464 1485 2629 1541 Paulo
2688 1504 2702 1539 :
2762 1504 2780 1537 ι
2836 1485 3185 1540 Reconciliati
3262 1499 3450 1539 sumus
3519 1483 3632 1538 Deo
3702 1484 3757 1537 in

2163 1579 2573 1651 sanguineFilii
2620 1577 2736 1646 ejus
2778 1577 2950 1648 (Rom.
2996 1577 3072 1648 v).
3112 1598 3131 1630 ι
3178 1576 3246 1632 Et
3267 1578 3334 1632 de
3376 1577 3759 1647 peccatoribus

2163 1673 2378 1737 dicitur,
2425 1671 2570 1741 quod
2603 1670 2812 1725 dimidii
2854 1669 3016 1725 cubiti
3050 1685 3366 1724 mensuram
3394 1671 3633 1725 habeant
3665 1684 3761 1740 per

2165 1763 2472 1826 circuitum,
2505 1760 2596 1831 qui
2648 1768 2827 1817 tamen
2873 1761 3152 1815 salventur
3193 1762 3568 1817 misericordia
3609 1777 3762 1817 crea-

484 1881 634 1934 tuor;
667 1868 778 1923 sive
805 1866 938 1920 utin
962 1861 1313 1932 Septuaginta
1350 1858 1569 1924 dicitur,
1601 1859 1669 1914 ab
1708 1858 1856 1913 Ariel
1890 1874 2059 1928 usque
2092 1840 2136 1899 Β
2166 1856 2331 1918 toris,
2380 1853 2533 1923 juxta
2578 1853 2708 1909 illud
2759 1852 2901 1923 quod
2951 1852 3003 1906 in
3050 1850 3266 1906 Psalmo
3314 1852 3578 1921 scriptum
3631 1864 3710 1909 est
3746 1874 3758 1908 :

484 1961 552 2015 a‘d
579 1958 857 2027 superiora
897 1967 1158 2008 cornuum
1200 1949 1413 2004 cubitus
1452 1964 1611 2003 unus.
1659 1947 1839 2013 Ariel,
1868 1960 1929 2005 ut
1954 1948 2063 2019 ple-
2169 1962 2188 1995 ι
2215 1944 2321 1999 Pro
2350 1943 2519 1998 nihilo
2568 1944 2745 1999 salvos
2786 1941 2956 1996 facies
2996 1956 3109 1997 eos.
3146 1959 3164 1992 ι
3198 1941 3272 1995 De
3312 1939 3497 2010 justis.
3528 1944 3672 2013 quod
3709 1946 3761 1999 in

485 2051 639 2120 rique
688 2048 979 2107 aestimant,
1032 2043 1417 2112 interpretatur
1462 2039 1555 2093 tua:
1591 2054 1708 2093 mea
1770 2037 1933 2093 Deus.
1989 2040 2064 2093 De
2164 2047 2273 2088 uno
2315 2032 2595 2088 salveutur
2641 2047 2871 2087 numero
2924 2030 3166 2086 solitario
3210 2039 3375 2099 atque
3402 2031 3670 2101 perfecto,
3713 2042 3769 2087 et

482 2138 591 2211 quo
638 2145 695 2192 et
736 2136 790 2190 iu
824 2133 961 2189 lsaia
1002 2132 1285 2203 propheta,
1308 2130 1397 2185 ubi
1431 2130 1707 2200 scriptum
1753 2140 1835 2185 est
1864 2148 1876 2184 :
1915 2149 1934 2181 ι
1970 2131 2063 2187 Vae
2166 2124 2452 2181 imitantur
2480 2137 2641 2176 unam
2662 2121 3001 2176 divinitatem
3024 2120 3236 2175 dicente
3261 2121 3453 2175 eodem
3478 2122 3763 2190 apostolo:

486 2210 607 2296 tibi,
637 2227 824 2284 civitas
865 2223 1036 2289 Ariel,
1067 2238 1229 2293 quam
1273 2221 1603 2293 expugnavit
1643 2221 1779 2294 (sive
1832 2222 2067 2277 cireum-
2172 2234 2189 2267 ι
2226 2214 2365 2268 Deus
2411 2217 2530 2266 erat
2578 2212 2633 2266 in
2687 2210 2906 2266 Christo
2954 2210 3214 2264 mundum
3267 2212 3635 2266 reconcilians
3666 2212 3769 2267 sibi

485 2319 651 2394 dedit)
670 2314 988 2387 David(lsa.
1022 2313 1197 2384 χχιι),
1234 2331 1253 2365 ι
1284 2312 1493 2384 plenius
1513 2312 1764 2369 diximus.
1789 2312 1860 2369 Ut
1883 2324 2064 2369 autem
2169 2304 2254 2379 (Π
2296 2303 2419 2359 σοῖο
2464 2302 2541 2394 ν)έ
2575 2321 2594 2355 ³
2624 2302 2779 2394 Ωιιρά
2817 2310 2997 2394 amem
3028 2303 3104 2394 ίηῗ
3126 2301 3232 2394 ﬁnge
3275 2302 3438 2373 [Illius
3473 2304 3769 2358 testimonii

486 2420 608 2484 ego‘
627 2392 863 2465 arbitror
889 2408 971 2461 ieo
998 2406 1082 2460 vel
1108 2403 1265 2460 fortis
1294 2404 1411 2470 Dei,
1439 2406 1581 2474 quod
1611 2421 1807 2461 nomen
1835 2406 2069 2461 refertur

2182 2395 2409 2465 ponitur,
2443 2411 2461 2444 ι
2497 2393 2562 2447 Ει
2598 2393 2798 2463 gradus
2825 2393 2941 2463 ejus
2966 2393 3110 2447 versi
3140 2392 3205 2446 ad
3252 2393 3560 2458 orientem,
3594 2412 3613 2444 ι
3650 2409 3773 2465 gra-

487 2501 705 2574 proprie
729 2500 796 2554 ad
822 2497 1025 2560 altare,
1050 2496 1105 2550 in
1132 2510 1239 2565 quo
1264 2493 1350 2549 vel
1376 2494 1829 2551 illuminatio‘Dei
1850 2505 1953 2561 est,
1983 2495 2069 2552 vel
2171 2488 2271 2543 dus
2318 2485 2477 2554 hujus
2510 2484 2898 2557 propitiatorii,
2947 2484 3287 2554 septuaginta
3332 2493 3568 2554 quatuor
3602 2484 3774 2539 libros

494 2595 578 2650 Ie‘o
610 2601 664 2649 et
692 2590 949 2647 fortitudo
974 2588 1111 2658 ejus,
1138 2588 1349 2642 dicente
1374 2584 1540 2642 Jacob
1569 2584 1845 2641 adiudam
1878 2604 1890 2640 :
1922 2607 1945 2638 ι
1968 2587 2070 2642 Ca-

486 2688 636 2744 tulus
685 2684 855 2741 leonis
906 2680 1078 2747 Juda,
1112 2680 1187 2734 illi
1228 2680 1323 2745 mi,
1355 2680 1423 2735 ad
1475 2679 1711 2750 praedam
1760 2679 2068 2743 ascendisti,

490 2777 837 2848 requiescens
861 2770 1161 2828 accubuisti
1190 2777 1249 2823 ut
1294 2770 1410 2836 ieo,
1453 2776 1508 2824 et
1534 2769 1689 2840 quasi
1732 2768 1920 2834 leazna,
1950 2770 2073 2837 quis

488 2865 773 2925 suscitabit
791 2862 955 2919 eum?
986 2880 1005 2915 ι
1032 2859 1185 2935 ιϐαι.
1209 2861 1386 2930 χιιι.)
1400 2859 1715 2915 Cubitorum
1743 2868 1922 2914 autem
1936 2874 2074 2929 qua-

491 2966 619 3015 tuor
631 2965 737 3021 est,
753 2964 810 3009 et
836 2967 1041 3008 cornua
1063 2952 1227 3006 habet
1248 2957 1497 3020 Quatuor,
1516 2950 1630 3005 sive
1645 2950 1923 3019 superiora
1946 2965 2077 3019 qua-

492 3060 617 3105 tuor
637 3059 921 3107 cornuutn,
954 3058 1062 3098 uno
1093 3043 1274 3099 cubito
1291 3041 1570 3106 ﬁniuntur,
1588 3041 2076 3113 utEvangelioruin

492 3150 744 3196 Mensura
768 3144 823 3191 et
853 3136 905 3189 in
940 3143 1107 3188 totum
1134 3134 1319 3188 urbem
1346 3131 1604 3187 fortitudo
1629 3133 1938 3188 discurrens
1978 3132 2080 3186 sub

2171 2579 2373 2635 veteris
2395 2578 2744 2633 instrumenti
2774 2578 3035 2632 debemus
3064 2577 3331 2646 accipere,
3363 2577 3455 2646 qui
3499 2577 3775 2632 habebant

2172 2670 2430 2742 cytharas
2458 2670 2512 2723 in
2535 2668 2855 2740 Apocalypsi
2882 2667 3105 2724 Joannis
3140 2667 3324 2740 (Apoc.
3361 2668 3441 2740 v),
3464 2676 3519 2723 et
3538 2684 3775 2724 coronas

2176 2758 2229 2813 in
2260 2757 2525 2829 capitibus
2552 2755 2692 2825 ejus,
2715 2757 2800 2812 vel
2826 2764 3225 2811 sacramentum
3249 2756 3428 2811 Patris
3470 2765 3525 2811 et
3556 2756 3680 2814 Filii
3717 2767 3777 2813 et

2178 2847 2413 2917 Spiritus
2438 2848 2610 2903 sancti
2652 2846 2705 2901 in
2746 2862 2853 2917 quo
2882 2861 3014 2902 vera
3044 2845 3199 2902 nobis
3228 2847 3387 2907 datur
3436 2847 3773 2917 propitiatio.

2180 2939 2248 2994 Et
2267 2948 2327 2993 ut
2354 2939 2601 2994 dicamus
2626 2939 2886 3007 apertius,
2908 2946 3196 3008 propterea
3226 2938 3491 3006 graduum
3514 2955 3779 2996 numerus

2182 3028 2422 3083 incertus
2477 3027 2841 3097 relinquitur,
2889 3034 2952 3081 ut
2998 3034 3417 3097 quantocunque
3465 3028 3644 3084 studio
3708 3030 3778 3085 ad

2186 3121 2377 3177 altiora
2436 3119 2700 3176 scandere
2740 3119 3093 3189 potuerimus,
3122 3118 3175 3172 in
3218 3116 3566 3175 inferioribus
3619 3130 3781 3191 pute-

488 3226 885 3286 illmuiuatione
914 3222 1009 3278 Dei
1030 3231 1090 3277 et
1126 3222 1297 3277 leonis
1317 3222 1629 3277 fortitudine
1657 3224 2077 3288 demonstretur,
2110 3213 2155 3275 C
2189 3227 2310 3267 mus
2328 3210 2637 3276 collocatos,
2666 3220 2722 3264 et
2744 3212 3043 3279 cogitemus
3063 3208 3194 3264 illud
3223 3208 3450 3278 psalmi:
3480 3227 3500 3261 ι
3526 3208 3685 3266 Ibunt
3712 3212 3781 3267 de

491 3317 565 3377 ad
588 3329 861 3386 unumque
888 3316 1125 3371 cubitum
1152 3315 1466 3386 perveniant
1488 3314 1681 3370 divina:
1707 3314 2079 3370 confessionis.

505 3408 662 3464 Et'ut
681 3407 943 3479 paulatim
974 3406 1280 3462 obseurltas
1305 3409 1587 3477 praesentis
1614 3406 1716 3462 ioci
1745 3407 2085 3462 manifestior

498 3493 617 3562 ﬂat,
633 3497 914 3566 sequitur:
947 3513 966 3547 ι
999 3496 1063 3549 Et
1086 3495 1234 3549 Ariel
1255 3496 1535 3551 duodecim
1560 3496 1864 3551 cubitorum
1896 3495 2084 3550 inion-

494 3584 758 3657 gitudiue,
794 3600 892 3656 per
918 3584 1200 3639 duodecim
1235 3585 1443 3640 cubitos
1476 3585 1772 3641 latitudinis
1804 3585 2082 3655 quadran—

501 3674 877 3747 guiutnmquis
896 3674 1192 3740 iateribus,
1220 3675 1411 3745 rquod
1441 3689 1600 3731 nemo
1614 3675 1824 3730 dubitat
1850 3676 1917 3731 ad
1950 3676 2083 3731 duo-

498 3766 675 3821 decim
725 3766 896 3821 tribus
935 3766 1216 3834 pertinere
1259 3765 1458 3836 quatin
1505 3763 1730 3821 Joannis
1756 3765 2078 3837 Ajmcalypsi

496 3857 717 3928 scripta!
743 3864 887 3922 sunt,
929 3865 984 3911 et
1027 3857 1094 3911 ad
1123 3856 1488 3927 apostolorum
1521 3872 1833 3922 numerum,
1888 3858 1954 3913 de
1988 3873 2083 3913 cu-

493 3948 942 4019 jussacramento
962 3962 1127 4018 supra
1169 3948 1367 4004 dixisse
1403 3963 1487 4003 me
1526 3949 1765 4004 memini.
1796 3949 1901 4005 Per
1951 3958 2084 4020 Qua-

496 4047 627 4094 tuor
663 4037 1043 4093 autetn'latera
1082 4038 1272 4093 mundi
1317 4038 1550 4094 duodeni
1580 4038 1746 4094 cubiti
1776 4040 1939 4095 simul
1978 4039 2085 4096 eili-

503 4128 655 4183 eiunt
684 4127 1055 4197 [quadraginta
1087 4135 1210 4181 octo
1255 4128 1467 4183 cubitos
1511 4128 1925 4185 sacerdontlium
1945 4132 2086 4186 civi-

507 4224 697 4282 atum,
730 4226 791 4271 ut
813 4215 933 4273 istis
957 4218 1112 4286 quasi
1142 4216 1510 4273 fundamentis
1530 4218 1585 4274 in
1620 4229 1732 4276 toto
1769 4222 1900 4277 urbe
1924 4222 2085 4278 dimi-

504 4306 583 4362 sis
606 4306 859 4361 Ecdesite
886 4305 1149 4361 fortitudo
1183 4307 1471 4362 solidetur.
1498 4307 1674 4365 Porro
1714 4311 1934 4381 crepido
1984 4327 2085 4382 pro

499 4414 613 4471 qua
651 4396 1000 4469 Septuaginta
1023 4400 1461 4469 propitiatorium,
1483 4400 1804 4467 Theodotio,
1841 4412 1900 4458 ut
1918 4417 2083 4474 supra

493 4496 693 4553 Isara,
730 4487 1099 4559 Symmachus
1138 4488 1470 4564 περιδρσμήν,
1504 4491 1606 4547 hoc
1643 4500 1746 4557 est,
1791 4492 2079 4547 circuitum

509 4553 843 4649 interpretati
870 4587 1019 4643 sunt,
1051 4553 1463 4648 quato-ordecim
1487 4553 1789 4637 cubitorum
1824 4593 1943 4638 erat
1970 4583 2087 4640 lon-
2110 4553 2163 4613 D

507 4670 788 4741 gitudiuis,
833 4686 929 4741 per
972 4670 1382 4739 quatuordeeim
1414 4672 1708 4728 latitudinis
1753 4674 1808 4729 in
1856 4690 2088 4745 quatuor

507 4760 722 4830 angulis
749 4760 886 4830 ejus,
935 4779 953 4811 ι
1004 4768 1060 4815 et
1102 4775 1301 4815 corona
1354 4762 1406 4816 in
1455 4762 1684 4818 circuitu
1715 4764 2085 4832 ejusvdimidii

508 4850 698 4914 cubiti,
733 4869 752 4903 ι
787 4865 884 4920 pro
922 4865 1029 4919 quo
1057 4850 1406 4921 Septuaginta
1465 4867 1677 4908 rursum
1717 4855 1867 4924 gison
1919 4857 2090 4912 inter-

510 4942 706 5015 pretati
762 4953 913 4997 sunt.
970 4942 1037 4997 Et
1077 4946 1255 5010 sinus,
1292 4944 1409 5000 sive
1451 4944 1603 5015 juxta
1676 4946 2083 5018 Symmachum,

515 5056 534 5089 ι
596 5036 991 5091 consummatio
1033 5035 1149 5104 eius
1193 5046 1355 5107 atque
1403 5038 1666 5108 perfectio
1709 5041 1878 5095 cubiti
1922 5043 2083 5098 unius

509 5142 607 5199 per
654 5127 959 5191 circuitum,
996 5148 1013 5180 ι
1053 5128 1181 5184 illud
1232 5129 1464 5186 latenter
1497 5133 1753 5199 ostendit,
1793 5135 1935 5203 quod
1986 5133 2088 5190 Do-

512 5219 686 5275 minus
710 5226 921 5283 noster,
949 5219 1038 5288 qui
1065 5232 1191 5276 vere
1232 5222 1661 5291 propitiatorium
1709 5224 1925 5291 dicitur,
1977 5243 2085 5283 non

511 5308 685 5365 solum
722 5324 824 5380 pro
848 5312 1088 5379 peccatis
1122 5313 1346 5376 nostris,
1386 5314 1479 5368 sed
1511 5325 1610 5383 pro
1664 5316 1809 5370 omni
1858 5318 2082 5385 mundo,

508 5400 601 5472 qui
624 5414 722 5472 per
743 5400 1147 5470 quattuordecim
1183 5404 1561 5473 generationes
1580 5406 1791 5461 venerit
1815 5409 1883 5463 ab
1910 5409 2080 5464 Abra-

510 5494 637 5548 ham
663 5504 833 5559 usque
851 5491 1113 5547 ad'David
1139 5508 1168 5557 ;-
1186 5501 1241 5546 et
1269 5508 1483 5549 rursum
1502 5509 1611 5564 per
1652 5496 1785 5553 alias
1823 5508 2081 5568 quatuor—

509 5580 687 5637 decim
729 5593 903 5649 unum
950 5582 1017 5636 ad
1063 5583 1431 5653 captivitatem
1483 5583 1780 5653 Jechonlas,
1825 5599 1881 5642 et
1938 5588 2086 5660 ejus-

511 5674 634 5727 dem
671 5671 1261 5727 mmeri‘sacramento
1290 5673 1356 5727 ad
1394 5682 1605 5729 terrena
1634 5676 1995 5743 descenderit,
2028 5689 2088 5733 ut

512 5762 567 5817 in
596 5760 750 5816 tertia
791 5761 1277 5834 τισοαρακαιδικάδι
1319 5772 1374 5818 et
1408 5764 1573 5819 divini
1621 5767 1858 5823 muneris
1904 5784 2085 5823 saera-

2187 3303 2387 3357 virtute
2414 3302 2466 3355 in
2496 3302 2753 3357 virtutem
2787 3296 2958 3371 (Prol.
2984 3298 3233 3371 Lxxxm).
3270 3319 3289 3352 ι

2264 3434 2283 3466 ‹
2314 3413 2382 3469 Ει
2423 3412 2560 3468 dixit
2590 3412 2656 3468 ad
2686 3427 2772 3468 me
2799 3431 2812 3467 :
2840 3411 2941 3466 Fili
2984 3411 3239 3478 hominis,
3273 3412 3392 3467 hate
3421 3412 3551 3468 dicit
3597 3413 3783 3470 Domi-

2194 3526 2211 3559 t
2249 3523 2349 3562 nus
2375 3507 2555 3561 Deus:
2584 3506 2649 3561 lli
2672 3514 2799 3560 sunt
2824 3506 2959 3560 ritus
2995 3504 3206 3583 altaris,
3237 3505 3292 3559 in
3329 3521 3654 3576 quacunque
3690 3509 3781 3561 die

2191 3616 2209 3649 ι
2244 3596 2408 3653 fuerit
2454 3594 2802 3659 fabricatum,
2830 3604 2891 3649 ut
2934 3593 3196 3650 offeratur
3243 3608 3405 3663 super
3453 3594 3586 3649 illud
3623 3595 3782 3650 holo-

2191 3709 2209 3739 ι
2245 3696 2488 3744 caustum
2525 3695 2577 3742 et
2600 3685 2905 3743 effundatur
2926 3685 3174 3754 sanguis;
3204 3693 3259 3740 et
3288 3685 3443 3739 dabis
3478 3686 3781 3740 sacerdoti-

2191 3798 2209 3830 ι
2245 3779 2347 3835 bus
2375 3787 2431 3833 et
2460 3778 2657 3843 levitis,
2695 3777 2785 3847 qui
2831 3784 2957 3831 sunt
2989 3776 3054 3831 de
3081 3775 3287 3831 semine
3326 3774 3522 3839 Sadoc,
3568 3776 3660 3845 qui
3688 3792 3783 3832 ac-

2192 3888 2209 3919 ι
2247 3869 2443 3924 cedunt
2477 3867 2543 3922 ad
2571 3882 2676 3932 me,
2703 3865 3058 3921 aitDominus
3088 3865 3249 3928 Deus,
3291 3873 3351 3919 ut
3373 3863 3606 3919 offerant
3644 3866 3781 3921 mibi

2191 3980 2209 4012 ι
2245 3960 2473 4015 vitulum
2504 3959 2570 4014 de
2596 3966 2846 4014 armento
2885 3972 2984 4027 pro
3020 3965 3262 4027 peccato.
3292 3956 3359 4011 Et
3389 3972 3674 4013 assumens
3712 3957 3783 4013 de

2192 4073 2209 4106 ι
2248 4052 2506 4123 sanguine
2533 4050 2653 4121 ejus
2681 4066 2850 4121 pones
2872 4065 3035 4121 super
3066 4059 3300 4119 quatuor
3339 4064 3563 4112 cornua,
3593 4059 3651 4103 et
3694 4065 3785 4105 su-

2192 4163 2210 4196 ι
2247 4158 2342 4213 per
2374 4151 2607 4212 quatuor
2634 4140 2857 4212 angulos
2896 4140 3206 4211 crepidinis,
3240 4147 3295 4194 et
3324 4154 3488 4209 super
3523 4155 3781 4196 coronant

2193 4255 2211 4280 ι
2248 4236 2300 4288 in
2329 4232 2577 4298 circuitu,
2602 4241 2659 4287 et
2678 4230 2964 4285 mundabis
2992 4230 3121 4285 illud
3160 4238 3213 4286 et
3240 4231 3501 4300 expiabis.
3534 4230 3603 4285 Et
3627 4231 3784 4287 tolles

2194 4345 2212 4379 ι
2250 4325 2495 4389 vitulum,
2527 4327 2616 4395 qui
2644 4324 2855 4380 oblatus
2883 4323 3040 4379 fuerit
3073 4340 3171 4395 pro
3190 4332 3437 4395 peccato,
3476 4333 3531 4379 et
3558 4328 3785 4381 combu-

2194 4435 2212 4469 t
2251 4432 2339 4472 res
2377 4416 2526 4472 illum
2572 4417 2626 4470 in
2660 4423 2913 4484 separato
2962 4414 3081 4470 loco
3121 4414 3314 4469 domus
3338 4424 3496 4469 extra
3526 4425 3783 4471 sanctua-

2195 4529 2213 4562 ι
2251 4510 2411 4564 rium.
2437 4508 2505 4564 Et
2536 4508 2589 4563 in
2617 4507 2703 4561 die
2738 4506 2973 4562 secunda
3011 4504 3209 4561 offeres
3248 4506 3462 4561 hircum
3494 4521 3783 4577 caprarum

2198 4620 2216 4652 ι
2254 4600 2654 4655 immaculatum
2682 4614 2780 4669 pro
2806 4607 3049 4669 peccato,
3075 4608 3131 4653 et
3157 4598 3453 4668 expiabunt
3478 4599 3647 4655 altare
3675 4600 3786 4654 sic-

2198 4710 2215 4741 ι
2254 4699 2312 4744 ιιι
2359 4690 2712 4761 expiaverunt
2755 4688 2808 4742 in
2844 4688 3031 4744 vitulo.
3065 4707 3083 4739 ι
3145 4685 3420 4759 (nierum)
3486 4687 3783 4757 Postquam

2190 4781 2467 4851 prophetae
2491 4779 2814 4834 monstravit
2839 4777 3009 4832 altare
3035 4786 3089 4831 et
3115 4778 3356 4832 cubitum
3400 4776 3516 4846 ejus
3542 4779 3787 4833 cubitos-

2194 4885 2300 4939 que
2352 4868 2506 4933 duos,
2540 4877 2595 4923 et
2627 4883 2841 4923 rursum
2873 4866 3132 4931 cubitum,
3164 4875 3222 4921 et
3269 4876 3503 4937 quatuor
3546 4868 3780 4931 cubitos,

2192 4969 2247 5013 et
2299 4960 2457 5014 tertio
2501 4960 2775 5023 cubitum,
2830 4957 3113 5013 duodecim
3159 4973 3374 5028 quoque
3429 4958 3638 5013 cubitos
3684 4974 3783 5029 per

2190 5049 2323 5104 alios
2380 5050 2683 5113 duodecim,
2734 5059 2787 5103 et
2840 5057 3073 5117 quatuor
3123 5049 3313 5103 altaris
3360 5048 3777 5111 cornua,-Ariel

2189 5155 2403 5209 quoque
2431 5140 2712 5194 duodecim
2744 5138 3045 5193 cubitorum
3072 5154 3170 5209 per
3192 5139 3476 5196 duodecim
3500 5139 3709 5193 cubitos
3726 5149 3779 5192 et

2190 5228 2543 5297 crepidinem,
2593 5227 2696 5282 hoc
2736 5236 2838 5290 est,
2890 5227 3320 5296 propitiatorium
3370 5228 3775 5297 quatuortlecim

2192 5319 2495 5373 cubitorum
2525 5331 2620 5385 per
2646 5316 3050 5385 quatuordecim
3081 5317 3313 5382 cubitos,
3358 5331 3614 5373 coronam
3647 5333 3779 5387 quo-

2192 5423 2298 5479 que
2327 5406 2485 5469 illius,
2532 5416 2587 5461 et
2630 5406 2807 5460 sinum
2838 5407 3061 5462 dimidio
3098 5407 3285 5463 cubito
3326 5423 3425 5478 per
3473 5408 3781 5491 circuitum.

2186 5497 2498 5568 gradusque
2536 5497 2603 5549 ad
2633 5496 2923 5561 orientem,
2955 5511 3182 5565 quorum
3212 5497 3451 5554 incertus
3479 5508 3561 5554 est
3591 5517 3782 5558 nume-

2189 5601 2305 5651 ros,
2335 5587 2548 5642 locutus
2570 5595 2655 5641 est
2678 5585 2785 5651 vir,
2821 5584 2976 5655 cujus
2998 5586 3241 5642 calamus
3263 5596 3318 5641 et
3363 5585 3636 5645 funiculus
3662 5602 3783 5645 erat

2195 5682 2247 5735 in
2273 5697 2456 5745 manu,
2485 5688 2539 5734 et
2580 5681 2734 5735 docet
2763 5696 2909 5744 eum,
2940 5682 3207 5751 quomodo
3251 5681 3438 5737 altaris
3462 5700 3627 5754 opere
3658 5701 3783 5755 per-

2198 5769 2341 5826 fecto
2364 5770 2533 5825 altare
2555 5770 2745 5826 debeat
2774 5770 2979 5841 expiari
3013 5773 3125 5828 sive
3150 5777 3479 5829 consecrari.
3515 5775 3778 5831 Primum
