3950 6330
203 387 313 443 997

1133 384 1484 442 ΟΟΜΜΕΝΤ.
1525 382 1590 439 IN
1633 382 2081 438 EZECIIEEIE“.
2124 411 2191 420 —
2230 379 2356 433 LIB.
2398 378 2560 433 XVII.

3365 375 3468 433 908

205 509 316 564 qne
340 492 569 550 otfertur
588 494 805 548 victima
841 502 896 549 et
918 493 1076 548 datur
1109 494 1480 548 sacerdotibus
1513 492 1580 547 de
1606 506 1803 562 genere
1830 498 1877 556 Α
1905 504 2107 559 genere
2136 488 2203 542 ad
2248 488 2606 557 expiationem
2662 485 3124 541 immunditiarum
3170 492 3475 538 nostrarum

204 586 339 641 Levi
359 627 373 649 ,
396 586 488 657 qui
511 595 639 640 sunt
662 587 728 641 de
757 602 954 656 genere
976 586 1168 640 Sadoc.
1195 585 1539 655 Oﬂ'erturque
1568 586 1798 650 vitulus;

206 678 440 735 vitulum
470 688 649 734 autem
674 679 764 749 qui
794 693 893 749 pro
919 678 1073 733 nolzis
1104 678 1416 733 immolatus
1438 687 1539 741 est,
1558 688 1611 731 et
1635 677 1803 730 multa

209 768 617 838 Scripturarum
637 768 774 830 loca,
795 776 850 822 et
863 768 1133 838 praecipue
1148 767 1406 821 Barnahm
1421 766 1667 836 epistola,
1683 781 1805 835 quae

210 859 445 912 habetur
468 858 611 913 inter
632 857 931 926 scripturas
951 856 1307 927 apocryphas,
1334 858 1595 910 nominat.
1613 857 1678 909 Et
1694 855 1806 909 hir-

209 963 310 1002 cus
327 962 621 1017 caprarum
645 948 883 1002 secundo
897 946 1120 1001 oﬂ‘ertnr
1134 946 1224 1001 die
1243 965 1254 998 :
1272 948 1413 1001 unde
1433 957 1488 1001 et
1508 947 1709 1016 pascha
1726 941 1806 999 fa-

210 1037 356 1091 cturi
379 1045 662 1090 assumunt
682 1036 748 1091 de
769 1050 932 1107 grege
952 1051 1147 1107 agnum
1170 1044 1224 1089 et
1247 1036 1455 1091 haedum
1476 1055 1488 1089 :
1507 1044 1562 1091 et
1582 1052 1671 1106 qui
1695 1037 1806 1105 pri-

214 1142 362 1181 mum
388 1127 589 1197 pascha
616 1125 795 1181 facere
818 1142 922 1181 non
941 1134 1255 1195 potuerunt,
1279 1128 1333 1181 in
1362 1127 1599 1182 secundo
1620 1141 1805 1181 mense

211 1215 445 1281 faciunt,
475 1233 704 1287 quorum
733 1217 962 1272 alterum
987 1217 1055 1272 ad
1076 1217 1254 1286 justos
1283 1217 1547 1286 pertinet,
1585 1226 1635 1271 et
1674 1216 1806 1272 alte—

215 1320 339 1359 rum
384 1304 455 1359 ad
497 1304 845 1374 pmnitentes.
873 1302 1053 1376 (lsid.)
1083 1305 1219 1372 Quia
1268 1306 1413 1362 enim
1443 1306 1690 1361 Christus
1722 1321 1807 1360 se-

212 1395 458 1451 cundum
487 1412 706 1451 carnem
733 1398 802 1453 de
833 1396 1053 1463 ludatis,
1096 1397 1187 1468 qui
1214 1400 1315 1454 sub
1340 1398 1470 1470 jugo
1498 1399 1633 1470 legis
1662 1399 1807 1454 vive-

211 1482 367 1551 bant,
394 1498 547 1541 ortus
586 1497 689 1551 est,
740 1496 888 1543 recte
925 1488 1078 1542 vituli
1117 1488 1445 1544 sacriﬁcium
1475 1490 1802 1545 nominatur.

215 1575 317 1642 Qui
357 1588 538 1631 autem
567 1579 862 1633 secundum
899 1578 1042 1648 quod
1082 1578 1398 1633 incarnatus
1425 1588 1544 1634 erat
1565 1581 1633 1634 de
1659 1596 1805 1637 como

215 1670 367 1724 muni
399 1686 578 1726 massa
610 1672 890 1726 hominum
934 1671 1111 1727 factus
1138 1680 1242 1736 est,
1283 1680 1571 1741 propterea
1618 1688 1806 1731 rursus

216 1762 406 1817 hircus
444 1763 758 1834 appellatur.
790 1764 1053 1834 Asperum
1093 1764 1239 1818 enim
1286 1765 1387 1819 hoc
1425 1764 1625 1818 animal
1666 1764 1804 1834 pilo—

1906 581 2117 636 obtulit.
2170 579 2408 646 Quarum
2438 577 2942 632 immunditiarum?
2971 578 3022 632 id
3050 585 3133 630 est
3160 593 3177 625 ι
3214 590 3243 627 a
3274 590 3478 645 pracva-

1904 669 2251 724 ricationibus
2301 682 2511 731 eorum,
2561 667 2754 736 inquit,
2800 668 3116 736 cunctisque
3157 674 3345 736 peccat
3368 681 3413 719 s.
3453 685 3471 718 ι

1903 761 2110 816 Animae
2137 760 2337 829 quippe
2368 759 2705 814 immunditia
2741 772 2844 811 non
2875 759 3069 812 mortui
3102 757 3345 827 pollutio,
3370 772 3477 811 non

1902 853 2158 923 porcinus
2185 852 2360 917 cibus,
2412 865 2518 904 non
2559 849 2834 919 quippiam
2886 848 3030 901 aliud
3069 849 3243 902 simile
3296 857 3477 909 nocet,

1901 947 1998 1002 sed
2032 959 2229 1001 nocere
2279 944 2526 1014 proximo
2550 950 2633 995 est
2674 950 2729 994 et
2776 954 3000 1010 peccare
3046 940 3098 992 in
3153 938 3341 1001 Deum,
3396 938 3478 992 vel

1906 1042 2157 1096 mandata
2208 1039 2303 1094 Dei
2350 1046 2720 1093 contemnere.
2780 1035 3090 1107 (Hieron.)
3161 1034 3254 1089 Sin
3304 1044 3481 1089 autem

1905 1130 2047 1185 LXX
2076 1129 2230 1186 nobis
2272 1128 2644 1197 interpretatio
2670 1127 2866 1195 placet,
2896 1128 2986 1195 qui
3021 1126 3290 1188 dixerunt,
3334 1144 3353 1175 ι
3388 1126 3484 1179 Die

1905 1224 2084 1274 autem
2121 1216 2357 1273 secundo
2385 1214 2571 1269 tollent
2598 1216 2780 1269 hmdos
2812 1214 2948 1269 duos
2976 1214 3352 1268 immaculatus
3381 1229 3481 1284 pro

1903 1319 2147 1382 peccato,
2168 1329 2185 1361 ι
2207 1308 2383 1363 audax
2405 1306 2620 1376 quidem
2649 1314 2734 1359 est
2761 1306 2901 1375 quod
2926 1306 3121 1359 dicturi
3151 1320 3354 1367 sumus,
3387 1306 3483 1360 sed

1905 1408 2088 1455 tamen
2132 1400 2359 1454 aliorum
2416 1396 2735 1466 simpliciter
2781 1395 3025 1465 ponenda
3069 1396 3334 1449 sententia
3380 1405 3485 1460 est,

1904 1491 2000 1560 qui
2030 1491 2173 1544 aiunt
2203 1492 2336 1544 duos
2363 1488 2547 1543 haedos
2595 1486 2967 1541 itnmaculatos
3022 1473 3242 1556 propter
3277 1488 3484 1556 passio.

1909 1598 2030 1638 nem
2059 1582 2270 1638 Domini
2294 1581 2505 1637 oblatos
2525 1596 2645 1636 esse
2673 1581 2739 1635 ad
2769 1581 2938 1634 altare
2967 1580 3200 1646 Domini,
3227 1578 3485 1635 Iacobum

1902 1682 1965 1728 et
1979 1672 2331 1742 Stephanum,
2349 1686 2578 1740 quorum
2602 1668 2740 1724 alter
2760 1670 2824 1723 de
2856 1669 3217 1739 apostolorum
3240 1682 3484 1735 numero,

1912 1763 2047 1817 alter
2072 1762 2140 1818 de
2167 1772 2371 1833 septem
2397 1762 2585 1817 electis
2614 1762 2669 1815 in
2699 1761 3059 1817 ministerium
3104 1760 3315 1816 Domini
3344 1763 3483 1831 prin-

216 1867 341 1906 runt
392 1852 767 1907 indumentum
815 1853 973 1923 gerit,
1012 1868 1265 1921 asperum
1313 1860 1372 1907 ut
1418 1861 1545 1921 pote
1581 1864 1805 1922 peccato
1836 1856 1881 1915 Β
1910 1868 2038 1923 ceps
2092 1851 2213 1906 fuit.
2275 1851 2381 1906 Iste
2424 1860 2508 1907 est
2576 1850 2810 1906 Jacobus
2878 1852 2968 1921 qui
3042 1852 3487 1907 transformatum

216 1941 477 1995 refertum
498 1956 659 1996 omne
689 1942 986 1996 viventium
1016 1957 1205 2012 genus,
1232 1943 1358 2011 quia
1388 1943 1521 1996 nihil
1560 1953 1643 1996 est
1686 1959 1811 2013 pec-

213 2041 344 2086 cato
378 2031 642 2101 asperius.
684 2032 837 2088 Unde
860 2033 964 2088 hoc
986 2041 1173 2102 aperte
1208 2035 1508 2103 approbare
1534 2034 1813 2104 legislator

218 2120 406 2175 volens
436 2138 451 2174 :
483 2139 500 2171 ι
531 2121 775 2190 Cumque
810 2122 1155 2188 mactaverit,
1206 2123 1403 2193 inquit,
1456 2123 1665 2178 hircum
1714 2139 1810 2193 pro

214 2219 442 2281 peccato
470 2211 673 2283 pepuli,
705 2231 725 2264 ι
753 2220 925 2267 totum
953 2213 1043 2268 hic
1069 2212 1373 2284 intelligens
1403 2214 1695 2267 humanum
1720 2229 1812 2284 ge-

215 2318 343 2367 uus,
370 2303 515 2372 quod
542 2303 814 2372 quondam
865 2318 969 2358 non
1004 2303 1257 2374 populus,
1288 2319 1431 2357 nunc
1473 2304 1718 2373 populus,
1743 2320 1810 2357 ex

210 2408 328 2465 quo
357 2394 423 2448 de
467 2394 626 2449 nobis
657 2394 929 2465 primitias
966 2394 1125 2450 Jesus
1168 2395 1437 2464 suscepit;
1468 2409 1596 2464 ergo
1625 2402 1684 2448 ut
1720 2395 1811 2449 de-

214 2494 550 2542 monstraret
571 2488 637 2542 de
670 2486 873 2542 Iudaeis
898 2489 1115 2558 quidem
1146 2488 1514 2558 principaliter
1535 2488 1810 2542 Christum

213 2586 443 2647 propter
480 2578 756 2633 Abraham
790 2580 1167 2651 cognationem
1196 2593 1335 2642 esse,
1369 2580 1465 2634 sed
1492 2588 1667 2632 tamen
1690 2594 1809 2633 om-

116 2688 125 2699 ·
214 2670 308 2725 uis
355 2678 555 2724 nostra:
600 2679 828 2737 naturae,
867 2686 989 2741 qua:
1031 2672 1084 2725 in
1134 2678 1359 2740 peccato
1393 2677 1496 2734 est,
1546 2670 1813 2739 primitias

213 2771 462 2834 portare,
509 2772 730 2834 propter
755 2766 901 2834 quod
928 2773 986 2821 et
1015 2764 1187 2819 Adam
1236 2762 1538 2834 appellatus
1579 2771 1699 2817 est:
1734 2763 1812 2817 vi-

216 2855 392 2910 tulum
437 2856 597 2910 simul
623 2864 677 2912 et
704 2858 913 2913 hircum
944 2857 1030 2913 lex
1062 2858 1127 2913 ad
1157 2856 1383 2928 ﬁguram
1410 2854 1663 2911 sacriﬁcii
1697 2855 1811 2923 ejus

214 2945 533 3014 assumpsit.
560 2944 695 3001 Cum
724 2956 906 3001 autem
952 2963 1119 3003 unum
1147 2948 1217 3002 sit
1242 2946 1566 3003 sacriﬁcium
1597 2947 1710 3001 sive
1738 2947 1812 3000 vi-

1912 1939 2247 1997 Salvatorem
2276 1941 2410 1995 vidit
2456 1942 2510 1996 in
2539 1950 2743 2006 monte,
2790 1942 2881 2010 qui
2912 1953 3282 2013 resurgentem
3324 1943 3488 1998 filiam

1909 2033 2335 2105 Arehisynagogi
2386 2048 2510 2088 cum
2576 2034 2806 2088 Domino
2865 2033 3136 2103 Petroque
3185 2042 3239 2089 et
3272 2032 3491 2090 Joanne

1911 2125 2134 2180 intuitus
2178 2133 2293 2188 est,
2340 2125 2436 2195 qui
2487 2125 2541 2179 in
2591 2127 2849 2199 καταλόγῳ
2877 2126 3267 2197 apostolorum,
3301 2128 3352 2181 in
3379 2143 3491 2198 quo

1910 2217 2033 2272 hina
2073 2218 2372 2288 junguntur
2395 2216 2629 2281 nomina,
2654 2218 2802 2286 prior
2838 2217 3008 2273 fratre
3050 2220 3288 2287 ponitur.
3336 2218 3490 2274 Ilunc

1913 2307 2184 2362 interfecit
2231 2307 2489 2373 Herodes,
2536 2315 2593 2361 et
2639 2309 2794 2378 quasi
2825 2309 3039 2363 haedum
3086 2309 3492 2364 immaculatum

1910 2407 2032 2469 post
2054 2400 2357 2469 passionem
2388 2399 2686 2456 Salvatoris
2708 2402 2760 2455 in
2789 2402 2874 2456 die
2902 2402 3491 2457 immolavit-secunda.

1913 2490 2246 2562 Stephanum
2298 2507 2513 2563 quoque
2543 2493 2695 2561 cuius
2722 2494 2998 2564 sapientia:
3045 2504 3207 2565 atque
3236 2496 3495 2550 doctrina:

1912 2581 2092 2636 nullus
2118 2591 2329 2652 poterat
2358 2584 2634 2648 resistere,
2667 2592 2722 2637 et
2755 2584 2843 2654 qui
2878 2592 3108 2638 stantem
3140 2584 3274 2639 vidit
3296 2584 3492 2640 Filium

1911 2673 1978 2727 ad
2009 2673 2284 2727 dexteram
2315 2672 2511 2739 Patris,
2535 2683 2591 2730 et
2617 2671 2771 2740 dixit,
2797 2695 2813 2725 ι
2841 2675 3065 2729 Domine
3092 2673 3217 2730 Jesu
3237 2716 3253 2742 ,
3283 2676 3498 2747 suscipe

1911 2765 2157 2836 spiritum
2176 2782 2375 2832 meum,
2398 2786 2416 2818 ι
2437 2767 2700 2838 lapidibus
2711 2768 2940 2823 obruere
2955 2766 3123 2823 Judaei
3140 2768 3275 2840 (Act.
3294 2768 3491 2842 vr,vu).

1914 2856 1983 2910 Et
2010 2857 2282 2925 quomodo
2307 2858 2569 2926 quosdam
2597 2859 2933 2913 credentium
2973 2860 3244 2930 primitias
3272 2861 3495 2917 Achaia:

1911 2956 1966 3000 et
1990 2946 2133 3001 Asia:
2159 2946 2446 3015 Apostolus
2475 2950 2716 3002 nominat
2755 2948 2803 3021 (I
2876 2946 3161 3021 607.1"),
3218 2951 3300 3005 sic
3322 2960 3377 3006 et
3405 2952 3496 3007 isti

215 3033 386 3098 tulus,
438 3034 553 3088 sive
601 3035 786 3090 hircus
832 3038 1161 3104 nominetur,
1202 3037 1530 3108 ell'ectusque
1572 3054 1712 3093 unus
1755 3039 1809 3093 in
1902 3038 2162 3108 primitiae
2187 3038 2335 3094 fuere
2386 3049 2685 3111 martyrum
2709 3055 2844 3110 quos
2884 3040 3087 3097 Christi
3136 3050 3323 3111 postea
3366 3058 3496 3098 cono

213 3131 509 3192 utrumque
552 3124 621 3179 sit
673 3122 1049 3196 (peccatorum
1097 3128 1241 3181 enim
1277 3142 1345 3181 ex
1391 3143 1456 3182 eo
1494 3126 1811 3199 proﬂigatut'

1917 3128 2083 3184 fessio
2132 3128 2438 3183 coronavit.
2494 3129 2562 3183 Et
2608 3130 2710 3185 hoc
2758 3131 3050 3185 notandum
3100 3132 3241 3199 quod
3295 3131 3497 3187 vitulus

212 3211 509 3285 absolutio)
561 3215 868 3270 necessarie
918 3216 1228 3270 communia
1279 3226 1405 3272 sunt
1457 3232 1520 3273 ea
1576 3234 1696 3288 qua:
1749 3218 1803 3273 in
1833 3211 1877 3273 C
1912 3228 2053 3273 totus
2080 3218 2304 3274 oﬁ'ertur
2336 3220 2391 3273 in
2429 3219 2820 3286 holocaustum,
2851 3230 2926 3274 'et
2953 3221 3258 3276 crassitudo
3304 3238 3499 3293 corpo-

214 3303 373 3360 hirco
395 3314 629 3376 aguntur
651 3316 706 3361 et
733 3308 920 3362 vitulo.
953 3307 1144 3363 Cernis
1171 3309 1316 3363 enim
1355 3311 1447 3379 qui
1480 3310 1690 3365 hircum
1713 3326 1805 3364 oc-

215 3396 405 3451 cidens
425 3404 551 3451 ante
573 3397 858 3451 Dominum
882 3398 1132 3453 videlicet
1151 3398 1389 3464 Patren,
1414 3408 1464 3453 et
1490 3402 1807 3471 sanguinem

214 3484 459 3541 inferens
480 3486 535 3540 in
565 3486 825 3542 interiora
854 3487 1159 3554 velaminis,
1184 3489 1237 3543 id
1262 3498 1367 3553 est,
1393 3490 1457 3543 ad
1481 3488 1718 3545 Patrem.
1743 3492 1810 3544 Et

212 3575 402 3645 expiet
425 3577 798 3631 sanctuarium
819 3579 888 3633 ah
913 3578 1272 3635 immunditiis
1294 3579 1527 3635 ﬁliorum
1554 3580 1742 3645 Israel,
1757 3592 1812 3635 et

212 3684 246 3721 ιι
278 3667 816 3737 ρνωνετίωιὶυηίὺυε
854 3683 1042 3725 eorum
1081 3672 1400 3741 cunctisque
1438 3672 1693 3741 peccatis.
1721 3672 1812 3725 Vi-

212 3758 376 3813 detur
399 3758 616 3827 quidem
640 3759 707 3813 de
728 3759 1073 3814 tabernacqu
1096 3760 1296 3816 dicere.
1320 3760 1463 3815 Dicit
1500 3772 1678 3815 autem
1701 3778 1808 3817 non

213 3849 285 3903 de
306 3858 397 3913 eo,
433 3849 523 3917 qui
547 3848 730 3903 sensui
752 3849 997 3919 suhjacet
1016 3850 1166 3921 (quid
1184 3852 1331 3906 enim
1352 3852 1677 3921 expiationis
1715 3868 1810 3907 seu

213 3939 618 4009 propitiationis
643 3948 887 4010 agerent,
918 3941 1114 4011 quidve
1149 3942 1320 4013 pelles
1359 3942 1446 3999 vel
1486 3944 1711 4014 reliqua,
1743 3960 1810 3999 ex

213 4030 420 4099 quibus
439 4030 845 4084 tabernaculum
865 4028 1175 4086 Iudaeorum
1199 4032 1345 4102 quod
1366 4035 1548 4089 sensui
1567 4035 1813 4105 subjace-

215 4124 335 4187 hat,
353 4120 659 4178 confectum
673 4122 813 4194 erat)
833 4124 927 4178 sed
940 4125 1347 4195 generalitatem
1364 4128 1477 4181 sive
1491 4134 1658 4181 totam
1682 4127 1813 4181 dicit

217 4214 504 4270 hominum
519 4213 775 4283 speciem.
795 4213 991 4269 Sancta
1006 4215 1149 4269 enim
1164 4215 1266 4269 fuit
1278 4217 1345 4271 ab
1361 4216 1514 4271 initio
1531 4232 1708 4273 massa
1726 4234 1816 4273 no-

214 4305 448 4371 stra,ita
469 4315 528 4358 ut
554 4304 647 4358 Dei
682 4305 734 4357 in
761 4319 826 4359 ea
857 4304 1123 4359 habitaret
1162 4307 1400 4376 spiritus.
1434 4306 1583 4373 Quod
1601 4310 1817 4364 demon-

217 4400 427 4450 stratur
451 4408 515 4449 ex
539 4408 604 4449 eo
628 4395 771 4464 quod
798 4393 1012 4449 auferre
1047 4395 1177 4449 illud
1209 4396 1449 4451 irascens
1472 4398 1710 4453 minatus
1733 4408 1818 4455 est

215 4484 392 4550 Deus,
405 4486 620 4555 quando
636 4486 690 4541 hi
712 4487 803 4556 qui
820 4501 889 4541 ex
905 4485 1039 4541 Seth
1054 4488 1474 4554 descendebant,
1488 4505 1611 4544 cum
1632 4500 1816 4546 essent

1909 3310 1984 3364 ris
2012 3309 2128 3377 ejus
2170 3308 2355 3363 divino
2396 3309 2517 3379 igne
2549 3310 2903 3363 consumitur.
2939 3309 3052 3364 Etsi
3092 3310 3235 3364 enim
3274 3326 3499 3366 novera-

1908 3414 2029 3453 tnus
2048 3398 2343 3462 Christum,
2376 3400 2469 3453 sed
2485 3397 2599 3467 jam
2622 3413 2765 3453 nunc
2794 3415 2899 3453 non
2929 3399 3177 3455 novimus
3202 3403 3494 3457 secundum

1910 3506 2146 3544 carnem.
2187 3489 2420 3545 Jacobus
2454 3498 2632 3544 autem
2670 3498 2727 3544 et
2765 3489 3099 3560 Stephanus,
3132 3492 3221 3561 qui
3260 3493 3497 3548 secunda

1909 3580 1997 3634 die
2041 3580 2205 3634 oblati
2250 3590 2393 3646 sunt,
2449 3581 2564 3635 sive
2602 3580 2807 3645 hircus,
2833 3581 2924 3650 qui
2967 3582 3121 3651 juxta
3169 3581 3492 3638 Hebraicum

1912 3682 2181 3739 narratur,
2233 3674 2457 3729 oti'ertur
2485 3674 2701 3744 quidem
2750 3676 2802 3729 in
2854 3676 3072 3730 victima
3102 3676 3195 3731 sed
3240 3678 3495 3734 holocau~

1912 3773 2053 3819 stum
2105 3767 2405 3836 prteseutize
2454 3768 2663 3821 Domini
2734 3778 3062 3822 reservatur.
3113 3768 3265 3837 Quod
3314 3781 3494 3826 autem

1913 3856 2123 3910 tollitur
2144 3857 2368 3927 sanguis
2397 3858 2463 3912 de
2510 3872 2619 3926 quo
2652 3856 2890 3927 loquitur
2925 3858 3157 3914 Petrus:
3220 3878 3239 3911 ι
3274 3860 3500 3916 Redeat-

1914 3946 1990 4016 pti
2041 3960 2227 4000 sumus
2264 3962 2329 4001 ex
2370 3963 2507 4001 vana
2564 3958 2749 4002 nostra
2799 3952 3211 4007 conversatione
3260 3961 3500 4023 paterna:

1914 4038 2219 4092 traditionis
2263 4039 2502 4107 pretioso
2551 4040 2812 4111 sanguine
2874 4039 3077 4095 Christi
3140 4041 3193 4113 (I
3233 4041 3378 4097 Petr.
3433 4044 3494 4114 ι).

1916 4128 1983 4183 Et
2012 4128 2210 4184 Paulus
2236 4132 2514 4199 apostolus
2537 4132 2731 4186 docet:
2769 4150 2786 4181 ι
2824 4131 3005 4187 Pretio
3052 4134 3311 4204 redempti
3363 4141 3497 4190 estis

1917 4218 1936 4291 (
1955 4221 1983 4274 Ι
2015 4219 2136 4275 Cor.
2168 4220 2299 4291 vn).
2342 4241 2359 4273 ι
2394 4223 2461 4276 Ει
2490 4224 2543 4276 in
2573 4223 2677 4278 alio
2700 4224 2855 4278 loco:
2900 4243 2918 4275 ι
2949 4224 3141 4280 Pacem
3174 4226 3377 4282 faciens
3404 4245 3500 4297 per

1917 4312 2230 4381 sanguinem
2263 4313 2439 4367 crucis
2465 4328 2594 4378 suae,
2628 4313 2742 4368 sive
2770 4314 2823 4367 in
2851 4322 3025 4380 terra,
3058 4316 3171 4371 sive
3200 4333 3360 4388 super
3388 4333 3499 4373 co:-

1918 4406 1998 4462 Ios
2029 4405 2259 4478 (Colass.
2295 4404 2398 4478 1).»
2430 4406 2562 4461 Illud
2601 4408 2867 4478 signiﬁcat
2898 4409 3039 4478 quod
3081 4411 3338 4480 sanguine
3375 4410 3493 4469 Sa!-

1919 4498 2129 4552 vatoris
2151 4506 2386 4566 quatuor
2412 4513 2615 4553 cornua
2664 4498 3018 4567 puriﬁcentnr
3066 4500 3272 4565 altaris,
3326 4502 3375 4556 id
3415 4515 3496 4559 est

211 4576 371 4647 justi,
416 4587 473 4631 et
500 4576 595 4631 ﬁlii
625 4577 719 4632 Dei
747 4577 1169 4647 appellarentur,
1221 4580 1667 4649 eoncupiscentes
1712 4596 1811 4635 eas
1846 4559 1894 4619 Ῐ)
1919 4559 2389 4656 (ιιιειιιιοτίιηιηιιί
2420 4587 2609 4657 plagm.
2666 4559 3095 4657 'Aspel'giturqttc
3124 4559 3322 4644 corona
3376 4608 3498 4661 pro-

216 4682 345 4738 qua:
367 4676 423 4723 et
445 4666 567 4723 ﬁlia:
586 4667 866 4722 hominum
890 4667 1229 4732 dicebantur,
1267 4669 1424 4723 unius
1448 4671 1661 4740 generis
1683 4687 1808 4725 cum

218 4758 385 4814 ma‘lis
412 4766 467 4812 et
490 4758 687 4827 iniquis
711 4757 889 4813 effecti
918 4766 1063 4813 sunt.
1089 4760 1237 4813 Dixit
1264 4760 1408 4813 enim
1435 4762 1513 4815 sic
1535 4778 1547 4814 :
1570 4781 1587 4813 ‹
1613 4762 1811 4817 Viden—

221 4860 306 4907 tes
332 4851 427 4905 ﬁlii
480 4850 575 4904 Dei
606 4850 747 4903 tilias
798 4850 1076 4905 hominum
1126 4852 1268 4925 quod
1317 4859 1501 4906 essent
1549 4852 1807 4920 pulchrae,

220 4948 553 5012 acceperunt
586 4941 689 4996 sibi
716 4955 916 4995 uxores
940 4956 1008 4995 ex
1030 4942 1283 4996 omnibus
1330 4956 1468 5011 quas
1512 4943 1805 5013 elegerant.

224 5031 293 5086 Et
322 5032 461 5085 dixit
502 5030 762 5085 Dominus
812 5030 992 5085 Deus:
1053 5029 1169 5085 Non
1199 5031 1539 5101 permanebit
1588 5032 1813 5102 spiritus

225 5140 380 5181 meus
407 5125 460 5178 in
494 5125 710 5180 homine
735 5124 789 5177 in
810 5132 1094 5188 aeternum,
1118 5124 1242 5192 quia
1267 5138 1395 5177 caro
1423 5132 1509 5178 est
1536 5121 1687 5195 (Gen.
1713 5126 1811 5195 vi).

225 5217 374 5288 Ergo
400 5217 442 5273 si
495 5216 774 5272 habitabat
815 5215 1039 5285 spiritus
1086 5215 1179 5269 Dei
1212 5217 1265 5270 in
1310 5216 1622 5271 hominibus
1666 5228 1817 5271 antc-

226 5326 393 5383 quam
424 5326 614 5366 omnes
636 5311 785 5381 sequi
802 5313 1081 5381 passiones
1101 5312 1320 5366 charius
1352 5311 1669 5381 inciperent,
1686 5328 1811 5367 san-

226 5411 317 5461 cta
347 5413 495 5458 recte
523 5411 641 5457 erat
664 5403 943 5457 hominum
971 5418 1169 5457 massa.
1223 5403 1357 5457 Nam
1402 5420 1502 5459 nec
1541 5406 1814 5473 primitias

224 5508 300 5554 ex
343 5509 409 5550 ea
461 5505 682 5551 sanctus
727 5504 1039 5551 sanctorum
1086 5506 1406 5552 assumeret.
1451 5497 1585 5565 Quia
1633 5509 1811 5554 autem

225 5587 502 5647 sordidata
526 5597 631 5653 est,
680 5589 915 5658 expiavit
938 5604 1058 5645 eam
1088 5589 1157 5643 ab
1192 5591 1547 5645 immunditiis
1580 5592 1811 5647 filiorum

226 5678 418 5740 Israel.
450 5679 757 5736 Secundum
791 5681 1051 5737 rationem
1077 5699 1175 5752 pro
1202 5682 1444 5737 sensibili
1474 5684 1635 5738 Israel
1658 5685 1813 5740 Jesus

228 5771 543 5831 immolatus
584 5783 663 5830 est
692 5814 707 5839 ,
758 5782 812 5829 et
864 5774 1184 5830 sacrificium
1238 5789 1336 5842 pro
1379 5774 1524 5829 omni
1575 5775 1812 5829 humano

1913 4677 2192 4747 pttiatorii,
2248 4677 2361 4731 sive
2407 4677 2565 4730 bases
2612 4692 2708 4746 per
2754 4679 3037 4733 circuitum
3067 4719 3082 4744 ,
3136 4688 3193 4733 ιιι
3242 4682 3491 4736 universa

1910 4777 2226 4837 purgentur,
2258 4777 2313 4822 et
2344 4766 2495 4821 firma
2528 4768 2600 4822 sit
2641 4768 2969 4837 propitiatio.
3001 4769 3288 4839 Propterea
3315 4784 3496 4825 autem

1912 4858 1964 4910 in
2020 4858 2256 4911 secunda
2305 4857 2390 4911 die
2437 4860 2518 4911 vel
2573 4858 2678 4911 duo
2728 4860 2904 4922 haedi,
2959 4862 3023 4913 de
3076 4860 3271 4928 quibus
3330 4876 3493 4929 supra

1912 4949 2189 5013 diximus,
2240 4948 2323 5001 vel
2367 4948 2549 5003 hircus
2602 4950 2930 5015 assumitur,
2979 4952 3121 5019 quod
3171 4953 3367 5005 animal
3413 4962 3496 5008 est

1916 5054 2130 5109 semper
2165 5040 2233 5092 ad
2262 5040 2475 5094 excelsa
2520 5039 2781 5095 festinans
2816 5051 2870 5095 et
2900 5042 3033 5095 nihil
3076 5043 3295 5112 periculi
3334 5046 3496 5100 susti-

1915 5146 2049 5183 nens
2080 5131 2131 5182 in
2160 5130 2474 5199 pt'aacipitiis
2500 5150 2511 5183 :
2543 5141 2597 5185 et
2625 5132 2697 5185 iiii
2728 5133 2931 5186 invenit
2961 5134 3245 5197 vitam,uhi
3278 5140 3493 5191 czeteris

1917 5220 2281 5273 animantibus
2332 5220 2579 5274 interitus
2607 5231 2707 5275 est.
2752 5220 2903 5277 Unde
2942 5233 2996 5277 et
3024 5224 3213 5276 Crmco
3240 5240 3491 5280 sermone

1917 5325 2200 5379 caprarum
2230 5320 2283 5363 et
2309 5311 2581 5364 hircorum
2628 5326 2757 5380 grex
2798 5313 3104 5367 sublimium
3156 5318 3495 5371 conversatio

1919 5404 2131 5458 dicitur.
2192 5402 2360 5458 Porro
2402 5404 2572 5459 altare
2614 5404 2812 5460 Christi
2842 5407 3088 5476 expiatur
3115 5409 3393 5479 sanguine,
3440 5419 3495 5465 et

1919 5497 2189 5551 orationes
2236 5507 2544 5552 sanctorum
2593 5500 2805 5553 munda:
2834 5509 3152 5570 permanent
3189 5502 3253 5555 ad
3302 5501 3492 5557 Deum.

1922 5588 2035 5643 Hoc
2061 5602 2273 5659 quoque
2320 5592 2612 5646 notandum
2657 5595 2799 5662 quod
2820 5596 2981 5665 juxta
3020 5595 3339 5651 Hebraicum
3375 5597 3492 5668 ipse

1918 5680 2171 5736 Ezechiel
2209 5682 2361 5751 quasi
2405 5684 2659 5738 sacerdos
2685 5685 2909 5739 vitulum
2930 5685 3153 5755 iubetur
3190 5702 3491 5753 assumere,

1919 5782 1973 5827 et
2003 5774 2371 5830 holocaustum
2403 5773 2600 5836 facere.
2648 5785 2703 5833 et
2732 5779 3046 5834 santuinem
3073 5780 3190 5827 eius
3221 5780 3271 5819 in
3298 5779 3492 5827 μετειιῖ.
