3950 6364
444 352 552 411 999

1064 354 1125 411 Β.
1168 354 1419 413 [MBAN]
1459 357 1677 416 ΝΜ]ῧί
1714 358 2040 415 ARCIIIEP.
2085 357 2396 416 MOGUNT.
2440 360 2724 419 OPEItlJM
2765 362 2944 420 PARS
2981 363 3045 419 ll.

3614 365 3764 421 10(ὶο

444 478 503 524 tu
533 486 819 542 aspergere
859 480 970 528 tam
1001 473 1191 529 altaris
1215 490 1379 546 quam
1405 481 1723 549 angulorum
1747 489 1804 533 et
1822 493 2040 533 coronce
2068 484 2116 542 Α
2147 478 2222 543 ni,
2282 478 2383 533 hoc
2418 489 2501 534 cst
2546 481 2740 551 spiritu
2787 492 2997 548 sancto,
3050 481 3119 537 de
3165 497 3271 553 quo
3326 484 3459 540 dicit
3504 488 3716 544 Paulus
3744 528 3760 542 .

444 562 558 617 sive
611 562 777 617 basis.
852 562 1208 636 Septuaginta
1258 575 1438 621 autem
1507 568 1834 638 interpretes
1899 568 2037 625 alios

443 654 754 709 sacerdotes
809 655 913 711 hoc
984 659 1165 712 lacere
1240 659 1655 725 demonstrant,
1727 661 1794 715 de.
1840 660 2037 731 quibus

443 746 647 801 dictum
680 756 801 802 est:
844 769 861 799 ι
896 748 1062 804 Dabis
1113 751 1485 808 sacerdotibus
1534 751 1661 807 Levi
1699 753 1790 822 qui
1820 763 2037 809 suntex

442 838 650 892 semine
696 838 893 903 Sadoc,
926 840 1018 908 qui
1048 843 1313 897 accedunt
1345 844 1412 897 ad
1444 859 1550 897 me.
1584 862 1599 894 i

518 948 538 979 ι
577 929 821 1002 Cumque
851 933 1214 1003 compleveris
1237 936 1461 1005 expiatis
1498 935 1648 1001 illud,
1681 934 1878 990 offeres
1900 935 2041 990 vitu-

449 1041 467 1075 ι
504 1022 618 1077 luin
668 1023 735 1077 de
785 1033 1034 1079 armento
1083 1025 1534 1092 immaculatum,
1585 1033 1642 1080 et
1692 1025 1918 1081 arietem
1973 1025 2041 1080 de

447 1134 464 1164 ι
504 1130 665 1185 grege
708 1114 1137 1180 immaculatum,
1192 1124 1245 1169 et
1270 1113 1464 1172 olleres
1513 1129 1610 1171 eos
1640 1114 1695 1170 in
1741 1119 2063 1184 conspectu

448 1238 463 1257 .
508 1205 740 1260 Domini.
794 1206 861 1260 Et
903 1206 1119 1260 mittent
1172 1208 1485 1261 sacerdotes
1510 1222 1679 1277 super
1706 1222 1803 1262 eos
1834 1207 1941 1272 sal,
1980 1214 2037 1261 et

447 1315 467 1348 ι
503 1296 732 1352 offerent
756 1312 851 1351 eos
877 1297 1255 1352 holocaustum
1286 1299 1535 1354 Domino.
1592 1300 1813 1369 Septem
1845 1299 2040 1354 diebus

449 1404 467 1436 ι
506 1385 675 1440 facies
703 1386 913 1441 hircum
938 1402 1038 1457 pro
1067 1396 1294 1457 peccato
1345 1389 1609 1458 quotidie,
1635 1398 1691 1443 et
1720 1388 1946 1443 vitulum
1974 1390 2041 1444 de

449 1496 468 1531 ο
504 1488 785 1545 armento,
821 1490 876 1535 et
919 1481 1148 1537 arietem
1192 1482 1261 1537 de
1306 1483 1612 1552 pecoribus,
1664 1484 2042 1541 immaculatos

448 1590 465 1625 ι
502 1571 750 1627 odi-rent.
785 1570 1008 1642 Septem
1038 1572 1229 1627 diebus
1252 1574 1553 1644 expiabunt
1579 1575 1772 1637 altare,
1805 1584 1859 1630 et
1884 1593 2041 1630 mun-

455 1679 475 1715 ι
512 1662 719 1716 dabunt
762 1662 889 1716 illud
922 1673 976 1718 et
1008 1662 1307 1732 implebunt
1360 1680 1579 1718 manum
1609 1664 1745 1732 ejus.
1798 1664 2041 1735 Explctis

447 1772 467 1807 ι
501 1760 682 1808 autem
710 1753 923 1818 diebus,
953 1754 1005 1807 in
1031 1754 1118 1810 die
1143 1762 1336 1809 octavo
1365 1764 1421 1809 et
1446 1755 1586 1809 ultra
1620 1754 1823 1811 facient
1861 1771 2043 1811 sacer-

2151 589 2168 621 ι
2208 569 2412 640 Spiritu
2464 570 2737 629 ferventes
2773 571 2948 644 (Rom.
3000 574 3139 645 xu),
3191 593 3209 627 ι
3247 574 3299 629 in
3345 576 3653 645 spiritalem
3704 586 3766 633 et

2147 667 2365 716 tenuem
2391 662 2755 717 substantiam
2815 674 3226 719 convertantur.
3285 662 3549 722 Volumus
3608 666 3765 723 scim

2145 750 2387 819 apertius
2432 750 2525 820 qui
2584 752 2655 805 sit
2688 751 2889 806 vitulus
2939 754 3006 808 de
3051 762 3301 808 armento
3344 754 3760 822 immaculatus,

2144 848 2198 892 et
2248 841 2393 893 aries
2446 842 2515 895 de
2561 841 2754 896 ovibus
2802 843 3094 910 purissimo
3143 844 3341 901 vellere
3379 846 3763 917 intelligamus

2146 929 2373 1001 MoySen
2426 941 2482 986 et
2522 932 2694 987 Etiam
2724 974 2738 997 ,
2790 949 3021 1003 quorum
3069 937 3222 1006 prior
3273 938 3764 997 mansuetissimus

2148 1020 2250 1075 fuit
2308 1021 2451 1075 inter
2477 1038 2669 1078 omnes
2700 1022 2951 1079 homines
2998 1026 3091 1095 qui
3123 1028 3484 1083 versabantur
3514 1030 3568 1084 iii
3602 1040 3762 1086 terra

2147 1108 2339 1181 (Num.
2371 1112 2509 1184 xii);
2562 1113 2701 1169 alter
2746 1115 2940 1170 ardore
2965 1116 3087 1171 lidei
3129 1118 3322 1173 similis
3357 1120 3551 1191 Moysi,
3608 1125 3762 1179 unde

2144 1211 2200 1255 et
2238 1202 2471 1257 audebat
2509 1203 2733 1259 dicere:
2772 1224 2790 1256 ‹
2834 1205 2947 1277 Ego
2999 1207 3225 1263 relictus
3270 1224 3386 1264 sum
3431 1210 3581 1267 solus
3632 1212 3755 1283 (Ill

2148 1292 2279 1363 Reg.
2316 1294 2451 1363 XIX).
2495 1313 2511 1344 ι
2550 1296 2703 1360 Quod
2734 1305 2917 1352 autem
2950 1299 3002 1353 in
3035 1297 3304 1357 Hebraico
3337 1302 3604 1373 scriptum
3647 1314 3759 1369 est,

2156 1401 2175 1433 ι
2210 1382 2406 1439 offeres
2438 1383 2684 1450 vitulum,
2719 1405 2738 1439 ι
2782 1386 2835 1440 in
2863 1386 3244 1459 Septuaginta,
3285 1390 3521 1447 offerent
3564 1410 3760 1450 sacer—

2144 1472 2320 1538 dotes,
2358 1472 2503 1527 nulla
2539 1474 2610 1527 sit
2641 1476 2891 1545 quaestio,
2936 1485 2995 1532 et
3017 1478 3133 1547 ipse
3182 1480 3325 1535 enim
3372 1482 3630 1539 Ezechiel
3667 1486 3758 1539 cati

2149 1563 2266 1617 inec
2309 1564 2569 1619 dicuntur
2612 1564 2679 1620 de
2728 1582 2958 1622 numero
2997 1570 3341 1625 sacerdotum
3389 1581 3515 1639 est,
3576 1576 3754 1641 plena

2145 1653 2320 1707 aetatis
2368 1662 2531 1724 atque
2596 1656 2893 1724 perfecte,
2946 1667 3003 1712 et
3055 1661 3445 1717 sacerdotalem
3517 1668 3756 1736 gradum

2147 1743 2443 1812 prophetia:
2473 1745 2626 1800 auxit
2652 1747 2851 1818 gratia.
2897 1746 2964 1802 Et
2990 1747 3203 1820 Moyses
3237 1761 3293 1806 et
3319 1752 3467 1809 Elias
3496 1755 3759 1812 videntur

445 1861 467 1897 ς
503 1844 659 1898 dotes
690 1860 855 1913 super
879 1844 1052 1899 auare
1080 1844 1398 1900 holocausta
1447 1857 1651 1912 vestra,
1702 1858 1759 1901 οι
1797 1862 1918 1916 qua,
1943 1862 2043 1918 pro
2077 1833 2117 1892 lt
2148 1836 2199 1886 in
2234 1843 2418 1889 monte
2466 1850 2590 1890 cum
2619 1837 2850 1893 Domino
2894 1838 3117 1909 (Matth.
3150 1842 3309 1914 xvu),
3350 1844 3403 1897 id
3451 1854 3536 1900 est
3559 1846 3649 1901 lex
3696 1858 3758 1903 et

447 1953 466 1987 ι
504 1950 638 2006 pace
665 1935 918 2000 nll‘erunt,
950 1945 1005 1990 et
1032 1936 1277 2006 placatus
1304 1951 1401 1992 ero
1431 1938 1609 2002 vobis,
1672 1939 1749 1992 ait
1782 1939 2044 1993 Dominus

446 2046 466 2079 ι
510 2028 669 2082 Deus.
706 2048 723 2078 ι
753 2027 1025 2101 (Hieran)
1048 2028 1339 2098 Postquam
1366 2029 1539 2083 altare
1556 2039 1609 2084 et
1640 2045 1911 2084 mensurzc
1930 2028 2046 2100 ejus

444 2121 499 2176 in
546 2122 745 2175 montis
793 2122 1000 2176 vertice
1046 2122 1435 2177 demonstrata:
1481 2129 1648 2188 sunt,
1716 2138 2044 2191 rursumque

446 2212 689 2281 expiatio
737 2220 793 2265 et
821 2211 1162 2266 consecratio
1196 2211 1339 2265 illius
1364 2212 1645 2282 propheta:
1672 2220 1891 2267 estensa
1936 2220 2042 2277 est,

449 2317 549 2371 per
572 2317 737 2355 unum
762 2301 990 2355 vitulum
1016 2302 1445 2365 imniatulatum.
1467 2312 1524 2357 et
1541 2302 1752 2358 hircum
1775 2303 1889 2358 sive
1909 2303 2046 2358 duos

449 2390 659 2454 Inedos,
711 2406 940 2461 quorum
994 2393 1227 2461 primum
1266 2396 1334 2448 ad
1380 2393 1663 2448 Dominum
1705 2392 2043 2450 Salvatorem

446 2478 555 2533 duo
582 2480 861 2548 sequentia
894 2478 959 2533 ad
990 2481 1265 2550 apostolos
1313 2483 1700 2554 ministrosque
1729 2484 2038 2550 retulimus,

448 2586 515 2626 ne
542 2570 593 2624 in
629 2572 1040 2627 consecratione
1088 2572 1349 2641 spiritalis
1396 2574 1585 2630 altaris
1622 2586 1680 2631 et
1725 2576 1945 2647 proprie
1974 2578 2042 2631 ad

451 2661 746 2717 Ecclesiam
770 2662 1091 2733 pertinentis
1114 2663 1195 2718 lex
1222 2672 1277 2718 et
1296 2666 1575 2736 prophetae
1614 2666 1927 2722 viderentur
1947 2683 2043 2722 ex-

448 2752 605 2820 clusi,
632 2764 916 2823 propterea
944 2765 1265 2810 consecrato
1294 2756 1452 2811 altari
1486 2757 1686 2813 vitulus
1730 2758 2043 2813 immacula-

444 2853 539 2899 tus
564 2844 860 2899 assumitur
880 2853 935 2899 et
959 2845 1123 2911 aries,
1141 2854 1195 2899 et
1211 2844 1438 2901 oll‘ertur
1462 2848 1514 2901 in
1535 2850 1825 2919 conspectu
1853 2849 2041 2904 Domi-

449 2933 504 2987 ni
526 2940 581 2985 ct
608 2933 699 2986 lilii
723 2932 922 3001 Sadoc,
954 2935 1057 2991 hoc
1097 2946 1180 2990 est
1200 2936 1474 3007 justorum
1521 2941 1834 2995 sacerdotes
1854 2955 2043 3010 asper-

446 3035 582 3097 gunt
600 3041 762 3095 super
786 3029 964 3097 capita
985 3042 1171 3083 eorum
1187 3030 1288 3093 sal,
1315 3039 1370 3085 ut
1395 3039 1452 3086 et
1475 3031 1557 3085 lex
1580 3040 1635 3086 et
1660 3034 1937 3102 propheta:
1953 3048 2041 3087 sa-

454 3130 587 3185 pore
610 3115 883 3185 Evangelii
904 3117 1247 3173 condiantur.
1277 3119 1390 3175 Nec
1412 3120 1579 3174 ullum
1603 3130 1690 3176 est
1709 3122 2037 3177 sacrificium

2146 1926 2422 1996 prophetae
2472 1928 2563 1997 qui
2615 1930 3015 1986 annuntiabaut
3062 1934 3111 1988 ei
3153 1935 3297 2003 quod
3362 1934 3757 2010 Hierosolymis

2144 2033 2406 2089 passurus
2430 2028 2596 2074 esset.
2648 2019 2877 2091 Expiato
2921 2032 3103 2078 autem
3131 2025 3289 2080 altari
3317 2037 3527 2096 septem
3558 2028 3757 2086 diebus

2146 2108 2374 2162 oll‘ertnr
2446 2110 2631 2165 hircus
2682 2113 2797 2167 sive
2844 2113 3031 2168 haedus
3078 2130 3177 2184 pro
3226 2126 3453 2184 peccato
3482 2120 3752 2187 quotidie,

2150 2209 2209 2255 et
2237 2200 2437 2256 vitulus
2461 2202 2527 2271 de
2567 2214 2817 2259 armento
2845 2216 2900 2261 et
2948 2207 3091 2261 aries
3133 2208 3199 2263 de
3238 2210 3527 2278 pecoribus
3558 2212 3756 2267 imma-

2148 2291 2385 2357 culatus,
2440 2301 2499 2347 ut
2546 2309 2645 2362 per
2696 2302 2813 2350 haec
2862 2297 3127 2352 sacrificia
3179 2307 3387 2369 septem
3440 2300 3640 2357 diebus
3682 2302 3753 2357 ad

2148 2384 2450 2455 perfectum
2479 2386 2729 2456 expietur
2766 2388 2960 2443 altare.
3006 2389 3062 2443 In
3088 2400 3295 2461 septem
3323 2392 3515 2448 diebus
3546 2393 3753 2449 sabba-

2152 2476 2345 2529 tismus
2372 2476 2699 2542 ostenditur,
2758 2479 2847 2548 qui
2873 2476 3029 2547 juxta
3060 2480 3263 2550 Aposto
3288 2498 3377 2535 um
3406 2482 3604 2552 populo
3646 2484 3755 2540 Do-

2146 2565 2281 2619 mini
2324 2574 2662 2631 reservatur,
2692 2566 2744 2621 in
2778 2568 2975 2637 quibus
3005 2577 3264 2625 intentam
3289 2586 3584 2641 venamque
3629 2586 3750 2642 spe~

2145 2672 2335 2711 ramus
2389 2657 2655 2727 requiem,
2682 2667 2737 2713 et
2773 2674 3113 2731 nequaquam
3146 2661 3346 2717 servile
3390 2677 3529 2733 opus
3580 2663 3753 2718 facie-

2145 2763 2267 2803 mus
2311 2758 2683 2819 peccatorum.
2735 2749 2793 2804 ln
2821 2750 2974 2806 hirco
2996 2761 3179 2807 autem
3205 2761 3260 2807 et
3283 2752 3450 2807 vitulo
3473 2760 3531 2807 et
3551 2754 3749 2817 ariete.

2146 2840 2248 2892 tria
2308 2838 2581 2907 generalia
2623 2839 2815 2912 delicta
2869 2850 3285 2907 monstrantur,
3333 2842 3531 2911 quibus
3584 2858 3751 2897 omne

2144 2931 2453 2985 mortalium
2476 2930 2722 3001 subjacet
2756 2944 2945 3001 genus.
2976 2930 3085 2987 Aut
3116 2934 3261 2986 enim
3284 2933 3705 3004 cogitationibus
3732 2974 3749 3000 ,

2144 3030 2236 3075 aut
2254 3037 2524 3087 sermone,
2552 3030 2645 3076 aut
2664 3037 2851 3092 opere,
2879 3036 3191 3094 peccamus.
3218 3024 3487 3094 Cogitatio
3511 3022 3751 3079 refertur

2152 3112 2219 3165 ad
2244 3110 2490 3176 arietem,
2538 3112 2665 3183 quia
2693 3113 2867 3183 prima
2894 3121 2981 3168 est
3006 3113 3250 3168 omnium
3287 3122 3660 3184 peccatorum.
3690 3125 3748 3170 et

442 3203 597 3274 juxta
622 3205 755 3275 legis
778 3206 1059 3276 imperium
1080 3207 2047 3281 etintcrpretationemApostoli,qui
2075 3189 2120 3251 Ο
2152 3220 2219 3258 ex
2265 3220 2371 3273 qua
2405 3205 2511 3259 alia
2538 3206 2644 3260 duo
2673 3216 2900 3276 peccata
2949 3215 3271 3261 nascuntur.
3324 3206 3525 3262 lkedus
3563 3217 3745 3262 autem

451 3295 565 3347 ait:
603 3313 621 3344 ι
659 3293 851 3349 Sermo
878 3307 1056 3353 vester
1080 3298 1148 3353 sit
1176 3300 1289 3354 sale
1312 3300 1565 3355 conditus
1588 3298 1821 3372 (Colon.
1855 3303 1938 3372 iv)
1965 3340 1981 3366 ,
2020 3320 2040 3354 ι

455 3386 599 3454 quod
650 3386 763 3441 sale
812 3396 1018 3441 careat.
1072 3388 1255 3461 (lsid.)
1313 3391 1463 3454 tuod
1490 3390 1570 3445 sal
1601 3406 1699 3461 pro
1750 3390 2044 3461 apostolica

448 3476 713 3545 sapientia
744 3476 1149 3547 intelligendum
1175 3480 1267 3543 sit,
1285 3479 1443 3549 plane
1477 3480 1579 3535 hoc
1603 3479 1758 3534 nobis
1786 3479 2046 3535 Dominus

446 3584 480 3621 o
518 3568 687 3621 tendit
733 3570 920 3624 dicens
946 3570 1245 3639 apostolis:
1284 3590 1302 3622 ι
1355 3571 1463 3627 Vos
1487 3573 1618 3627 estis
1642 3572 1722 3626 sal
1752 3582 1931 3627 terrm.
1985 3572 2044 3628 Si

446 3667 626 3713 autem
656 3660 962 3725 evanuerit,
1003 3660 1069 3715 ad
1120 3661 1351 3716 nihilum
1384 3663 1586 3717 valebit
1615 3663 1777 3727 ultra,
1836 3664 1941 3718 nisi
1985 3671 2045 3719 ut

448 3750 695 3805 mittatur
720 3750 884 3818 foras,
934 3762 989 3807 et
1016 3754 1362 3808 conculcetur
1387 3754 1456 3808 ab
1485 3754 1796 3809 hominibus
1822 3753 2039 3824 (Matth.

445 3842 521 3908 v).
562 3863 580 3894 ι
634 3841 927 3912 Propterea
964 3845 1053 3899 hic
1080 3845 1160 3899 sal
1192 3847 1546 3915 apostolicam
1598 3848 1921 3916 sapientiam
1952 3865 2045 3919 ap-

447 3933 687 4005 pellavit,
738 3935 865 4004 quia
916 3935 960 3989 si
1008 3939 1318 3992 communis
1366 3939 1519 3992 cibus
1570 3938 1638 3992 ad
1690 3939 2038 3993 nutriendum

448 4034 632 4096 aptus,
662 4027 974 4082 omnimodo
1001 4028 1114 4082 sale
1140 4028 1414 4094 conditur,
1464 4029 1538 4083 ita
1568 4038 1624 4083 et
1651 4030 1833 4085 omnis
1861 4045 2039 4085 sermo

443 4117 593 4171 utilis
625 4117 691 4172 ad
724 4117 1044 4185 juvanduin,
1096 4120 1409 4187 apostolica:
1436 4120 1753 4174 omnimodo
1789 4135 2039 4175 necessa-

445 4208 586 4262 rium
618 4209 780 4263 habet
805 4208 1084 4279 sapientiae
1111 4207 1543 4263 condimentum.
1591 4207 1889 4278 Propterea
1930 4223 2037 4262 non

444 4313 565 4354 esse
608 4298 786 4353 minus
837 4298 919 4352 sal
964 4315 995 4353 a
1025 4298 1329 4363 sacrificiis,
1383 4299 1477 4353 sed
1522 4298 1575 4352 in
1617 4299 1763 4354 omni
1816 4313 2039 4353 munere

442 4389 704 4461 prmcepit
731 4388 808 4443 sal
843 4388 1026 4444 offerri
1072 4398 1132 4443 ut
1160 4391 1520 4460 quodcunque
1546 4390 1813 4455 docueris,
1860 4390 2034 4460 quod-

444 4495 658 4551 cunque
699 4481 1025 4546 corrcxeris,
1062 4481 1117 4535 in
1145 4496 1470 4552 quacunque
1499 4481 1701 4535 virtute
1739 4497 2034 4538 conversa-

2150 3296 2265 3352 sive
2291 3297 2475 3352 hircus
2504 3297 2568 3351 ad
2602 3296 2875 3367 eloquium
2905 3305 3069 3367 atque
3098 3312 3424 3364 sermonem,
3474 3298 3566 3369 qui
3597 3314 3743 3355 seni-

2149 3404 2247 3461 per
2274 3389 2341 3444 de
2386 3388 2780 3445 excelsioribus
2826 3389 3088 3458 disputat.
3142 3386 3319 3459 Opera
3346 3403 3480 3443 vero
3524 3390 3745 3461 proprie

2148 3479 2317 3534 vitulo
2360 3480 2712 3549 deputantur,
2768 3493 2876 3548 quo
2902 3479 3109 3534 vomeri
3148 3488 3202 3532 et
3228 3477 3400 3533 labori
3427 3488 3483 3534 et
3512 3480 3743 3537 terrenis

2148 3572 2402 3640 operibus
2451 3570 2795 3640 mancipatus
2832 3577 2935 3625 est.
3013 3569 3140 3624 Haec
3184 3570 3348 3639 igitur
3396 3570 3741 3627 immaculata

2146 3679 2244 3732 per
2290 3671 2495 3731 septem
2551 3660 2667 3714 dies
2721 3660 2834 3714 veri
2881 3660 3093 3715 sabbati
3153 3669 3316 3730 atque
3357 3659 3586 3729 perfecti
3629 3661 3740 3717 Deo

2146 3752 2341 3803 oll'crie
2368 3750 2645 3815 debemus,
2681 3758 2737 3803 et
2761 3748 2982 3819 expiare
3011 3767 3039 3802 a
3068 3758 3203 3814 tare,
3256 3760 3318 3804 ut
3347 3752 3525 3806 oratio
3554 3760 3740 3807 nostra

2145 3842 2341 3894 munda
2388 3839 2667 3909 perveniat
2691 3840 2759 3892 ad
2808 3840 2996 3893 Deum.
3051 3838 3204 3906 Quod
3257 3848 3437 3894 autem
3486 3840 3734 3909 infertur,

2150 3950 2166 3981 ι
2209 3944 2261 3983 ct
2289 3931 2619 3984 mundabunt
2677 3931 2802 3985 illud
2830 3942 2883 3985 et
2914 3931 3214 4000 implebunt
3264 3947 3485 3986 manum
3534 3934 3671 4003 ejus,
3710 3960 3729 3987 ο

2143 4021 2287 4090 quod
2322 4030 2375 4074 et
2403 4018 2731 4075 Hebraicum
2763 4033 2818 4075 ct
2850 4022 3030 4077 ceteri
3079 4022 3405 4093 interpretes
3452 4026 3736 4080 transtule-

2144 4121 2291 4179 runt,
2318 4112 2446 4166 illud
2481 4111 2751 4183 significat
2784 4113 2929 4181 quod
2958 4113 3128 4183 ipsius
3162 4128 3376 4184 quoque
3408 4114 3616 4181 altaris,
3635 4131 3735 4187 pro

2140 4202 2295 4270 cujus
2337 4203 2645 4272 eXpiatione
2690 4202 2915 4257 offertur
2959 4204 3312 4269 sacriﬁcium,
3391 4206 3535 4259 dona
3585 4220 3733 4261 como

2140 4294 2486 4365 plcndasint,
2515 4296 2656 4349 sicut
2673 4295 2902 4349 otfcrtur
2928 4310 3027 4365 pro
3055 4295 3432 4351 sacerdotibus
3456 4305 3513 4351 et
3538 4300 3732 4368 populo

2146 4397 2310 4453 atque
2358 4382 2637 4453 pontiﬁce,
2685 4384 2909 4454 nequid
2942 4400 3169 4439 vacuum
3211 4384 3433 4440 stetisse
3490 4388 3731 4443 videatur

2142 4476 2194 4527 in
2229 4484 2521 4545 conspectu
2557 4474 2789 4529 Domini.
2820 4475 2926 4530 Pro
2953 4490 3061 4544 quo
3086 4490 3315 4544 posuere
3354 4475 3726 4549 Septuaginta,

446 4578 533 4624 tus
553 4569 738 4633 fueris,
791 4572 1145 4640 apostolicam
1182 4573 1582 4627 annnlationein
1640 4581 1807 4643 atque
1853 4574 2035 4628 imita-

2149 4584 2167 4615 ι
2192 4564 2259 4618 Et
2289 4565 2625 4619 mundabunt
2656 4562 2785 4619 iilad
2813 4573 2868 4620 et
2894 4565 3191 4635 implebunt
3222 4581 3411 4623 manus
3450 4582 3598 4634 suas,
3619 4588 3638 4622 ι
3669 4578 3727 4625 ιιι

444 4664 644 4716 tionem
696 4664 992 4732 opereris;
1062 4680 1379 4734 memorque
1428 4665 1505 4720 sis
1552 4664 1700 4720 Pauli
1752 4666 2032 4722 dicentis:

448 4775 466 4803 ι
508 4754 815 4811 lnntazores
842 4756 944 4811 mei
966 4767 1163 4821 estote,
1186 4758 1329 4813 sicut
1359 4768 1414 4813 et
1461 4774 1563 4830 ego
1596 4760 1797 4815 Christi
1825 4759 1877 4832 (1
1906 4758 2032 4815 Cor.

450 4840 584 4912 31).»
602 4844 670 4899 Et
698 4861 920 4902 rursus:
952 4865 971 4897 ι
1003 4846 1145 4919 Ergo
1157 4846 1275 4917 jam
1306 4864 1411 4903 non
1434 4851 1567 4904 estis
1592 4850 1810 4905 advena:
1832 4861 1889 4906 et
1912 4851 2037 4905 bos-

448 4936 596 5005 pites
644 4936 862 5007 (Eplies.
916 4937 999 5009 ιι),
1091 4940 1189 4995 sed
1238 4941 1371 4995 estis
1424 4942 1575 4996 cives
1614 4950 1929 4995 sanctorum
1978 4949 2035 4997 et

442 5029 725 5083 domestici
768 5029 887 5095 Dei,
946 5032 1362 5100 supermdilicati
1405 5048 1569 5102 super
1614 5032 2032 5088 fundamentum

444 5118 812 5189 apostolorum
839 5128 897 5173 et
922 5122 1331 5190 prophetarum,
1364 5121 1481 5191 ipso
1527 5137 1742 5176 summo
1786 5122 2033 5193 angulari

444 5206 622 5277 lapide
656 5208 879 5265 Christo
912 5208 1252 5278 Jesu.oQuia
1291 5212 1381 5267 hic
1427 5228 1533 5267 non
1586 5214 1908 5284 simpliciter
1956 5215 2036 5269 sal

445 5299 606 5365 dixit,
658 5300 754 5356 sed
782 5300 911 5356 illud
935 5300 1268 5372 intelligibile
1312 5303 1588 5374 lcgislator
1612 5305 1828 5360 innuit:
1864 5324 1883 5356 ι
1918 5305 2035 5361 Non

448 5386 663 5445 auferes
707 5388 809 5456 sal,
860 5389 1055 5461 irquit,
1102 5390 1326 5448 findet-is
1377 5393 1472 5448 Dei
1522 5395 1596 5449 tui
1653 5394 1844 5466 (Leuit.
1887 5396 1970 5469 ιι).
2012 5416 2031 5447 ι

449 5482 606 5550 Quod
650 5484 695 5540 si
732 5484 908 5543 fmdus
932 5488 1047 5543 sive
1085 5496 1471 5544 testamentum
1504 5490 1765 5545 rationale
1791 5499 1898 5555 est,
1930 5492 2037 5545 uti-

450 5590 561 5649 quo
600 5584 659 5632 et
685 5578 768 5634 sal
800 5578 1066 5636 rationale
1093 5589 1198 5634 est.
1257 5580 1556 5650 Utrumque
1599 5590 1779 5635 autem
1813 5580 2041 5637 oﬂ’ertur

450 5667 823 5726 holocaustum
845 5672 1098 5735 Domino.
1119 5680 1179 5726 ut
1197 5686 1394 5741 corpus
1409 5672 1660 5743 pinguius
1679 5672 1871 5727 littera:
1892 5674 2035 5742 quod

452 5760 789 5833 significatur
812 5763 863 5817 in
887 5762 1023 5835 lege,
1045 5773 1100 5819 et
1129 5764 1425 5833 prophetiie
1451 5764 1691 5819 nubilum
1715 5764 1836 5830 igne
1860 5762 2038 5817 Domi-

2143 4662 2501 4717 suLaudiatur
2534 4663 2873 4724 sacerdotes,
2903 4662 2995 4730 qui
3031 4675 3151 4715 cum
3175 4660 3316 4731 pleni
3345 4661 3551 4716 fuerint
3576 4663 3725 4734 houis

2140 4754 2417 4824 operibus,
2451 4753 2556 4807 hoc
2588 4753 2735 4807 enim
2773 4752 2932 4821 plene
2961 4753 3269 4820 signiﬁcant
3302 4768 3521 4819 manus,
3554 4763 3723 4810 trans.

2145 4855 2270 4899 acto
2331 4844 2559 4899 sabbato
2604 4844 2827 4898 veniant
2854 4843 2920 4897 ad
2952 4844 3093 4897 diem
3144 4844 3555 4900 resurrectionis
3578 4855 3721 4901 octa-

2141 4952 2291 5000 vam,
2333 4941 2389 4989 et
2416 4934 2599 4989 dicant
2629 4950 2754 4989 cum
2792 4933 3071 5003 Apostolo,
3110 4952 3128 4984 ι
3164 4934 3580 4990 liesurreximus
3602 4952 3719 4992 cum

2141 5028 2381 5093 Christo,
2420 5046 2438 5078 ι
2469 5035 2526 5081 et
2554 5027 2695 5081 ultra
2721 5036 2971 5082 octavam
3002 5027 3230 5081 tendant
3271 5025 3339 5080 ad
3366 5026 3632 5093 caelestia,
3667 5040 3719 5084 ct

2142 5116 2374 5171 offerant
2424 5130 2522 5185 pro
2557 5116 2714 5170 nobis
2760 5114 3097 5179 holocausta,
3144 5114 3260 5170 sive
3301 5128 3421 5183 quzr
3466 5127 3565 5185 pro
3592 5130 3718 5184 pace

2143 5215 2488 5277 peccatorum
2537 5215 2869 5269 nostrorum,
2919 5214 2975 5259 et
3008 5204 3183 5258 salute
3234 5212 3361 5261 sunt
3409 5212 3616 5269 nostra,
3663 5213 3720 5260 ut

2147 5312 2245 5365 per
2296 5296 2477 5365 ignem
2517 5294 2749 5364 Spiritus
2804 5296 2978 5350 sancti
3026 5295 3208 5350 omnia
3256 5309 3378 5365 qua:
3427 5296 3722 5367 cogitamus

2145 5388 2416 5458 loquimur
2440 5395 2498 5443 et
2522 5386 2752 5442 facimus
2776 5388 2831 5443 in
2859 5386 3157 5459 spiritalem
3208 5386 3569 5441 substantiam
3596 5401 3722 5446 (rin-

2141 5486 2442 5545 vertantur,
2493 5487 2550 5534 et
2593 5479 2898 5548 hujusmodi
2928 5479 3188 5535 Dominus
3226 5478 3531 5541 delectatus
3566 5486 3719 5541 sacri-

2144 5569 2282 5625 ﬁciis
2305 5570 2459 5625 nobis
2487 5570 2767 5641 placabilis
2791 5569 2905 5624 llat.
