3950 6344
199 394 332 452 10οι

761 500 986 559 CAPUT
1023 498 1205 555 XLIV.

196 595 274 651 De
303 601 459 675 porta
476 593 679 675 clausa,
718 605 868 675 etne
912 593 1261 675 incircumcisi
1300 594 1507 675 intr'enr
1532 572 1778 647 sanctua-

268 662 428 729 rium,
456 673 505 718 et
531 662 596 716 de
616 664 963 717 sanctimonia
991 674 1038 716 et
1065 662 1364 716 Iiwreditate
1386 662 1703 717 Levitarum.

274 790 295 826 ι
340 773 407 828 Et
448 773 689 827 wnverti
721 787 808 827 me
861 772 927 825 ad
967 772 1109 825 viam
1154 780 1322 841 portae
1352 772 1647 827 sanctuarii
1677 786 1773 826 ex-

203 884 222 915 (
270 866 483 920 terioris
518 880 637 934 qure
688 864 1012 934 respiciebat
1061 864 1125 918 ad
1183 864 1489 928 orientem,
1563 872 1619 918 et
1662 873 1778 917 erat

203 973 224 1007 ι
272 956 480 1011 clausa.
529 955 597 1010 Et
626 954 763 1008 dixit
792 953 1046 1007 Dominus
1072 954 1137 1007 ad
1160 950 1283 1007 me':
1312 952 1472 1007 Porta
1496 951 1611 1007 htec
1632 950 1777 1007 clau-

205 1065 223 1097 ι
270 1061 326 1102 sa
357 1046 464 1101 erit
489 1054 543 1101 et
588 1060 695 1099 non
725 1044 1015 1113 aperietur,
1053 1051 1108 1097 et
1133 1043 1217 1096 vir
1242 1058 1346 1096 non
1383 1042 1632 1097 transibit
1680 1056 1779 1112 per

206 1153 225 1187 ι
271 1150 413 1200 eam,
440 1135 693 1205 quoniam
739 1132 994 1189 Dominus
1036 1133 1174 1185 Deus
1201 1131 1362 1185 Israel
1393 1131 1668 1201 ingressus
1694 1139 1779 1186 est

206 1246 226 1278 ι
275 1228 435 1299 (sive)
465 1226 801 1297 ingredietur
824 1239 917 1293 per
939 1239 1079 1286 eam,
1103 1222 1313 1291 eritque
1334 1221 1513 1275 clausa
1526 1219 1775 1291 principi.

206 1336 225 1370 ι
274 1320 530 1388 Princeps
580 1318 693 1387 ipse
744 1315 951 1371 sedebit
997 1314 1049 1368 in
1096 1328 1157 1367 ea
1208 1322 1265 1366 ut
1315 1311 1561 1365 comedat
1586 1324 1780 1379 panem

207 1428 228 1460 ι
274 1424 456 1463 coram
496 1407 738 1461 Domino.
774 1405 878 1461 Per
920 1404 1061 1459 viam
1093 1402 1338 1457 vestibuli
1386 1409 1575 1471 portze,
1625 1401 1783 1455 idest

209 1518 230 1552 ι
276 1500 575 1555 Ecclesium
621 1497 968 1569 ingredietur,
1012 1503 1067 1549 et
1092 1509 1188 1563 per
1213 1492 1353 1546 viam
1382 1492 1499 1561 ejus
1545 1490 1783 1561 egredie-

208 1608 229 1639 ‹
277 1599 383 1643 tur.
410 1606 428 1641 ι
463 1587 733 1661 (Ηὶενοιι.)
768 1586 873 1641 Pro
903 1600 966 1640 eo
993 1584 1135 1655 quod
1166 1582 1218 1635 in
1242 1582 1505 1638 Hebraieo
1526 1581 1783 1650 scriptum

202 1686 308 1743 est,
344 1697 361 1729 ι
408 1687 525 1732 erat
558 1677 739 1731 clausa
776 1674 1030 1746 principi,
1064 1692 1082 1727 ι
1114 1671 1462 1742 Septuaginta
1503 1668 1786 1724 transtule-

204 1776 353 1832 runt,
383 1785 401 1817 ι
428 1766 749 1831 ετίιειδιιείι,
772 1764 861 1834 qui
887 1764 992 1820 dux
1019 1764 1131 1833 ipse
1158 1761 1363 1816 sedebit
1380 1761 1430 1814 in
1453 1774 1537 1815 ea.
1564 1779 1582 1810 ι
1606 1759 1785 1814 Multze

1170 386 1520 445 (ΣΟΜΜΕΝΤ.
1560 386 1625 441 ιΝ
1665 386 2120 443 EZECHIELEM.
2153 418 2222 429 -—
2261 389 2386 444 LIB.
2429 387 2589 444 XVII.

3316 386 3452 446 tut-3

1801 498 1933 564 Ain
1988 500 2207 556 Christo
2256 502 2401 556 enim
2461 500 2615 570 juxta
2693 518 2999 559 sermonem
3069 502 3215 558 Pauli
3275 508 3451 560 omnia

1883 588 2226 643 revelantur:
2258 590 2526 659 quomodo
2556 600 2709 660 porta
2750 591 2932 646 clausa
2957 592 3082 657 erit,
3116 604 3171 647 et
3200 609 3306 647 non
3328 610 3453 664 ape-

1880 680 2072 743 rietur,
2120 690 2176 735 et
2225 680 2309 735 vir
2354 695 2459 735 non
2508 681 2759 737 transibit
2785 696 2883 751 per
2928 681 3090 736 tam?
3128 674 3204 738 Ex
3256 683 3453 753 quibus

1878 768 2155 831 discimus,
2182 769 2426 837 quamvis
2451 770 2517 823 ad
2538 784 2803 823 summam
2836 769 3114 825 scientiam
3146 771 3453 826 venerimus

1878 860 2280 929 comparatione
2320 860 2512 915 divinae
2550 862 2811 926 εείειιιίεε,
2860 875 3003 915 ηιιιιε
3050 876 3116 915 ex
3160 872 3312 930 parte
3356 879 3455 917 nus

1878 949 2040 1012 scire,
2064 957 2119 1003 et
2147 964 2211 1002 ex
2240 960 2391 1017 parte
2425 964 2748 1020 cognoscere
2774 968 2786 1003 :
2814 950 3029 1020 quando
3072 958 3253 1006 autem
3294 965 3452 1006 vene-

1878 1038 1953 1092 rit
1980 1038 2125 1108 quod
2153 1036 2451 1105 perfectum
2489 1047 2589 1104 est,
2638 1047 2764 1095 tunc
2790 1042 2934 1110 quod
2966 1055 3033 1097 ex
3062 1050 3217 1112 parte
3254 1052 3337 1097 est
3361 1043 3453 1098 de-

1873 1127 2154 1183 strueturl
2189 1128 2233 1195 (l
2252 1127 2377 1182 Cor.
2403 1128 2544 1198 xm).
2572 1128 2725 1183 Unde
2742 1129 2862 1182 etin
2888 1128 2994 1183 alio
3014 1129 3133 1183 loco
3156 1130 3271 1197 ipse
3302 1130 3451 1199 Apo-

1874 1223 2049 1279 stolus
2112 1219 2493 1292 imperfectum
2555 1233 2763 1275 seesse
2792 1218 3060 1287 loquitur,
3121 1236 3449 1290 rursumqu

1875 1312 2207 1381 perlectum.
2266 1309 2422 1376 Quod
2463 1312 2506 1364 si
2532 1309 2993 1377 interpretatione
3025 1319 3195 1375 caret,
3223 1310 3446 1366 videtur

1879 1412 2001 1452 esse
2020 1398 2384 1465 contrarium;
2419 1398 2549 1454 dicit
2573 1399 2715 1455 enim
2741 1418 2753 1453 :
2777 1417 2796 1451 ‹
2830 1399 2946 1454 Non
2970 1400 3096 1471 quia
3115 1399 3225 1470 jam
3248 1404 3450 1472 accepi,

1880 1494 1973 1539 aut
1996 1487 2119 1557 quia
2140 1487 2251 1558 jam
2275 1488 2543 1557 perlectus
2564 1505 2703 1555 sum,
2727 1488 2945 1555 fratres,
2962 1506 3062 1562 ego
3089 1506 3170 1545 ne
3193 1506 3297 1545 non
3322 1493 3457 1547 arbi-

1883 1585 1998 1632 tror
2014 1579 2503 1649 comprehendisse.
2540 1579 2711 1651 Unum
2740 1590 2942 1647 autem,
2975 1582 3271 1653 posteriora
3315 1584 3453 1638 obli-

1883 1668 2095 1723 viscens
2146 1677 2201 1723 et
2247 1668 2312 1721 ad
2354 1670 2532 1737 priora
2562 1685 2647 1724 me
2687 1672 3004 1739 extendens,
3045 1680 3301 1726 statutum
3334 1689 3457 1742 per-

1884 1771 2081 1825 sequor
2109 1758 2177 1812 ad
2216 1758 2459 1811 bravium
2488 1773 2733 1828 superna:
2762 1762 3060 1817 vocationis
3088 1762 3182 1817 Dei
3229 1760 3450 1834 (Philip.

202 1862 330 1909 sunt
383 1865 548 1924 portae
584 1870 718 1924 quas
741 1854 795 1907 in
844 1852 1202 1921 descriptione
1254 1849 1432 1919 templi
1486 1850 1786 1903 Ezechielis
1814 1851 1860 1909 Β
1890 1844 1993 1916 ιιι).
2028 1862 2047 1895 ι
2096 1844 2337 1914 Cumque
2380 1855 2695 1914 putaremus
2742 1862 2868 1902 eum
2906 1851 3200 1903 secundum
3249 1852 3455 1921 proles-

205 1944 489 2013 Seriptura
515 1949 902 1997 commemorat
927 1950 1033 1994 tam
1063 1941 1203 1993 intus
1218 1954 1379 2007 quam
1404 1937 1554 1991 foris.
1578 1937 1773 1991 Altaris

204 2047 421 2101 quoque
452 2030 674 2101 ﬁguram
718 2038 773 2083 et
806 2028 1271 2083 consecrationem
1299 2032 1354 2079 et
1376 2023 1641 2079 sacriﬁcia
1663 2039 1775 2080 ser-

206 2140 299 2179 mo
328 2124 633 2193 prwteritus
665 2120 965 2192 praecurrit.
1013 2119 1129 2185 Quo
1156 2117 1330 2181 ﬁnito,
1383 2116 1529 2171 venit
1556 2116 1623 2171 ad
1652 2129 1773 2185 por-

208 2224 320 2268 tam
350 2211 637 2267 sauetuarii
658 2210 981 2265 exteriorem
1007 2221 1126 2277 qua:
1160 2204 1479 2274 respiciebat
1499 2204 1568 2258 ad
1597 2203 1776 2258 orien-

207 2313 319 2357 tem
365 2310 418 2356 et
460 2309 578 2355 erat
640 2298 842 2354 clausa.
915 2296 1215 2365 Statimque
1256 2294 1339 2349 vir
1380 2294 1466 2348 ille
1520 2294 1610 2363 qui
1660 2301 1779 2347 erat

203 2392 403 2445 ductor
433 2389 725 2461 prophetae,
751 2387 880 2443 etei
908 2387 1086 2442 omnia
1116 2383 1541 2450 demonstrabat,
1572 2382 1779 2437 locutus

203 2491 294 2535 est
337 2480 405 2535 ad
431 2494 593 2534 eum:
630 2495 647 2529 ι
711 2477 871 2532 Porta
900 2478 1011 2531 haec
1060 2490 1222 2546 quam
1250 2474 1473 2543 respicis
1517 2472 1777 2528 clausam.

204 2584 424 2640 semper
474 2568 655 2623 clausa
706 2568 810 2622 erit
856 2576 911 2622 et
954 2582 1059 2621 non
1110 2566 1399 2636 aperietur.
1439 2582 1456 2617 ι
1498 2564 1565 2617 Et
1603 2563 1781 2618 reddit

204 2674 407 2715 causas
447 2675 545 2713 cur
575 2659 757 2713 clausa
804 2658 875 2712 sit
899 2672 1129 2727 semper.
1168 2674 1187 2707 ι
1225 2656 1488 2723 Quoniam
1521 2654 1781 2709 Dominus

207 2746 355 2803 Deus
376 2745 536 2801 lsrael
559 2747 829 2817 ingressus
846 2754 947 2811 est,
962 2766 981 2798 ι
1010 2745 1092 2800 vel
1110 2745 1432 2817 ingredietur
1459 2758 1586 2814 «per
1602 2758 1739 2798 eam.
1754 2760 1773 2795 ›

211 2837 335 2892 Erit
367 2838 548 2892 clausa
569 2837 723 2906 juxta
780 2836 1099 2893 Hebraicum
1128 2837 1378 2909 principi,
1407 2853 1563 2906 quem
1590 2835 1779 2891 ducem

208 2930 561 3001 Septuaginta
590 2930 995 2985 transtulerunt.
1032 2949 1049 2981 ι
1080 2930 1180 2997 Qui
1204 2930 1453 3001 princeps
1482 2938 1535 2983 et
1569 2929 1695 2993 dux,
1730 2929 1781 2983 id

206 3027 297 3075 est
360 3019 717 3087 Nasi,sedebit
746 3020 800 3073 in
825 3035 911 3085 ea,
962 3029 1019 3074 ut
1056 3020 1297 3074 comedat
1324 3034 1507 3073 coram
1556 3018 1781 3073 Domino

207 3126 427 3181 panem.
469 3112 536 3165 Et
564 3127 660 3181 per
688 3114 829 3166 viam
859 3111 1105 3167 vestibuli
1136 3119 1304 3182 porta:
1330 3111 1680 3182 ingredietur,
1727 3118 1781 3166 et

207 3218 311 3273 per
339 3202 507 3273 ipsam
532 3204 855 3274 egredietur.
905 3223 922 3255 ι
958 3203 1211 3271 Quaenam
1240 3205 1341 3258 ista
1370 3212 1523 3273 porta
1553 3212 1633 3259 est
1660 3219 1779 3272 qua:
1807 3192 1851 3255 C
1881 3206 2128 3260 comedat
2172 3220 2363 3274 panem
2405 3220 2584 3258 coram
2627 3203 2873 3257 Domino.
2927 3222 2945 3255 ι
2982 3203 3057 3257 De
3097 3219 3204 3273 quo
3244 3206 3357 3275 ipse
3397 3207 3449 3260 in
3548 3192 3571 3201 ”

209 3306 427 3360 semper
468 3292 649 3347 clausa
692 3302 795 3357 est,
852 3302 907 3347 et
950 3292 1094 3347 solus
1124 3294 1380 3347 Dominus
1435 3293 1574 3347 Deus
1618 3292 1779 3346 Israel

210 3381 514 3451 ingreditur
554 3398 651 3451 per
690 3383 858 3437 eam?
908 3399 1099 3452 nempe
1135 3382 1222 3437 illa
1264 3382 1330 3436 de
1377 3397 1481 3451 qua
1532 3382 1782 3437 Salvator

208 3470 448 3539 loquitur
483 3470 535 3523 in
584 3471 871 3541 Evangelio
899 3490 911 3525 :
941 3490 957 3523 ι
996 3472 1083 3526 Va:
1126 3471 1296 3536 vobis,
1344 3470 1534 3525 scriba:
1565 3479 1618 3525 et
1644 3470 1781 3523 Pha-

210 3564 354 3617 risaei
403 3564 716 3635 hypocritte,
741 3572 795 3616 et
837 3579 916 3618 va:
970 3565 1119 3618 vobis
1163 3562 1469 3618 doctoribus
1509 3562 1659 3633 legis,
1690 3562 1780 3631 qui

210 3654 403 3708 tollitis
445 3653 649 3707 clavem
700 3655 938 3710 scientiae
965 3696 979 3719 ,
1028 3656 1126 3725 ipsi
1171 3672 1273 3710 non
1322 3657 1685 3729 ingredimini,
1728 3668 1781 3709 et

212 3744 482 3797 intrantes
507 3742 803 3811 prohibetis
833 3743 983 3812 (Luc.
1018 3744 1116 3813 xr).
1150 3764 1169 3796 ι
1208 3745 1282 3798 De
1309 3746 1410 3799 hac
1436 3747 1537 3799 sub
1567 3747 1780 3799 nomine

209 3832 337 3886 libri
380 3832 571 3887 scribit
622 3842 678 3887 et
717 3833 925 3886 Isaias:
988 3852 1004 3883 ι
1045 3835 1212 3888 Erunt
1256 3837 1417 3891 verba
1458 3835 1578 3889 libri
1626 3836 1781 3889 istius

208 3924 354 3978 sicut
385 3922 544 3977 verba
573 3924 798 3989 signata.
846 3924 1013 3989 Quem
1040 3940 1161 3980 Clltll
1204 3926 1413 3980 dederis
1450 3926 1650 3981 homini
1681 3944 1777 3981 nu-

216 4012 413 4067 scienti
442 4012 666 4076 litteras,
698 4022 750 4066 et
773 4012 975 4069 dixeris
1001 4013 1071 4079 ei,
1101 4013 1258 4085 Lege,
1286 4018 1625 4085 respondebit
1662 4019 1777 4080 tibi,

220 4101 418 4156 Nescio
438 4102 661 4159 litteras.
678 4103 744 4157 Et
761 4104 967 4158 dabunt
988 4104 1133 4159 illum
1148 4105 1347 4160 homini
1367 4108 1555 4162 scienti
1578 4108 1782 4163 litteras

209 4194 473 4257 dicentes,
504 4193 663 4265 Lege.
712 4195 779 4251 Et
806 4195 947 4250 dicet
982 4213 996 4250 :
1029 4194 1143 4250 Non
1182 4211 1397 4266 possum
1434 4197 1612 4268 legere
1656 4200 1779 4268 quia

209 4284 459 4353 signatus
486 4291 571 4338 est
598 4283 732 4355 (ha.
756 4284 926 4355 xxix).
964 4305 981 4335 ι
1014 4284 1122 4341 lste
1151 4294 1328 4340 autem
1361 4286 1496 4341 liber
1516 4297 1601 4341 est
1630 4289 1779 4356 cujus

214 4391 378 4431 nemo
404 4384 583 4446 potest
608 4376 815 4432 solvere
854 4386 907 4431 et
948 4378 1157 4448 aperire
1185 4378 1478 4449 signacula,
1524 4394 1696 4449 neque
1726 4381 1777 4434 in

212 4465 378 4531 caelo,
409 4481 582 4535 neque
624 4466 681 4521 in
718 4475 882 4531 terra,
930 4480 1101 4535 neque
1138 4465 1236 4520 sub
1265 4475 1434 4521 terra:
1463 4468 1563 4522 nisi
1594 4468 1679 4522 ille
1714 4469 1778 4522 de

1876 1938 2083 1991 sionem
2110 1952 2263 1991 suam
2292 1954 2397 1992 non
2426 1952 2545 1993 esse
2575 1938 2893 2009 perlectum,
2942 1949 2996 1994 et
3025 1941 3192 2011 magis
3220 1957 3457 2011 quaerere

1877 2042 2039 2097 quam
2070 2028 2339 2084 invenisse
2382 2029 2522 2098 quod
2558 2045 2766 2096 verum,
2821 2046 2925 2087 non
2953 2032 3125 2086 solum
3153 2047 3231 2098 se,
3282 2034 3374 2089 sed
3403 2045 3458 2090 et

1877 2118 2012 2174 alios
2055 2120 2185 2174 dicit
2224 2136 2345 2175 esse
2379 2119 2683 2191 perfectos:
2710 2138 2729 2165 ι
2773 2120 3046 2193 Quotquot
3084 2112 3211 2194 ergo
3235 2124 3455 2194 perfecti

1878 2208 1981 2263 hoc
2010 2209 2282 2278 sapiamus
2310 2207 2522 2281 (Ibid.).
2555 2226 2574 2260 ι
2603 2210 2700 2265 Est
2727 2196 2904 2265 autem
2933 2226 3122 2266 sensus
3145 2212 3303 2281 hujus
3330 2213 3455 2279 loci,

1878 2297 1946 2351 ad
1974 2298 2429 2366 comparationem
2474 2298 2749 2353 hominum
2780 2309 3099 2355 czeterorum
3130 2302 3221 2370 qui
3266 2316 3453 2357 curam

1880 2400 1987 2440 non
2014 2386 2215 2441 habent
2239 2386 2441 2440 notitia:
2490 2386 2913 2459 Scripturarum,
2945 2405 3045 2444 nec
3071 2390 3454 2461 mysteriorum

1878 2474 1999 2541 Dei,
2028 2474 2327 2546 perfectum
2348 2490 2469 2531 esse
2499 2492 2585 2532 me
2612 2476 2802 2533 fateor.
2857 2478 3125 2546 Quantum
3156 2489 3336 2535 autem
3378 2482 3447 2537 ad

1880 2567 2378 2622 scientiam‘divinae
2401 2566 2719 2638 majestatis,
2739 2584 2880 2624 nunc
2902 2571 2953 2625 in
2976 2570 3255 2642 aenigmate
3274 2570 3453 2634 video,

1880 2666 1937 2713 et
1960 2671 2062 2729 per
2089 2656 2331 2713 nubilum
2361 2667 2415 2713 et
2442 2658 2745 2730 caliginem,
2774 2670 2830 2715 et
2856 2661 2977 2717 dico
2997 2677 3119 2717 eum
3146 2662 3409 2734 Propheta
3433 2679 3449 2717 :

1886 2769 1905 2803 ι
1946 2748 2206 2805 llirabilis
2243 2748 2385 2805 facta
2412 2761 2493 2805 est
2523 2752 2747 2805 scientia
2783 2761 2871 2807 tua
2896 2767 2961 2807 ex
2997 2768 3105 2820 me,
3152 2754 3454 2810 conlortata

1881 2849 1984 2905 est,
2031 2848 2085 2895 et
2123 2856 2227 2895 non
2255 2849 2442 2911 potero
2471 2842 2537 2894 ad
2582 2857 2699 2897 eam
2742 2841 2914 2915 (Ptol.
2957 2844 3239 2917 cxxxvtu).
3280 2864 3299 2897 ι
3330 2844 3457 2901 Haec

1882 2931 2046 3001 igitur
2080 2940 2233 3001 porta
2277 2946 2395 3000 qua:
2424 2931 2674 2985 omnibus
2703 2931 2884 2987 clausa
2914 2943 3016 2997 est,
3065 2934 3149 2988 vir
3175 2934 3320 2990 enim
3349 2950 3453 2989 non

1884 3021 2134 3074 transibit
2185 3034 2271 3090 pet
2310 3034 2451 3083 eam,
2494 3020 2598 3074 erit
2647 3021 2826 3075 clausa
2876 3022 3102 3093 principi
3148 3024 3261 3079 sive
3308 3023 3453 3089 duci,

1886 3121 1942 3167 et
1966 3112 2105 3167 illius
2138 3112 2387 3168 adventui
2424 3111 2755 3167 reserabitur
2800 3112 2891 3181 qui
2924 3130 2943 3163 ‹
2981 3114 3184 3168 sedebit
3228 3114 3279 3167 in
3308 3128 3371 3167 ea
3398 3124 3455 3167 ut

1882 3293 2172 3363 Evangelia
2215 3294 2498 3361 proﬁtetur
2548 3291 2774 3346 dicens:
2812 3310 2830 3342 ι
2870 3290 3017 3346 Meus
3058 3292 3207 3346 cibus
3249 3305 3353 3359 est,
3397 3304 3455 3347 ut

1881 3380 2074 3435 faciam
2105 3380 2434 3435 voluntatem
2467 3379 2581 3446 ejus
2622 3381 2710 3448 qui
2743 3394 2828 3433 me
2858 3379 3021 3443 misit,
3072 3388 3127 3435 et
3156 3381 3451 3451 eompleam

1879 3486 2016 3539 opus
2041 3471 2157 3540 ejus
2184 3471 2363 3543 (loan.
2394 3470 2489 3540 IV).
2540 3490 2558 3522 ι
2591 3468 2707 3540 Ipse
2733 3479 2820 3524 est
2857 3469 3108 3540 princeps
3130 3482 3183 3524 et
3211 3472 3451 3540 pontifex

1882 3563 2172 3616 secundum
2218 3562 2459 3617 ordinem
2511 3560 2897 3615 Melchisedech
2950 3557 3138 3630 (Psal.
3188 3560 3337 3633 cxx),
3400 3572 3456 3616 et

1882 3652 2057 3705 hostia
2084 3661 2137 3704 et
2159 3654 2429 3717 sacerdos,
2461 3651 2550 3720 qui
2577 3650 2631 3704 in
2664 3660 2951 3721 conspectu
2985 3652 3150 3719 patris
3176 3654 3451 3708 nobiscum

1881 3745 2155 3799 caelestem
2200 3745 2433 3799 comedit
2482 3759 2697 3814 panem,
2741 3752 2797 3797 et
2821 3744 3001 3797 vinum
3036 3744 3185 3808 bibit,
3244 3745 3308 3799 de
3345 3760 3451 3815 quo

1883 3835 2119 3905 loquitur
2144 3836 2195 3887 in
2245 3834 2571 3903 Evangelia:
2620 3851 2638 3883 ι
2679 3831 2794 3887 Νοιι
2846 3832 3024 3887 bibam
3068 3834 3134 3888 de
3185 3836 3454 3906 genimine

1883 3926 2007 3979 vitis
2037 3924 2215 3991 hujus,
2263 3924 2368 3977 nisi
2402 3939 2524 3978 cum
2576 3923 2763 3977 hibero
2790 3922 2915 3977 illud
2946 3939 3138 3979 novum
3189 3925 3243 3980 in
3288 3942 3452 3996 regno

1880 4014 2057 4067 Patris
2089 4014 2191 4066 mei
2220 4012 2434 4082 (Matth.
2460 4013 2626 4083 xxvr):
2660 4030 2679 4063 ι
2708 4014 2761 4065 in
2786 4012 2873 4067 illo
2899 4014 3140 4068 videlicet
3170 4029 3354 4084 regno,
3386 4019 3452 4073 de

1881 4120 1987 4173 quo
2022 4103 2210 4157 scribit
2240 4101 2563 4171 Apostolus:
2597 4120 2614 4152 ι
2647 4101 2888 4173 Regnum
2938 4102 3030 4157 Dei
3062 4103 3201 4157 intra
3235 4120 3328 4160 vos
3372 4118 3455 4162 est

1883 4193 2032 4265 (Luc.
2081 4192 2248 4263 xm).
2298 4210 2318 4243 ι
2368 4191 2669 4261 Clausaque
2712 4194 2816 4247 erit
2864 4204 3055 4263 porta:
3102 4210 3259 4251 nemo
3306 4200 3449 4255 enim

1879 4294 2055 4355 potest
2076 4284 2341 4354 passionis
2359 4282 2566 4338 Domini
2588 4285 2930 4354 corporisque
2951 4284 3082 4353 ejus,
3107 4294 3161 4341 et
3181 4289 3454 4359 sanguinis

1880 4392 1977 4445 pro
2009 4372 2282 4442 majestate
2302 4373 2378 4427 rei
2406 4381 2744 4427 sacramenta
2768 4387 3109 4442 cognoscere.
3161 4374 3453 4448 Tantmquo

1880 4467 2135 4523 bonitatis
2156 4475 2240 4521 est
2259 4474 2314 4518 et
2330 4464 2626 4520 clementia:
2652 4465 2904 4535 princeps
2928 4475 3127 4532 uoster,
3150 4477 3207 4521 ut
3224 4483 3345 4522 cum
3365 4484 3452 4524 so-

212 4556 398 4627 quoin
428 4534 745 4625 Apocalypsi
770 4553 992 4609 Joannis
1014 4534 1209 4609 dicitur
1239 4573 1253 4609 :
1288 4574 1306 4606 ι
1337 4556 1477 4611 Ecce
1526 4557 1655 4611 vicit
1696 4556 1777 4613 leo
1808 4534 1856 4592 θ
1881 4559 1964 4612 lus
2001 4558 2183 4613 sedeat
2219 4556 2273 4610 in
2298 4564 2452 4626 porta
2477 4570 2594 4625 qua:
2638 4534 2817 4611 clausa
2846 4566 2948 4621 est,
2979 4565 3033 4610 et
3054 4572 3245 4627 panem
3266 4574 3448 4615 coram

212 4647 282 4701 de
334 4646 474 4699 tribu
520 4644 692 4709 Juda,
742 4644 889 4699 radix
928 4654 983 4699 et
1018 4661 1188 4715 genus
1230 4647 1416 4711 David,
1467 4656 1524 4701 ut
1574 4649 1780 4715 aperiat

212 4733 412 4789 librum
457 4742 513 4788 et
554 4734 727 4789 solvat
765 4734 1035 4804 signacula
1060 4734 1176 4802 ejus
1217 4736 1399 4806 (Apoc.
1434 4736 1509 4805 v).
1569 4756 1585 4787 ι
1625 4736 1779 4791 Prius

212 4822 362 4877 iniu)
390 4836 549 4892 quam
598 4821 844 4875 Salvator
893 4823 1183 4876 humanum
1233 4839 1430 4893 corpus
1478 4834 1779 4880 assumeret

212 4924 272 4968 ct
303 4914 607 4968 humiliaret
631 4928 691 4967 se
718 4911 944 4967 formam
970 4915 1108 4968 servi
1150 4914 1421 4982 accipiens
1452 4913 1667 4987 (Philip.
1694 4915 1777 4987 ιι),

214 5004 398 5059 clausa
425 5014 541 5057 erat
583 5002 667 5057 lex
685 5010 741 5057 et
778 5004 1055 5072 pr0phetze
1098 5012 1154 5059 et
1182 5004 1357 5057 omnis
1387 5005 1611 5058 scientia
1640 5005 1782 5059 Scri-

213 5103 517 5164 pturarum,
546 5094 760 5149 clausus
784 5101 899 5148 erat
942 5094 1241 5163 paradisus.
1274 5094 1559 5163 Postquam
1601 5104 1780 5150 autem

215 5184 311 5240 ille
336 5185 588 5254 pependit
632 5184 683 5237 in
712 5198 894 5249 cruce,
940 5192 995 5239 et
1021 5183 1231 5239 locutus
1257 5193 1340 5238 est
1381 5184 1447 5237 ad
1474 5184 1738 5239 latronem
1762 5202 1776 5239 :

222 5295 243 5329 ι
289 5275 457 5330 Hodie
480 5290 687 5329 mecum
713 5274 822 5329 eris
848 5275 899 5330 in
938 5275 1189 5346 paradiso
1218 5274 1367 5346 (Luc.
1393 5276 1572 5345 mu),
1606 5296 1625 5329 ι
1666 5287 1778 5332 sta-

216 5368 317 5425 tim
345 5366 518 5421 velum
545 5366 726 5436 templi
755 5366 983 5422 scissum
1009 5376 1111 5431 est,
1139 5378 1193 5421 et
1219 5377 1402 5436 aperta
1425 5376 1549 5422 sunt
1568 5370 1770 5435 omnia;

214 5458 503 5527 ablataque
556 5457 819 5513 velamine
860 5460 1125 5515 dicimus:
1162 5477 1180 5510 ι
1217 5460 1325 5515 Nos
1368 5471 1548 5515 autem
1591 5478 1777 5519 omnes

216 5551 455 5609 revelata
496 5549 635 5606 facie
676 5550 902 5621 gloriam
941 5551 1151 5607 Domini
1197 5552 1617 5621 contemplantes
1641 5592 1656 5617 ,
1722 5553 1777 5607 in

217 5646 462 5701 eamdem
510 5644 795 5715 imaginem
839 5644 1335 5701 transformatnura
1376 5646 1543 5717 gloria
1585 5645 1775 5717 inglo—

219 5740 357 5795 riam
384 5736 468 5809 (ll
494 5738 614 5791 Cor.
650 5738 751 5805 ιιι).
788 5758 805 5789 ι
834 5737 928 5792 Sin
956 5748 1131 5793 autem
1161 5739 1389 5793 revelata
1414 5748 1534 5794 sunt
1576 5738 1779 5806 omnia,

587 5834 855 5889 ιἰἰίιοι..
898 5830 1028 5888 (ΣΧ.

1883 4649 2109 4703 Donino
2150 4646 2415 4711 comedat,
2461 4644 2591 4698 velit
2634 4660 2833 4700 mensa:
2864 4662 2975 4701 sua:
3020 4655 3183 4711 atque
3217 4650 3446 4703 convivii

1877 4732 2059 4797 plures
2084 4730 2283 4783 habere
2300 4728 2884 4787 consortes.etclieat:
2924 4745 2941 4778 ι
2987 4726 3126 4783 Ecce
3152 4745 3251 4799 ego
3272 4742 3356 4782 sto
3386 4733 3451 4783 ad

1874 4824 2074 4875 ostium
2089 4830 2141 4875 et
2161 4821 2318 4891 pulso
2340 4838 2353 4875 :
2384 4820 2567 4888 siquis
2583 4819 2883 4885 aperuerit,
2915 4818 3191 4888 ingrediar
3212 4820 3276 4873 ad
3302 4834 3451 4883 eum,

1872 4922 1928 4968 et
1946 4913 2177 4969 romabo
2206 4931 2330 4969 cum
2350 4915 2441 4968 illo
2457 4923 2513 4967 et
2534 4914 2879 4983 ipsemecum
2906 4911 3091 4981 (Apoc.
3113 4906 3215 4977 ni).
3231 4930 3250 4964 ι
3291 4912 3457 4967 Solus

1884 4987 2062 5063 autem
2088 5024 2278 5077 panem
2298 5009 2531 5062 comedit
2549 5022 2732 5061 coram
2762 5005 3005 5068 Domino,
3047 5004 3173 5075 quia
3200 5005 3447 5061 substan-

1885 5100 1955 5152 tia
1986 5097 2103 5166 ejus
2130 5098 2419 5166 divinaque
2448 5104 2641 5151 natura
2666 5094 2876 5153 cunctis
2902 5103 3273 5151 creaturarum
3316 5098 3446 5151 sub-

1882 5192 2094 5249 stantiis
2115 5202 2364 5262 separata
2391 5201 2492 5246 est.
2528 5190 2645 5261 Ipse
2665 5204 2762 5259 per
2785 5189 3025 5245 eamdem
3051 5188 3298 5244 vestibuli
3320 5206 3447 5259 por-

1886 5294 1993 5339 tam
2025 5283 2322 5355 ingreditur
2366 5292 2419 5337 et
2448 5282 2743 5350 egreditur,
2797 5281 2922 5351 quia
2959 5289 3012 5334 et
3039 5280 3184 5335 intus
3204 5288 3259 5335 et
3292 5280 3446 5349 loris,

1884 5375 1987 5428 hoc
2012 5384 2095 5429 est
2126 5372 2333 5428 inlusus
2359 5381 2414 5426 et
2437 5370 2792 5425 circumfusus
2817 5370 3081 5434 omnibus,
3112 5370 3448 5441 ingrediens-

1882 5480 1988 5534 que
2026 5480 2122 5535 per
2158 5472 2393 5533 portam,
2422 5471 2682 5516 utsecum
2704 5461 3113 5515 introducateos
3132 5461 3221 5529 qui
3243 5462 3447 5533 absque

1884 5554 2128 5610 doctrina
2174 5554 2292 5624 ejus
2338 5561 2393 5606 et
2434 5552 2635 5606 auxilio
2687 5552 2887 5607 intmre
2932 5565 3036 5605 non
3082 5560 3302 5621 possunt
3340 5569 3354 5605 :
3390 5563 3448 5611 et

1884 5644 2164 5715 egrediens
2187 5652 2246 5695 ut
2274 5656 2485 5696 rursum
2515 5641 2648 5695 alios
2676 5640 2994 5702 introdueat,
3019 5648 3075 5693 et
3099 5639 3344 5709 loquatur
3366 5642 3448 5697 eis

1886 5736 1977 5807 qui
1999 5733 2296 5790 diﬁiciliora
2318 5748 2423 5788 non
2447 5733 2685 5803 capiunt.
2720 5732 2870 5798 Quod
2896 5739 3073 5785 autem
3096 5739 3244 5801 porta
3270 5733 3449 5788 orien~

2976 5822 3053 5880 32
