3950 6356
473 350 604 407 1003

1099 355 1155 408 Β.
1202 354 1449 415 [MBAN
1492 356 1708 411 suum
1748 357 2030 411 Alltlilllil‘

2135 357 2407 413 iOGUNT.
2450 360 2729 416 ΟΡΕΙὶῖὲΜ
2772 362 2946 416 PARS
2982 364 3044 416 ll.

3592 367 3725 419 nm

469 466 589 518 talis
616 474 768 518 extra
816 467 1073 520 terminos
1120 466 1304 520 mundi
1356 482 1568 536 semper
1618 466 1797 520 clausa
1850 466 1939 531 sit,
1985 475 2041 520 et
2067 473 2116 531 Α
2143 478 2198 520 et
2226 476 2349 522 ante
2398 480 2636 538 partum,
2683 479 2739 525 et
2782 483 2902 541 post
2945 483 3155 542 partum
3202 476 3353 546 virgo
3397 478 3717 546 permansit.

465 556 698 611 humano
730 570 1063 625 nequaquam
1091 566 1275 627 pateat
1320 559 1581 628 aSpectui,
1612 557 1835 614 Joannis
1864 558 2039 612 Evan-

463 646 660 715 gelium
679 646 890 716 probat,
917 646 1176 701 dicentis:
1209 666 1226 697 ι
1260 647 1428 703 Deum
1453 665 1609 703 nemo
1624 650 1755 702 vidit
1778 665 2034 717 unquam,

463 736 768 807 unigenitus
794 735 934 790 ﬁlius
959 737 1050 806 qui
1079 745 1161 791 est
1188 738 1239 790 iu
1269 740 1391 792 sinu
1420 739 1596 793 Patris
1627 740 1739 808 ipse
1760 740 2059 793 enarravit

462 826 640 893 (Joan.
673 822 732 896 l).
775 845 792 877 ι
854 826 1018 891 Quasi
1064 826 1184 881 aliis
1223 828 1404 882 verbis
1452 828 1682 881 dixerit:
1744 848 1759 877 ι
1811 828 2035 897 Eritque

436 914 640 969 clausa
668 906 895 985 principi
923 934 933 968 :
970 916 1217 985 princeps
1245 916 1390 971 solus
1418 917 1626 970 sedebit
1668 917 1719 969 in
1750 932 1811 971 ea
1838 927 1894 970 ut
1939 931 2032 971 co—

418 998 644 1064 nmeth
664 1022 861 1077 panem
894 1026 911 1058 ι
947 1007 1199 1077 perfecta:
1227 1018 1281 1062 et
1331 1018 1715 1063 consummata:
1759 1008 2025 1061 scientiae:

464 1112 487 1145 ι
526 1086 697 1154 Nemo
712 1098 1016 1152 enimnovit
1044 1096 1237 1151 Filium
1267 1098 1368 1152 nisi
1396 1097 1577 1161 Pater,
1607 1106 1663 1151 et
1694 1111 1852 1151 nemo
1882 1097 2030 1150 novit

422 1184 675 1243 Patrem
716 1190 816 1243 nisi
852 1190 1038 1254 Filius,
1085 1199 1139 1245 et
1169 1190 1254 1244 cui
1302 1189 1533 1243 voluerit
1575 1187 1745 1242 Filius
1791 1187 2029 1242 revelare

459 1273 672 1353 (Ma/llr.
716 1280 812 1351 χι).
852 1303 868 1331 ι
917 1282 1142 1337 Pulchre
1172 1283 1388 1352 quidam
1422 1291 1629 1350 portam
1665 1280 1901 1334 clausam
1934 1294 2032 1348 per

458 1386 613 1438 quam
649 1371 793 1426 solus
820 1371 1078 1427 Dominus
1112 1374 1250 1427 Deus
1273 1372 1436 1427 Israel
1468 1372 1788 1443 ingreditur,
1836 1378 1891 1425 et
1922 1372 2026 1423 dux

455 1460 534 1511 eui
554 1468 711 1528 porta
729 1462 909 1518 c!.tusa
933 1472 1015 1517 est
1028 1463 1248 1517 Mariam
1265 1464 1523 1531 virginem
1552 1460 1850 1531 intelligunt
1876 1500 1891 1525 ,
1914 1473 2031 1528 qua:

2143 555 2352 610 Etenim
2378 564 2615 625 tempore
2644 575 2750 628 quo
2779 561 3000 631 angelus
3027 562 3385 631 loquebatur:
3421 583 3439 615 ι
3480 564 3717 634 Spiritus

2140 656 2358 701 sanctus
2385 648 2563 702 veniet
2590 664 2751 718 super
2772 659 2842 715 te,
2866 659 2919 705 et
2946 652 3119 706 virtus
3144 652 3408 707 Altissimi
3431 655 3715 731 obumbra-

2138 736 2214 789 bit
2236 744 2316 800 te;
2343 737 2484 805 quod
2501 744 2680 791 autem
2702 748 2954 793 nascetur
2978 755 3044 793 ex
3068 749 3119 793 te
3141 750 3411 807 sanctum,
3434 745 3717 798 vocabitur

2136 826 2301 881 Filius
2334 828 2426 881 Dei
2478 826 2629 898 (Luc.
2676 828 2739 901 1).
2784 848 2802 882 ι
2842 832 2910 884 Et
2956 834 3170 901 quando
3210 845 3373 889 natus
3402 847 3505 900 est,
3557 837 3711 906 virgo

2135 920 2431 987 permansit
2476 929 2704 986 mterua,
2748 921 2814 974 ad
2846 924 3248 979 confundendos
3292 942 3385 980 eos
3435 926 3527 995 qui
3570 926 3710 980 arbie

2138 1017 2361 1062 trantur
2372 1024 2491 1064 eam
2523 1018 2644 1078 post
2673 1012 3007 1065 nativitatem
3040 1012 3337 1067 Salvatoris
3363 1016 3618 1069 habuisse
3644 1014 3710 1067 de

2133 1098 2328 1168 Josepb
2355 1100 2511 1165 filios,
2557 1115 2623 1155 ex
2652 1103 2935 1157 occasione
2987 1102 3213 1158 fratrum
3244 1103 3362 1172 ejus
3389 1106 3480 1174 qui
3511 1120 3712 1160 vocan-

2136 1196 2222 1241 tur
2248 1189 2302 1241 in
2351 1188 2659 1257 Evangelio.
2716 1190 2890 1259 Super
2932 1207 3034 1259 qua
3088 1191 3476 1260 quarstiuncula
3522 1191 3709 1246 Romae

2137 1279 2419 1333 adversum
2456 1278 2776 1344 Helvidium,
2824 1280 2966 1334 illius
2994 1283 3251 1350 temporis
3290 1282 3625 1345 hmreticum,
3652 1281 3707 1333 in

2137 1369 2493 1425 adolescentia
2514 1385 2619 1425 non
2634 1372 2886 1437 grandem
2913 1372 3108 1426 librum
3133 1373 3414 1442 scripsisse
3438 1389 3521 1426 me
3560 1371 3705 1435 novi,

2137 1459 2212 1513 ait
2248 1460 2621 1529 Hieronymus.

454 1620 3680 1643 W

1377 1757 1667 1835 LIBER
1742 1756 2191 1834 DECIMUS
2266 1755 2759 1835 OCTAVUS.

826 1990 1174 2063 SEQUITUR
1222 1988 1447 2047 CAPUT
1484 1989 1665 2045 XLIV.

519 2091 643 2145 Post
672 2088 1083 2159 descriptionem
1102 2086 1290 2139 domus
1319 2092 1517 2138 sancta:
1539 2090 1595 2137 et
1635 2087 1859 2136 ornatus
1904 2079 2022 2148 ejus

450 2164 609 2253 atque
630 2181 955 2238 ostensionis
981 2178 1161 2249 gloriae
1202 2175 1413 2230 Domini
1458 2188 1577 2242 quas
1621 2170 2022 2243 ingrediebatur

452 2275 705 2344 templum
726 2288 821 2343 per
843 2272 982 2325 viam
1004 2266 1340 2331 orientalem,
1375 2265 1649 2334 ipsiusque
1663 2269 1932 2337 praecepta
1954 2261 2019 2314 ad

449 2365 786 2435 prophetam,
820 2376 963 2415 nunc
1005 2358 1225 2413 instruit
1246 2371 1369 2409 eum
1390 2356 1455 2408 dc
1478 2354 1742 2407 universis
1770 2366 2023 2407 czercuio-

424 2457 553 2513 ,niis
576 2455 767 2511 domus
791 2451 1020 2515 Domini,
1046 2457 1101 2505 et
1122 2449 1186 2504 de
1215 2445 1423 2502 cunctis
1467 2444 1672 2514 legibus
1703 2444 1839 2512 ejus,
1871 2441 2023 2510 cujus

452 2548 760 2619 mysterium
784 2540 1104 2614 inprazsenti
1128 2540 1288 2603 libro,
1312 2537 1415 2591 hoc
1454 2543 1536 2590 est
1583 2542 1773 2589 octavo
1813 2532 2022 2587 decimo

453 2644 613 2709 hujus
633 2639 831 2709 operis,
864 2634 1256 2704 cxplanandum
1280 2637 1361 2698 est

524 2749 539 2777 ι
561 2728 634 2789 Et
663 2724 881 2781 adduxit
910 2736 993 2777 me
1014 2735 1111 2792 per
1140 2719 1280 2773 viam
1307 2725 1475 2787 portae
1500 2713 1779 2784 Aquilonis
1811 2712 1865 2767 in
1893 2726 2021 2766 con-

454 2840 472 2870 ι
507 2826 690 2886 spectu
721 2814 911 2869 domus
942 2832 954 2865 :
988 2821 1042 2867 et
1071 2812 1198 2873 vidi,
1228 2816 1283 2863 et
1323 2821 1450 2862 ecce
1504 2804 1815 2874 impleverat
1859 2801 2022 2873 gioria

453 2929 469 2957 ι
510 2907 716 2961 Domini
742 2905 956 2960 domum
985 2901 1218 2964 Domini,
1246 2909 1300 2953 et
1324 2897 1490 2953 cecidi
1520 2896 1573 2949 in
1602 2894 1792 2949 faciem
1825 2909 2018 2947 meam.

455 3017 470 3045 ι
508 2998 574 3050 lit
601 2996 733 3049 dixit
763 2995 827 3047 ad
872 3008 955 3047 me
989 2990 1281 3044 Dominus:
1315 2986 1415 3041 Fili
1461 2984 1712 3048 heminis,
1754 2996 1890 3051 pone
1930 2996 2024 3035 cor

456 3108 471 3138 ι
509 3099 675 3151 tuum,
704 3095 757 3141 et
777 3102 797 3137 ι
813 3086 894 3139 ide
913 3082 1083 3137 oculis
1108 3080 1229 3143 tuis,
1254 3087 1307 3132 ct
1334 3077 1554 3130 auribus
1577 3076 1681 3128 tuis
1701 3074 1823 3127 audi
1845 3073 2021 3126 omnia

456 3199 471 3232 ι
511 3197 629 3249 quin
655 3195 753 3250 ego
775 3177 963 3246 loquor
985 3171 1052 3227 ad
1083 3181 1133 3226 te
1154 3171 1218 3226 de
1241 3168 1507 3223 universis
1552 3165 1886 3219 caeremoniis
1932 3164 2025 3216 do-

453 3291 469 3326 ι
505 3289 625 3327 mus
648 3270 873 3329 Domini,
909 3266 1055 3323 etde
1087 3262 1293 3319 cunctis
1325 3260 1529 3331 legibus
1568 3258 1701 3327 ejus.
1754 3256 1821 3309 Et
1858 3270 2022 3324 pones

2053 1995 2096 2053 Β
2131 2004 2148 2035 ‹
2186 1985 2275 2039 Ille
2295 1995 2414 2039 erat
2440 1985 2656 2040 lucerna
2680 1987 2865 2044 lucens
2892 1990 2943 2043 in
2971 1990 3129 2046 domo
3153 1991 3343 2061 (Joan.
3368 1997 3455 2067 v).
3492 2018 3510 2050 ι
3536 1998 3697 2057 Post-

2121 2091 2279 2145 quam
2299 2085 2479 2132 autem
2503 2078 2647 2134 venit
2671 2079 2749 2134 sol
2793 2081 3035 2150 justitire,
3091 2084 3322 2141 lucernae
3364 2088 3543 2145 lumen
3580 2096 3704 2150 alis-

2121 2165 2391 2220 conditum
2423 2174 2524 2231 est,
2557 2168 2765 2223 dicente
2790 2170 2904 2239 ipso
2932 2173 3189 2242 propheta
3237 2186 3398 2246 atque
3430 2178 3702 2249 Baptista:

2128 2277 2145 2308 ι
2180 2256 2333 2311 Illum
2364 2266 2576 2325 oportet
2621 2273 2888 2325 crescere,
2934 2277 3019 2316 me
3069 2271 3248 2318 autem
3295 2267 3462 2320 minui
3510 2270 3699 2337 (Joan.

2122 2350 2232 2416 ιιι).
2266 2367 2282 2398 ›
2318 2346 2524 2402 Cecidit
2550 2359 2729 2404 autem
2752 2350 2805 2403 in
2844 2351 3036 2406 faciem
3084 2368 3236 2407 suam
3290 2356 3576 2427 propheta,
3638 2376 3706 2415 ne

2123 2438 2247 2491 dum
2277 2438 2395 2507 plus
2417 2453 2639 2493 cernere
2661 2442 2827 2508 cupit,
2851 2457 3010 2511 quam
3036 2452 3212 2511 potest
3240 2445 3476 2501 humana
3526 2448 3698 2518 fragi-

2124 2529 2245 2582 litas
2274 2528 2494 2593 intueri,
2530 2530 2694 2584 etiam
2721 2532 2894 2600 ipsum
2941 2534 3218 2588 oculorum
3271 2536 3449 2593 lumen
3492 2540 3706 2595 amitte-

2125 2628 2224 2673 ret.
2251 2619 2403 2675 Unde
2432 2620 2750 2676 familiarius
2778 2636 2902 2677 eum
2937 2634 3093 2678 vocat
3123 2625 3378 2683 Dominus
3403 2628 3574 2697 ﬁlium
3612 2630 3706 2685 lto—

2125 2710 2295 2773 minis,
2318 2711 2665 2780 prmcipitque
2687 2721 2745 2765 ut
2762 2721 2929 2781 ponat
2962 2729 3056 2769 cor
3082 2730 3237 2770 suum
3282 2725 3337 2771 et
3367 2718 3543 2772 videat
3568 2734 3703 2775 ocu—

2125 2796 2206 2861 lis,
2237 2808 2289 2852 et
2317 2799 2539 2853 auribus
2568 2800 2770 2855 audiat.
2818 2801 3053 2856 Primum
3092 2804 3233 2871 enim
3290 2806 3355 2858 ad
3402 2806 3704 2877 intelligen-

2124 2888 2251 2941 dum
2281 2890 2421 2956 quod
2453 2889 2648 2943 dicitur
2669 2890 2990 2958 aperiendus
3038 2902 3120 2947 est
3148 2890 3401 2948 “animus.
3455 2894 3707 2951 Secundo

2125 2978 2304 3031 cos-dis
2328 2979 2651 3049 intelligendi
2682 2980 2872 3046 oculis,
2900 2982 2966 3035 de
2994 2982 3187 3050 quibus
3212 2984 3408 3037 dicitur
3435 2987 3501 3039 ad
3526 2985 3701 3039 Abra-

2128 3071 2251 3123 ham
2281 3088 2293 3123 ε
2328 3091 2345 3121 ι
2370 3070 2507 3126 Leva
2536 3072 2720 3127 oculos
2747 3081 2887 3138 tuos,
2926 3081 2984 3128 et
3030 3074 3149 3128 vide
3189 3075 3370 3131 stellas
3396 3078 3519 3131 cadi
3545 3076 3699 3149 (Gen.

2128 3162 2251 3230 xv).
2291 3182 2307 3212 ι
2360 3163 2541 3217 Tertio
2594 3150 2679 3220 his
2725 3165 2945 3219 auribus
3000 3167 3343 3231 audiendum,
3389 3170 3454 3223 de
3511 3170 3706 3238 quibus

2128 3251 2374 3307 Salvator
2394 3252 2468 3306 ait
2497 3271 2509 3304 :
2540 3270 2559 3303 ι
2587 3251 2685 3320 Qui
2710 3254 2873 3309 habet
2893 3270 3051 3309 aures
3070 3256 3316 3311 audiendi
3348 3257 3704 3328 audiat(Luc.

453 3380 470 3413 ι
502 3377 596 3417 cor
621 3371 769 3413 tuum
798 3359 849 3411 in
878 3356 979 3410 viis
1004 3352 1181 3422 templi
1209 3366 1303 3420 per
1349 3362 1536 3403 omnes
1562 3346 1736 3399 exitus
1784 3352 2031 3398 sanctua—
2060 3342 2105 3403 C
2136 3358 2228 3395 vui
2249 3342 2287 3413 ).
2329 3362 2347 3395 ι
2380 3342 2457 3409 ω,
2484 3344 2656 3412 possit
2680 3354 2900 3400 cunctas
2927 3347 3105 3415 templi
3136 3348 3484 3402 cteremonias
3526 3358 3580 3403 et
3624 3349 3704 3404 le-

456 3468 473 3504 ‹
508 3452 593 3505 rii.
628 3467 647 3501 ι
686 3444 975 3519 (Iliorum)
1024 3443 1118 3497 \‘ir
1157 3442 1248 3511 qui
1278 3440 1466 3493 ductor
1500 3436 1771 3505 propheta:
1821 3440 1923 3495 est,
1971 3439 2025 3486 ct

449 3557 555 3613 quo
584 3549 776 3597 cuncta
806 3540 858 3592 in
906 3535 1102 3604 templo
1143 3540 1477 3587 monstrante
1526 3527 1817 3598 cognoscit,
1874 3532 2024 3595 post-

451 3651 614 3708 quam
643 3632 880 3687 clausam
918 3629 966 3682 ei
1012 3625 1319 3681 ostenderat
1369 3629 1597 3690 portam,
1646 3629 2027 3685 nunquamque

456 3707 822 3787 reserandum,
846 3730 899 3775 et
926 3729 1103 3773 tamen
1135 3724 1376 3784 apertam
1408 3712 1457 3766 ei
1485 3710 1573 3781 qui
1600 3708 1800 3763 clausis
1830 3707 2027 3775 ingrcs-

457 3836 546 3875 sus
572 3827 657 3873 est
689 3816 862 3879 ostiis,
884 3808 1361 3878 ducitpropbetam
1387 3804 1455 3857 ad
1495 3802 1634 3853 viam
1667 3805 1832 3867 porta:
1878 3796 2027 3864 aqui-

456 3911 610 3974 tonis,
635 3920 752 3975 qua:
783 3914 960 3957 tamen
982 3908 1037 3955 et
1065 3899 1177 3967 ipsa
1206 3902 1349 3949 esset
1388 3893 1441 3947 in
1485 3896 1774 3957 conspectu
1815 3887 2025 3945 donms,

456 4000 594 4054 haud
635 3994 853 4050 dubium
879 3990 1007 4060 quin
1030 3985 1283 4055 templum
1310 3980 1590 4053 signiﬁcet.
1636 3978 1876 4043 Cumque
1908 3989 2029 4042 pro-

458 4092 618 4164 pheta
649 4104 676 4144 e
701 4086 920 4157 regione
950 4081 1169 4135 vidisset
1196 4076 1406 4146 plenam
1436 4072 1652 4126 domum
1685 4068 1892 4121 Domini
1920 4066 2029 4135 glo-

460 4158 533 4238 ria
559 4172 1046 4241 Domini,eamdem
1067 4168 1314 4225 videlicet
1333 4178 1491 4233 quam
1520 4163 1570 4213 in
1593 4158 1857 4229 aquilonis
1879 4158 2029 4225 plaga

458 4277 662 4346 pesitus
696 4280 880 4325 contra
933 4265 1212 4326 cernebat,
1258 4260 1437 4315 statim
1485 4253 1679 4310 cecidit
1736 4252 1788 4303 in
1840 4250 2029 4346 faciem

458 4342 630 4425 suam,
662 4361 990 4426 majestatem
1015 4354 1194 4425 gloriae
1217 4349 1422 4404 Domini
1447 4348 1586 4401 ferre
1610 4361 1712 4400 non
1737 4342 2028 4398 sustinens.

464 4456 617 4512 Unde
641 4453 764 4507 auia
797 4451 971 4501 fuerat
998 4443 1297 4499 humilitate
1318 4440 1573 4508 dejeetus,
1618 4434 1746 4489 dicit
1776 4434 1841 4486 ad
1887 4444 2028 4492 eant,

463 4516 797 4614 lt.‘:;tltttlit;tln
833 4538 913 4592 vir
963 4535 1055 4589 sed
1098 4532 1385 4586 Dominus:
1418 4548 1433 4577 ι
1466 4526 1565 4580 Fili
1612 4524 1866 4586 hominis,
1896 4535 2034 4590 pone

469 4652 560 4690 cur
591 4642 760 4696 tuum,
789 4648 808 4681 ι
839 4636 943 4683 etc.
995 4625 1055 4679 1n
1100 4620 1561 4679 consummatione
1612 4614 1942 4670 tabernaculi
1979 4621 2033 4665 et

2128 3431 2311 3503 gitima
2336 3431 2449 3499 ejus
2478 3433 2793 3503 intelligere,
2838 3443 2890 3487 et
2923 3435 2991 3489 ad
3034 3446 3334 3490 extremum
3376 3451 3578 3505 ponere
3613 3453 3708 3493 cor

2128 3541 2283 3581 suum
2321 3527 2374 3579 in
2396 3526 2501 3580 viis
2524 3527 2726 3595 templi,
2755 3528 2878 3596 quia
2910 3529 3106 3583 diversi
3134 3530 3201 3583 ad
3235 3528 3403 3583 Deum
3454 3531 3709 3586 introitus

2086 3660 2091 3675 ε
2130 3625 2254 3670 sunt
2285 3634 2296 3667 :
2330 3618 2441 3671 sive
2469 3632 2564 3685 per
2588 3617 2703 3671 vias
2733 3617 2913 3705 templi
2958 3618 3400 3673 ceremoniarum
3458 3620 3708 3676 ordinem

2130 3707 2429 3777 significat;
2461 3716 2514 3761 et
2537 3712 2713 3762 exitus
2733 3710 3044 3763 sanctuarii.
3067 3710 3396 3766 l’rommium
3427 3714 3594 3782 igitur
3624 3723 3708 3769 est

2130 3798 2522 3868 etprreparatio
2553 3799 2825 3868 prepbetae
2854 3798 2920 3851 ad
2960 3798 3299 3870 intelligenda
3354 3816 3473 3870 quae
3519 3810 3709 3870 postea

2131 3904 2290 3957 super
2320 3888 2499 3957 templi
2519 3889 2703 3942 ordine
2729 3891 3042 3959 cogniturus
3067 3901 3168 3943 est.
3198 3890 3263 3943 Et
3286 3890 3388 3945 hoc
3414 3893 3708 3947 notandum

2130 3984 2270 4051 quod
2303 3983 2354 4035 in
2397 3982 2576 4035 mundi
2611 3980 2766 4048 hujus
2795 3982 2947 4049 plaga
2974 3982 3066 4050 qui
3116 3983 3168 4035 in
3222 3983 3453 4054 maligno
3498 3987 3711 4054 positus

2133 4082 2231 4136 est,
2265 4084 2319 4126 et
2348 4074 2398 4125 in
2422 4073 2689 4142 aquilonis
2720 4074 2915 4143 frigore
2938 4076 3279 4135 constitutus.
3324 4076 3560 4133 cmlestis
3584 4062 3587 4063 ν
3609 4095 3708 4133 no-

2134 4167 2215 4218 bis
2235 4164 2676 4218 eamemoniarum
2706 4166 2837 4220 ordo
2866 4178 3215 4222 monstratur.

2210 4274 2225 4303 ‹
2267 4256 2332 4326 Et
2377 4255 2523 4309 dices
2570 4257 2637 4309 ad
2685 4267 3089 4326 eanperantem
3132 4274 3217 4313 me
3258 4259 3474 4315 domum
3503 4262 3659 4318 Israel
3691 4282 3723 4320 ε.

2140 4367 2155 4393 ι
2195 4344 2318 4397 lbee
2345 4344 2473 4397 dicit
2502 4345 2757 4399 Dominus
2799 4347 2939 4400 Deus
2968 4365 2978 4399 :
3006 4345 3283 4402 Sufficiunt
3328 4351 3477 4404 vobis
3530 4356 3709 4407 omnia

2141 4456 2156 4487 ι
2190 4435 2391 4490 scelera
2422 4442 2616 4501 vestra,
2645 4437 2831 4492 domus
2856 4437 3040 4501 Israel,
3068 4454 3132 4492 eo
3145 4441 3548 4508 quodinducitis
3574 4443 3713 4499 ﬁlios

2141 4549 2156 4579 ς
2190 4528 2390 4583 alienos
2411 4529 2521 4582 sive
2544 4529 2870 4598 alienigenas
2891 4530 3294 4587 incircumcisos
3309 4534 3470 4588 corde
3484 4542 3535 4589 et
3553 4536 3713 4589 incir-

2145 4640 2160 4670 ‹
2199 4622 2464 4675 eiiincisos
2492 4637 2677 4685 carne,
2709 4630 2766 4673 ut
2788 4622 2895 4674 sint
2918 4622 2969 4675 in
2999 4624 3301 4678 sanctuario
3324 4639 3444 4678 meo
3486 4637 3542 4678 et
3592 4626 3701 4693 pol-

467 4723 675 4779 aeziilicii
712 4682 913 4789 templi,
963 4715 1103 4784 quod
1130 4730 1158 4767 a
1188 4712 1470 4766 Salomone
1526 4718 1891 4762 constructum
1932 4712 2031 4766 est,
2070 4682 2113 4739 ί)
2151 4729 2165 4759 ι
2196 4709 2344 4762 luant
2365 4712 2578 4763 domum
2607 4725 2802 4773 meam,
2830 4720 2884 4764 et
2912 4709 3111 4765 offertis
3132 4728 3296 4781 panes
3325 4728 3475 4767 meos
3504 4716 3712 4781 adipem

466 4814 713 4884 apparuit
733 4810 899 4881 gloria
924 4806 1147 4863 Domini,
1170 4818 1287 4872 qua:
1314 4808 1493 4870 postea
1511 4796 1830 4867 evangelica:
1857 4795 2038 4863 gloria:

469 4903 864 4974 comparatione
899 4901 1168 4952 destructa
1196 4901 1295 4955 est,
1327 4892 1537 4943 dicente
1584 4886 1835 4956 Apostolo
1862 4903 1873 4936 :
1905 4904 1921 4933 ι
1944 4885 2037 4937 Et-

467 4999 609 5051 enim
638 5008 741 5046 non
765 5000 845 5042 est
871 4988 1225 5057 gloriiicatum
1244 4982 1384 5051 quod
1400 4978 1752 5049 glorificatur]:
1771 4987 1852 5030 est
1870 4978 1918 5029 in
1937 4976 2037 5029 hac

473 5094 619 5156 parte
645 5092 860 5151 propter
884 5075 1230 5131 excellentem
1260 5072 1503 5141 gloriam.
1531 5069 1586 5122 Si
1610 5069 1751 5121 enim
1775 5068 1914 5134 quod
1951 5066 2039 5118 dc-

473 5172 819 5239 strui’tur,per
854 5167 1079 5237 gloriam
1105 5172 1179 5218 est
1202 5164 1369 5214 multo
1394 5158 1718 5225 nmgisquod
1764 5164 1943 5209 manet
1987 5157 2038 5206 in

473 5265 640 5336 gloria
681 5259 776 5332 (Il
800 5256 920 5313 Cor.
954 5257 1064 5325 ιιι).
1097 5274 1114 5305 ι
1162 5251 1575 5319 Cavendumque
1614 5262 1679 5301 ne
1724 5247 2043 5301 destructio-

475 5371 594 5409 nem
621 5350 814 5422 prioris
841 5346 1022 5416 gloriae
1068 5342 1414 5397 abolitionem
1456 5347 1739 5407 putemus:
1772 5337 1865 5390 sed
1920 5352 2040 5388 sen-

478 5446 713 5501 tiendum
740 5440 882 5511 quod
911 5447 1192 5508 postquam
1218 5434 1425 5489 venerit
1446 5431 1585 5498 quod
1612 5428 1907 5498 perfectum
1932 5438 2037 5489 est,

480 5538 529 5589 id
565 5534 706 5604 quod
732 5548 797 5587 ex
829 5537 977 5598 parte
1006 5528 1181 5582 fuerat
1230 5526 1556 5579 destruetur.
1614 5519 1767 5574 Velut
1822 5519 1864 5571 si
1912 5518 2041 5571 solis

484 5627 643 5679 radiis
677 5621 971 5689 lampadem
999 5632 1300 5685 compares,
1329 5623 1419 5666 aut
1449 5612 1708 5679 lampadis
1738 5609 1916 5660 lumen
1966 5607 2043 5658 luo

482 5717 729 5770 rernulz.
760 5710 1113 5775 Quamobrem
1137 5718 1189 5761 et
1221 5707 1281 5759 de
1311 5705 1513 5757 Joanne
1543 5702 1775 5770 Baptista
1806 5700 1997 5753 dieitur
2027 5718 2038 5749 :

2151 4819 2167 4849 ι
2204 4810 2257 4853 ct
2283 4802 2617 4870 sanguinem,
2646 4810 2699 4855 et
2723 4801 3042 4858 dissolvistis
3067 4813 3281 4871 pactum
3308 4820 3485 4857 meum
3523 4806 3575 4857 in
3596 4821 3713 4859 om-

2151 4910 2166 4939 α
2203 4892 2358 4943 nibus
2382 4890 2673 4944 sceleribus
2698 4893 2912 4955 vestris,
2936 4901 2990 4945 et
3028 4908 3134 4946 non
3160 4895 3415 4948 servastis
3444 4906 3709 4966 przecepta

2151 5000 2166 5031 ι
2204 4981 2492 5034 sanctuarii
2526 4981 2653 5043 mei,
2697 4992 2749 5034 et
2780 4982 3033 5051 posuistis
3074 4984 3323 5038 custodes
3378 4987 3707 5042 observatio-

2150 5088 2165 5117 ι
2204 5085 2327 5121 num
2356 5082 2593 5121 mearum
2623 5069 2675 5121 in
2706 5070 3013 5123 sanetuario
3068 5085 3185 5124 meo
3230 5070 3650 5142 vobismetipsis.
3690 5094 3706 5123 ι

2144 5158 2365 5223 Quando
2390 5158 2516 5211 dicit
2544 5156 2809 5210 sulliciant
2840 5158 2989 5213 vobis
3038 5160 3217 5212 omnia
3263 5160 3466 5214 scelera
3509 5172 3710 5221 vestra.

2144 5250 2255 5301 sive
2284 5248 2591 5316 iniquitates
2620 5257 2833 5312 vestrae,
2858 5248 2921 5301 ad
2946 5250 3183 5325 priorum
3218 5258 3557 5318 peccatorum
3582 5252 3712 5306 hor-

2146 5352 2288 5392 tatur
2319 5340 2709 5407 picuitentiam,
2753 5356 2819 5392 ne
2855 5355 3145 5409 augeamus
3191 5351 3410 5408 peccata
3452 5345 3714 5410 peccatis,

2143 5438 2192 5480 et
2227 5428 2502 5480 materiam
2530 5427 2705 5480 futuro
2743 5442 2989 5494 paremus
3014 5429 3278 5483 incendio.
3302 5427 3407 5485 Sed
3435 5430 3714 5488 audiamus

2148 5518 2270 5570 illud
2324 5519 2464 5585 quod
2504 5517 2668 5571 Isaias
2692 5518 2963 5584 loquitur:
2999 5538 3016 5568 ι
3054 5516 3144 5571 Va:
3179 5518 3262 5572 his
3298 5519 3390 5589 qui
3439 5519 3716 5576 attrahunt

2147 5621 2363 5677 peccata
2386 5608 2977 5679 sicutfuniculolongo,
3035 5617 3089 5663 et
3138 5610 3276 5663 sicut
3289 5609 3419 5680 jugo
3466 5614 3716 5684 corrigue

2149 5702 2294 5754 vituli
2330 5702 2621 5769 iniquitatis
2676 5700 2814 5761 (lsa.
2846 5703 2927 5770 γ).
2972 5721 2990 5752 ι
3036 5700 3376 5772 Primumque
3431 5714 3715 5768 peccatum
