3950 6364
478 383 619 441 I007

1113 386 1175 441 Β.
1214 385 1467 441 RABANI
1508 384 1726 441 MAURI
1764 384 2086 441 ARCIIIEI‘.
2131 385 2438 445 MOGUNT.
2479 388 2764 447 OPERL‘M
2804 391 2983 447 PARS
3022 392 3083 447 II.

3606 392 3758 451 1008

480 523 499 552 θ
541 517 783 559 mensam
826 517 999 557 meam
1028 510 1089 557 ut
1116 502 1426 557 ministrent.
1452 501 1605 568 mihi,
1642 510 1699 557 et
1752 501 2053 556 custodiant
2086 506 2131 563 Α
2161 503 2457 577 refrigeriis
2485 506 2675 562 altaria
2709 508 2920 563 Domini
2967 508 3288 579 polluamus.
3340 508 3448 566 Pro
3490 525 3559 567 eo
3602 513 3765 583 quod

480 610 499 642 ο
544 594 893 648 anremouias
920 607 1088 648 meas.
1128 612 1147 646 1
1181 593 1505 648 lIebraicum
1536 603 1715 647 autem
1770 592 1913 647 hunc
1956 592 2053 646 hav

472 682 564 738 bet
591 698 808 738 sensum
836 700 849 736 :
884 703 901 734 1
928 682 1115 739 Omnis
1130 684 1429 754 alienigena
1461 682 1867 737 incircumcisus
1895 683 2056 737 corde

472 782 527 828 et
547 788 731 838 carne,
763 788 868 827 non
895 772 1227 844 ingredietur
1250 773 1617 827 sanctuarium
1642 787 1841 837 meum,
1878 792 1895 824 1
1932 772 2056 826 11001

473 879 595 919 cum
624 863 821 934 populo
853 862 1016 917 Israel
1040 878 1159 918 esse
1196 864 1463 918 videatur.
1512 864 1709 918 Levita:
1741 874 1919 917 autem
1950 866 2052 918 hoc

471 964 558 1011 est
581 956 930 1011 sacerdotalis
958 957 1157 1027 gradus
1193 957 1283 1026 qui
1337 957 1493 1028 longe
1542 971 1884 1013 recesserunt
1913 975 1943 1013 0
1972 974 2048 1015 me

474 1047 528 1101 in
550 1060 735 1101 errore
758 1045 987 1102 ﬁliorum
1018 1046 1205 1111 Israel,
1237 1056 1292 1101 et
1322 1048 1491 1103 secuti
1522 1059 1646 1103 sunt
1677 1049 1836 1113 idola,
1870 1060 2050 1120 porta-

474 1141 605 1195 bunt
631 1140 967 1209 iniquitatem
990 1155 1164 1205 suam,
1194 1155 1259 1195 eo
1278 1141 1420 1211 quod
1452 1141 1649 1195 fuerint
1674 1142 1724 1195 in
1748 1144 2049 1198 sanctuaric

473 1246 592 1286 meo
622 1230 1012 1297 ministrantes,
1042 1232 1095 1286 in
1128 1230 1305 1288 0111010
1334 1243 1612 1303 portarum
1642 1235 1832 1289 domus
1874 1245 1929 1289 et
1958 1236 2057 1289 011-

472 1324 627 1378 nistri
656 1322 790 1392 ejus.
821 1324 923 1394 Ipsi
955 1324 1097 1379 enim
1123 1324 1420 1380 offerebant
1469 1326 1838 1381 holocaustum
1883 1336 1939 1382 et
1977 1328 2058 1381 vi-

469 1416 665 1470 ctimas
695 1414 897 1487 populi,
922 1417 1103 1486 et'ipsi
1133 1416 1350 1471 stabant
1380 1417 1433 1471 in
1460 1427 1751 1487 conspectu
1781 1434 1965 1474 eorum
1999 1428 2059 1475 ut

471 1507 847 1562 ministrarent
868 1522 965 1577 pro
991 1508 1090 1562 eis.
1125 1507 1259 1575 Quia
1290 1524 1417 1579 ergo
1458 1508 1913 1565 ministraverunt
1960 1528 2055 1581 pro

472 1597 579 1652 illis
603 1599 656 1651 iu
686 1606 973 1668 conspectu
998 1597 1260 1653 idolorum
1288 1614 1531 1663 suorum,
1556 1609 1613 1655 et
1638 1598 1854 1655 fuerunt
1876 1602 2054 1656 domui

470 1686 634 1743 Israel
654 1686 1033 1749 oﬁ‘endiculum
1067 1690 1384 1761 iniquitatis,
1414 1700 1697 1761 pr0pterea
1737 1692 1905 1747 levavi
1943 1710 2058 1747 ma-

472 1793 600 1833 num
627 1792 801 1833 meam
828 1794 988 1849 super
1010 1794 1124 1846 eos,
1156 1780 1286 1836 dicit
1308 1781 1567 1837 Dominus
1591 1782 1750 1849 Deus,
1790 1792 1844 1838 ct
1869 1793 2055 1854 porta-

2160 608 2258 648 nos
2281 595 2597 663 posuimus:
2635 615 2653 648 1
2688 598 2756 651 Et
2809 598 2950 652 dabo
3008 612 3104 653 eos
3138 596 3405 666 ianitores
3451 600 3655 658 domus
3700 600 3762 657 in

2158 686 2462 743 ministerio
2488 688 2625 759 ejus,
2653 698 2708 743 et
2736 690 2786 743 in
2816 689 3083 745 universis
3128 705 3249 760 qua:
3306 690 3443 745 ﬁunt
3494 692 3549 746 in
3599 708 3693 755 ea,
3732 710 3757 746 ι

2157 790 2250 831 005
2273 776 2519 831 videlicet
2550 776 2856 831 Levitarum
2880 778 2970 848 qui
3004 778 3162 850 longe
3205 788 3551 834 recesserunt
3573 794 3609 834 a
3641 779 3766 837 Deo

2160 868 2211 921 in
2237 885 2425 927 errore
2458 870 2689 924 ﬁliorum
2722 870 2913 937 Israel,
2935 880 2990 927 et
3018 874 3187 927 secuti
3218 883 3344 928 sunt
3383 874 3525 929 idola
3551 875 3768 944 quibus

2163 960 2402 1013 victimas
2426 961 2788 1015 immolarunt.
2822 962 3180 1033 Symmachus
3207 964 3452 1019 ordinem
3482 964 3765 1028 :Iectionis

2159 1065 2482 1120 sensumque
2529 1053 2900 1119 considerans,
2954 1055 3156 1110 rectius
3211 1056 3600 1126 interpretatus
3647 1065 3762 1121 est,

2158 1139 2343 1195 dicens
2368 1160 2381 1194 :
2407 1140 2695 1197 I’osueram
2722 1144 2866 1198 enim
2897 1159 2990 1199 eos
3029 1145 3281 1201 custodes
3321 1146 3619 1216 januarum
3662 1148 3767 1202 do—

2157 1246 2277 1285 mus
2321 1232 2557 1287 universi
2609 1234 2890 1290 ministerii
2949 1235 3089 1305 ejus,
3138 1244 3197 1290 et
3245 1247 3569 1293 cunctorum
3634 1254 3766 1308 qua

2158 1320 2295 1375 ﬁunt
2320 1323 2374 1376 in
2389 1338 2472 1388 ea,
2496 1332 2671 1378 utnon
2687 1325 2755 1379 ad
2778 1341 2870 1381 eos
2891 1327 3161 1396 pertineat
3180 1328 3269 1397 qui
3291 1339 3418 1384 sunt
3442 1329 3497 1383 in
3524 1330 3759 1401 templo,

2158 1414 2252 1467 sed
2280 1414 2347 1467 ad
2376 1430 2469 1469 eos
2494 1418 2583 1485 qui
2610 1416 2847 1470 fuerunt.

2233 1526 2251 1557 r
2294 1507 2535 1577 Cumque
2564 1510 2931 1579 ingredieutur
2953 1519 3137 1580 portas
3163 1512 3286 1565 atrii
3313 1512 3615 1577 interioris,
3654 1529 3754 1567 ve—

2166 1619 2184 1652 1
2224 1601 2397 1655 stibus
2434 1602 2547 1655 sive
2574 1602 2726 1656 stolis
2765 1602 2919 1657 lineis
2975 1603 3285 1669 iuduentur,
3339 1620 3441 1659 nec
3491 1605 3762 1660 ascendet

2165 1714 2183 1747 1
2230 1710 2393 1766 super
2428 1710 2522 1749 eos
2544 1695 2831 1765 quicquam
2860 1696 3074 1750 laneum
3105 1697 3320 1766 quando
3347 1698 3666 1751 ministrant
3695 1697 3756 1751 in

2164 1806 2182 1837 1
2228 1786 2397 1856 portis
2445 1786 2566 1840 atrii
2618 1786 2887 1841 interioris
2938 1796 2992 1841 et
3034 1787 3378 1843 intrinsecus.
3416 1787 3762 1842 Vituelineaa

475 1878 668 1925 verunt
698 1870 1036 1941 iniquitatem
1073 1887 1250 1935 suam,
1297 1879 1353 1926 et
1396 1886 1501 1925 non
1551 1875 2056 1943 appropinquabuut
2088 1859 2133 1919 Β
2166 1896 2185 1930 1
2230 1879 2465 1933 eruntin
2496 1878 2760 1947 capitibus
2779 1893 2985 1942 eorum,
3016 1879 3129 1933 sive
3173 1880 3381 1933 cidares
3428 1879 3606 1934 lineas
3664 1878 3764 1931 ha-

471 1961 538 2015 ad
562 1975 672 2027 me,
693 1968 752 2015 ut
778 1960 1082 2016 sacerdotio
1104 1959 1396 2031 fungantur
1422 1962 1573 2026 mihi,
1604 1979 1777 2033 neque
1800 1964 2058 2018 0000110111

472 2052 537 2105 ad
584 2066 742 2106 omne
772 2052 1137 2105 sanctuarium
1176 2066 1353 2105 meum
1403 2050 1558 2119 juxta
1603 2063 1787 2108 saneta
1837 2064 2055 2109 sancto-

475 2161 615 2211 rum,
651 2145 744 2199 sed
772 2145 1064 2214 portabunt
1109 2143 1477 2199 confusionem
1530 2160 1705 2209 suam,
1751 2154 1809 2199 et
1853 2145 2057 2200 scelera

475 2252 572 2290 sua
601 2251 722 2307 quae
745 2234 1007 2290 fecenmt.
1061 2235 1166 2290 Pro
1189 2235 1513 2291 sacerdotali
1562 2236 1704 2289 enim
1750 2234 1925 2291 oﬁicio
1968 2238 2057 2306 qui

477 2326 849 2382 holocaustum
876 2334 930 2380 et
958 2326 1208 2381 victimas
1236 2341 1500 2395 omneque
1531 2326 1851 2381 sacriﬁcium
1866 2326 2061 2382 offerre

473 2425 819 2483 consuerant,
851 2418 1161 2485 redigentur
1188 2418 1238 2471 in
1273 2416 1516 2470 ultimum
1541 2418 1786 2487 gradum.
1819 2418 1885 2471 Et
1904 2427 2063 2472 erunt

471 2509 736 2580 ianitores
773 2508 965 2564 domus
993 2510 1044 2562 in
1071 2500 1418 2578 ignominiam
1450 2509 1855 2579 sempiternam,
1910 2520 1969 2563 ut
1995 2512 2061 2563 ab

476 2601 727 2655 universo
754 2600 949 2670 populo
979 2600 1264 2655 videantur
1306 2601 1543 2656 intrante
1590 2610 1645 2656 et
1694 2611 1947 2667 exeunte,
1998 2604 2064 2657 de

478 2705 582 2761 qua
609 2691 823 2745 sublimi
869 2691 1143 2761 dignitate,
1199 2692 1266 2746 ad
1320 2706 1481 2761 quam
1537 2691 1783 2746 ultimum
1838 2694 2062 2765 gradum

480 2781 841 2851 pervenerint.
903 2800 920 2832 1
953 2779 1275 2835 Sacerdotes
1325 2790 1528 2846 autem,
1569 2801 1586 2834 1
1634 2782 1828 2851 inquit,
1880 2784 1933 2838 id
1985 2791 2068 2837 est

479 2871 679 2927 Levita:
708 2888 725 2921 1
763 2871 855 2940 qui
883 2880 1007 2925 sunt
1033 2870 1125 2924 lilii
1154 2870 1355 2936 Sadoc,
1385 2889 1403 2922 1
1442 2873 1545 2926 1100
1567 2880 1648 2934 est
1670 2870 1938 2941 justorum
1954 2873 2066 2928 sive

474 2962 607 3030 justi
637 2962 750 3027 Dei,
773 2970 827 3018 et
870 2964 959 3032 qui
988 2963 1041 3015 in
1074 2971 1319 3032 tempore
1369 2964 1570 3017 erroris
1621 2964 1862 3019 universi
1903 2963 2069 3019 Israel

486 3074 504 3107 1
540 3054 911 3112 custodierunt
938 3054 1292 3108 czeremonias
1320 3055 1611 3108 sanctuarii
1662 3056 1789 3119 mei,
1848 3054 1947 3125 ipsi
1986 3071 2071 3110 ac-

481 3148 672 3205 cedent
696 3148 762 3201 ad
790 3162 873 3201 me
900 3155 957 3199 ut
989 3146 1296 3200 ministrent
1328 3147 1480 3211 mihi,
1502 3156 1557 3201 et
1587 3155 1733 3201 stent
1768 3148 1818 3201 iu
1845 3161 2071 3217 conspe-

2165 1987 2183 2020 σ
2228 1969 2427 2023 1101111111
2452 1984 2615 2037 super
2639 1968 2817 2037 capita
2848 1984 2965 2032 sua,
2998 1976 3052 2022 et
3079 1967 3350 2022 feminalia
3400 1968 3542 2023 linea
3595 1978 3761 2022 erunt

2166 2077 2183 2109 1
2230 2060 2281 2111 111
2315 2058 2508 2112 1111111115
2537 2073 2750 2123 eorum,
2790 2067 2845 2111 et
2887 2075 2994 2111 non
3025 2058 3376 2127 accingentur
3423 2058 3477 2111 in
3533 2058 3756 2113 sudore.

2166 2166 2183 2199 1
2229 2147 2469 2217 Eumque
2498 2147 2841 2217 egredientur
2865 2148 3063 2200 atrium
3098 2146 3338 2200 exterius
3367 2146 3437 2200 ad
3467 2147 3759 2216 populum,

2165 2258 2184 2291 c
2231 2246 2428 2293 exuent
2454 2254 2513 2293 se
2539 2238 2871 2292 vestimentis
2900 2238 3012 2292 suis
3062 2238 3113 2290 in
3166 2238 3362 2307 quibus
3409 2238 3762 2292 ministrare

2168 2348 2186 2380 1
2232 2336 2375 2395 rant,
2397 2337 2449 2383 et
2475 2336 2735 2397 reponent
2760 2343 2822 2381 ea
2846 2328 2900 2381 in
2927 2326 3329 2398 gazophylaeiis
3353 2328 3678 2391 sanctuarii,
3702 2338 3762 2383 et

2167 2441 2185 2473 ‹
2227 2422 2457 2476 vestient
2484 2436 2542 2476 se
2567 2420 2903 2475 vestimentis
2934 2419 3076 2485 aliis,
3105 2426 3161 2473 et
3189 2434 3295 2473 non
3334 2420 3763 2474 sanctiﬁcabunt

2169 2532 2187 2564 ‹
2227 2514 2481 2584 pepulum
2529 2513 2581 2566 iu
2631 2512 2970 2566 vestimentis
3000 2511 3132 2565 suis.
3161 2510 3334 2580 Caput
3371 2522 3553 2566 autem
3596 2527 3757 2567 suum

2170 2624 2188 2657 1
2228 2621 2330 2659 0011
2378 2605 2562 2658 radent
2601 2617 2773 2671 neque
2803 2618 3012 2656 comam
3049 2602 3314 2667 nutrient,
3344 2602 3439 2657 sed
3468 2602 3762 2658 tondentes

2170 2714 2189 2747 s
2236 2694 2588 2749 attondcbunt
2617 2693 2791 2761 capita
2826 2706 2941 2745 sua.
2968 2692 3034 2745 Et
3055 2692 3241 2746 vinum
3268 2706 3374 2745 non
3396 2691 3547 2746 bibet
3574 2693 3761 2749 omnis

2171 2808 2189 2841 1
2235 2778 2509 2850 sacerdos,
2532 2784 2745 2853 quando
2773 2784 3113 2855 ingressurus
3138 2782 3367 2837 fueritin
3397 2783 3595 2837 atrium
3621 2783 3760 2838 inte-

2172 2897 2191 2931 1
2239 2880 2369 2932 rius.
2396 2897 2415 2929 1
2446 2876 2699 2948 (Hieron.
2720 2877 2738 2945 )
2758 2873 2999 2928 Primum
3022 2874 3261 2928 historiae
3284 2872 3449 2927 verba
3470 2873 3757 2943 pandenda

2167 2977 2311 3023 sunt.
2337 2968 2479 3021 Inter
2500 2974 2692 3019 caetera
2723 2978 2842 3033 quae
2868 2963 3238 3017 sacerdotibus
3283 2964 3526 3033 pnecipit
3574 2978 3760 3017 sermo

2167 3057 2495 3120 Dominicus,
2542 3056 2647 3109 hoc
2675 3068 2886 3123 quoque
2926 3053 3321 3107 observandum
3362 3051 3537 3121 jubet.
3585 3062 3647 3106 ut
3701 3053 3759 3107 in

2171 3147 2302 3217 ipsis
2333 3147 2503 3216 portis
2536 3144 2811 3199 interioris
2830 3142 2976 3207 atrii,
3018 3142 3279 3207 vestibus,
3313 3143 3365 3196 id
3392 3150 3477 3197 est
3507 3143 3663 3197 stolis
3694 3142 3759 3197 Ii-

481 3248 571 3294 cta
599 3252 739 3304 meo,
770 3257 790 3290 1
818 3248 873 3292 01
901 3236 1127 3291 offerant
1155 3236 1285 3290 mihi
1314 3237 1549 3307 adipem,
1584 3240 1686 3293 hoc
1716 3246 1798 3292 est
1826 3238 2066 3308 pinguis—
2097 3209 2141 3271 Ο
2174 3240 2290 3293 0015
2318 3239 2627 3301 induantur,
2655 3252 2753 3290 nec
2780 3244 3000 3289 utantur
3052 3233 3222 3289 laneis
3277 3233 3608 3289 indumentis
3646 3245 3756 3289 tam

482 3333 674 3387 simam
701 3330 953 3394 hostiam,
981 3336 1031 3382 et
1061 3329 1401 3397 sanguinem,
1436 3329 1614 3383 vivam
1649 3330 1858 3383 scilicet
1880 3337 1935 3381 et
1956 3329 2066 3399 pla-

481 3430 692 3476 centem
715 3420 947 3475 hostiam
974 3417 1083 3472 Deo
1109 3435 1122 3482 ;
1162 3436 1180 3467 1
1201 3428 1255 3472 01
1287 3418 1384 3486 ipsi
1421 3418 1790 3486 ingredientur
1821 3428 2073 3472 sanctua—

485 3514 623 3566 rium
675 3525 877 3575 meum,
923 3517 978 3564 et
1021 3510 1280 3565 accedent
1314 3510 1379 3563 ad
1429 3526 1667 3565 mensam
1716 3526 1913 3576 meam,
1950 3530 1967 3561 1
2014 3519 2072 3566 ut

486 3603 785 3659 accendant
813 3602 1106 3673 thymiama
1138 3601 1291 3667 mihi,
1320 3610 1375 3655 et
1417 3616 1632 3656 omnem
1688 3603 1851 3657 ritum
1906 3603 2074 3657 sacri-

487 3696 591 3751 ﬁcii
625 3694 950 3751 custodiant.
1001 3692 1095 3749 Sin
1136 3701 1317 3749 autem
1361 3694 1465 3747 hoc
1510 3696 1582 3748 ita
1620 3704 1724 3761 est,
1775 3704 1834 3749 ut
1880 3696 1970 3765 qui
2018 3696 2072 3749 in

488 3798 728 3857 tempore
764 3785 971 3841 erroris
1004 3793 1057 3839 et
1092 3787 1486 3855 persecutionis
1511 3785 1651 3842 idola
1699 3795 1827 3841 sunt
1878 3788 2071 3852 secuti,

485 3890 605 3946 (ιηω
628 3875 694 3930 de
722 3888 819 3929 suo
843 3875 1005 3929 corde
1034 3873 1431 3938 conﬁnxerant,
1457 3882 1511 3928 et
1542 3890 1649 3929 non
1690 3874 1863 3929 solum
1922 3889 2068 3939 voce,

486 3966 579 4020 sed
600 3975 655 4020 et
678 3962 1072 4037 subscriptione
1106 3977 1299 4034 manus
1348 3972 1696 4017 asscruerunt
1749 3962 1844 4017 Dei
1902 3963 2071 4018 ﬁlium

486 4066 811 4121 creaturam,
840 4064 895 4112 et
923 4055 1228 4119 servietnnt
1254 4064 1518 4109 creatura:
1539 4056 1710 4125 magis
1737 4070 1899 4124 quam
1923 4070 2077 4111 crea-

488 4150 591 4205 tori
622 4148 713 4219 qui
751 4156 834 4202 est
874 4132 1190 4201 benedictus
1240 4145 1293 4200 in
1324 4145 1539 4210 saecula,
1575 4145 1844 4213 quomodo
1892 4160 2073 4201 sacer-

488 4239 664 4295 dotale
693 4238 817 4303 sibi,
846 4245 901 4290 et
920 4234 1230 4306 pontiﬁcale
1254 4234 1544 4289 adsumunt
1571 4235 1866 4307 fastigium,
1898 4245 1953 4291 et
1981 4256 2076 4294 au-

489 4328 836 4386 dentoil'erre
858 4328 1105 4382 victimas
1137 4323 1533 4398 Deo’cultores
1582 4330 1853 4396 quondam
1903 4332 2073 4389 idolo-

492 4421 650 4476 1110ιῖ
680 4418 787 4475 Sed
812 4428 870 4473 ut
893 4416 1305 4476 ardentissimus
1332 4425 1489 4485 poeta
1514 4426 1745 4477 testatur
1776 4440 1791 4477 :

680 4564 923 4629 Quidquid
945 4574 982 4613 ι’
1005 4562 1173 4613 multis
1195 4569 1424 4625 peccatur
1446 4544 1652 4636 inultum
1679 4575 1772 4619 est.

2173 3328 2225 3381 in
2264 3328 2435 3397 portis
2463 3327 2586 3381 atrii
2615 3325 2909 3388 interioris,
2935 3339 3097 3393 quam
3125 3323 3470 3388 intrinsecus,
3522 3325 3628 3381 hoc
3671 3334 3759 3379 est

2173 3420 2226 3473 in
2278 3418 2451 3488 adytis
2518 3417 2825 3485 sanctisque
2886 3423 3194 3469 sanctorum
3264 3431 3277 3467 :
3337 3414 3595 3481 vittaeque
3643 3414 3757 3467 sive

2172 3511 2383 3566 cidares
2407 3508 2562 3563 linea:
2590 3509 2696 3562 sint
2722 3508 2772 3560 in
2801 3506 3068 3575 capitibus
3093 3520 3301 3568 eorum,
3360 3514 3417 3559 et
3482 3505 3756 3561 femiualia

2174 3598 2313 3653 linea
2344 3598 2395 3651 in
2424 3595 2639 3649 lumbis.
2660 3593 2920 3663 Quodque
2947 3591 3350 3662 sequiturjuxta
3380 3591 3753 3663 Septuaginta,

2181 3708 2199 3739 ‹
2230 3699 2283 3743 01
2310 3704 2414 3742 000
2443 3687 2795 3757 accingentur
2823 3686 3109 3749 violenter,
3154 3704 3173 3736 1
3208 3698 3305 3753 pro
3337 3700 3446 3754 quo
3478 3685 3670 3753 Aquila
3702 3694 3759 3738 et

2175 3777 2535 3849 Symmachus
2605 3776 2997 3831 transtulerunt
3050 3775 3106 3828 in
3171 3774 3382 3839 sudore,
3457 3774 3757 3829 Theodotio

2174 3868 2351 3940 ipsum
2376 3869 2601 3923 verbum
2628 3866 2950 3921 IIebraieum
2978 3864 3287 3934 exprimens
3307 3865 3489 3933 posuit
3526 3866 3581 3918 111
3608 3865 3753 3926 Jeze.

2174 3962 2380 4032 Aquilae
2406 3959 2637 4016 secunda
2657 3958 2820 4013 editio
2848 3955 3016 4010 Busa.
3056 3955 3160 4011 Per
3177 3955 3319 4024 quod
3350 3954 3621 4026 signiﬁcat
3650 3972 3754 4010 non

2174 4071 2269 4111 eos
2290 4054 2551 4110 violenter
2575 4060 2723 4109 arcte
2751 4061 2914 4122 atque
2937 4049 3226 4105 eonstricte
3255 4048 3427 4104 instar
3453 4049 3754 4104 vinctorum

2175 4162 2295 4203 esse
2315 4146 2629 4219 cingendos,
2654 4158 2721 4198 ne
2752 4144 2805 4198 in
2831 4141 3145 4198 ministeriis
3199 4141 3624 4197 sacerdotalibus
3667 4151 3751 4195 at-

2177 4254 2281 4308 que
2304 4236 2557 4292 Leviticis
2588 4234 2849 4290 inhabiles
2871 4234 3020 4299 11001,
3052 4242 3108 4289 01
3131 4242 3313 4289 tenere
3332 4242 3385 4288 et
3416 4235 3627 4290 aedere
3672 4236 3751 4288 vi-

2178 4331 2391 4394 ctimas,
2424 4327 2697 4382 attrahere
2726 4340 2939 4396 quoque
2964 4334 3235 4395 nequeant
3254 4332 3418 4395 atque
3432 4324 3750 4380 discurrere.

2178 4418 2243 4473 Et
2272 4420 2395 4487 quia
2419 4416 2582 4472 semel
2602 4425 2933 4486 praeceperat
2961 4416 3157 4486 quibus
3206 4417 3446 4471 vestibus
3476 4417 3551 4470 1111
3593 4415 3753 4470 debe-

2178 4520 2301 4567 rent
2357 4510 2686 4575 sacerdotes,
2730 4507 2944 4579 quando
2984 4506 3313 4562 intrinsecus
3350 4507 3406 4563 in
3446 4506 3753 4562 ministeriis

2102 4570 2155 4631 D
2180 4608 2325 4664 sunt,
2349 4613 2564 4653 rursum
2582 4570 2764 4666 jubet,-
2782 4605 2842 4651 ut
2882 4597 3218 4668 egredientes
3260 4596 3313 4650 in
3337 4595 3745 4666 gazophylaciis,

492 4690 771 4745 Multitudo
798 4670 1135 4759 peccantium
1189 4685 1667 4755 impetrabiliorem
1713 4690 1839 4747 fecit
1895 4692 2072 4762 impiis
2101 4698 2147 4730 ’δ
2176 4692 2286 4746 sive
2309 4691 2359 4744 in
2380 4685 3477 4756 exedrissanctorum,exuantsepristinis
3497 4685 3747 4747 vestibus,

490 4780 729 4844 veniam,
765 4778 934 4847 utqui
966 4776 1170 4830 redacti
1224 4775 1277 4827 in
1324 4774 1754 4849 laicos~pristina
1808 4783 2073 4850 sacrilegii

493 4870 574 4923 sui
616 4868 912 4923 debuerant
960 4866 1163 4921 scelera
1217 4864 1520 4933 deplorare,
1560 4853 1703 4924 nunc
1731 4872 1963 4941 resupini
2020 4874 2072 4927 in

493 4958 786 5027 pontiﬁcali
813 4958 946 5011 solio
968 4958 1214 5021 sedeant,
1253 4960 1309 5013 et
1356 4965 1567 5012 ructent
1606 4960 1761 5016 nobis
1816 4962 2077 5016 simulata:

497 5052 617 5106 ﬁdei
650 5066 894 5116 nauseas,
937 5050 1043 5105 imo
1085 5062 1284 5120 aperta:
1324 5049 1564 5121 perﬁdia:
1609 5061 1791 5121 aperta
1821 5069 2074 5123 compen-

497 5143 605 5196 dia.
636 5141 868 5195 Audiaut
905 5141 1069 5210 igitur
1094 5141 1283 5207 saltem
1309 5154 1455 5205 sero,
1512 5148 1566 5195 et
1615 5142 1904 5196 observent
1942 5157 2078 5211 pra:-

498 5238 649 5299 cepta
686 5229 1070 5298 omnipotentis
1106 5228 1221 5285 Dei.
1255 5229 1443 5297 Omnis
1471 5228 1768 5299 alienigena
1797 5230 2080 5286 incircum-

497 5320 831 5406 cisussgrdc
855 5329 908 5374 et
935 5320 1341 5400 incircumcisus
1384 5331 1559 5376 carne
1586 5337 1692 5375 non
1750 5323 2079 5393 ingredietur

497 5402 866 5471 sanciuarium
892 5431 1089 5470 meum.
1122 5416 1270 5471 Licet
1298 5416 1385 5471 ille
1416 5417 1481 5469 sit
1514 5416 1673 5481 ﬁlius,
1708 5416 1833 5471 licet
1880 5433 2078 5488 cogna—

491 5510 643 5565 tione
669 5508 923 5573 sociatus,
951 5507 1076 5562 licet
1106 5508 1327 5578 antiqua
1362 5508 1514 5562 nobis
1542 5507 1745 5562 haereat
1785 5509 2081 5564 necessitu-

499 5604 641 5668 dine,
669 5605 713 5657 si
743 5602 1153 5659 incircumcisus
1179 5603 1341 5657 corde
1370 5601 1450 5655 vel
1480 5615 1643 5661 carne
1688 5610 1788 5663 est,
1845 5618 1951 5657 non
2002 5603 2081 5656 in-

503 5693 1284 5749 1100000101·1115000100111101
1328 5692 1443 5754 Dei,
1493 5706 1561 5745 ne
1608 5692 1883 5745 ministros
1928 5691 2081 5746 Chri-

504 5786 589 5845 sli,
624 5769 836 5854 nostros
867 5782 1129 5838 faciamus
1156 5782 1457 5845 ministros,
1496 5791 1560 5853 get
1620 5797 1716 5850 pro
1771 5782 2079 5837 carnalibus

2177 4790 2231 4835 et
2256 4781 2546 4835 induantur
2566 4778 2708 4842 aliis,
2726 4794 2794 4832 ne
2815 4778 2859 4832 si
2883 4785 3097 4831 sanctas
3118 4785 3296 4831 vestes
3328 4776 3615 4831 habuerint
3631 4791 3750 4829 san-

2178 4872 2411 4925 ctiﬁcent
2433 4869 2686 4939 populum
2706 4867 2838 4922 foris
2874 4867 3129 4937 positum,
3171 4867 3262 4935 qui
3316 4865 3549 4920 necdum
3596 4864 3747 4919 fuerit

2180 4958 2563 5023 sanctiﬁcatus,
2588 4972 2687 5012 nec
2711 4972 2769 5012 se
2793 4956 3177 5027 pra'paraverit
3200 4956 3253 5009 in
3276 4954 3744 5010 sanetiﬁcationem

2182 5048 2387 5119 templi,
2422 5048 2563 5102 utsit
2596 5047 2809 5101 Domini
2850 5045 3159 5099 Nazarteus.
3195 5042 3302 5098 Per
3330 5058 3453 5112 qua:
3500 5042 3746 5099 discimus

2182 5157 2287 5195 non
2334 5139 2660 5209 quotidianis
2697 5147 2753 5192 et
2787 5135 3110 5205 quibuslibet
3156 5149 3255 5203 pro
3302 5150 3401 5189 usu
3444 5135 3569 5189 vitae
3617 5150 3737 5188 com

2182 5233 2359 5286 munis
2424 5230 2641 5300 pollutis
2710 5226 2949 5282 vestibus
3017 5239 3115 5280 nos
3182 5224 3389 5295 ingredi
3448 5224 3637 5279 debere
3695 5225 3743 5279 in

2180 5331 2361 5377 sancta
2430 5331 2760 5385 sanctorum,
2836 5318 2929 5374 sed
3006 5317 3204 5372 munda
3276 5318 3623 5380 conscientia,
3696 5327 3742 5371 et

2183 5414 2397 5468 mundis
2436 5413 2671 5467 vestibus
2708 5419 2894 5465 tenere
2931 5408 3142 5475 Domini
3180 5417 3539 5463 sacramenta.
3580 5408 3735 5463 Vesti-

2185 5505 2283 5558 bus
2302 5503 2457 5558 lineis
2483 5511 2705 5556 utuntur
2729 5499 2948 5571 Egypti
2999 5498 3307 5553 sacerdotes
3334 5514 3445 5553 non
3473 5498 3640 5553 solum
3669 5499 3745 5552 iu-

2186 5595 2471 5656 trinsecus,
2499 5593 2591 5647 sed
2612 5591 2965 5646 extrinsecus.
2994 5586 3165 5642 Porro
3189 5587 3370 5641 divina
3411 5588 3599 5659 religio
3622 5586 3742 5641 alte-

2187 5699 2305 5737 rum
2337 5682 2577 5737 habitum
2608 5680 2768 5734 habet
2809 5679 2861 5733 in
2895 5678 3220 5741 ministerio,
3269 5678 3500 5732 alterum
3551 5677 3604 5731 in
3650 5692 3742 5731 usa

2188 5774 2401 5843 vitaque
2431 5771 2699 5850 0010101101
2733 5787 2747 5835 ;
2782 5768 3051 5825 feminalia
3099 5776 3244 5823 recte
3273 5776 3638 5833 assumuntur,
3690 5779 3739 5823 ut
