3950 6334
212 407 348 460 IUIi‘J

1089 398 1441 454 COMIIEN'I‘.
1483 397 1547 451 IN
1590 393 2038 450 EZECIIIEIJ'III.
2081 425 2145 433 ——
2188 389 2312 447 LIB.
2355 393 2536 448 XVIII.

3327 396 3461 450 10εᾶ

208 517 467 571 honestas
501 515 764 583 decorque
797 521 1063 577 servetur.
1093 528 1160 567 ne
1193 512 1396 566 scilicet,
1433 511 1784 565 ascendentes
1810 509 1859 567 Α
1894 524 1910 553 ι
1945 503 2057 558 Non
2104 519 2293 559 omnes
2321 504 2538 575 capiunt
2568 505 2790 558 \‘Ct'btlllt
2840 504 2979 556 istud
3006 501 3217 573 (Matth.
3264 506 3399 578 XIX).
3434 527 3453 555 ς

208 605 406 662 altaris
424 604 644 677 gradus,
667 612 720 659 et
744 605 798 657 in
821 604 1121 658 ministerio
1136 602 1526 667 discurrentes,
1548 600 1787 656 revelent

209 699 624 770 turpitudinem.
653 697 783 764 Quae
809 697 1061 751 universa
1084 696 1215 766 quid
1227 694 1380 764 juxta
1409 710 1625 751 sensum
1651 694 1787 749 indi-

213 801 334 844 cent
379 788 695 858 spiritalem,
724 789 1001 856 sequentia
1039 788 1199 841 verba
1230 786 1623 841 monstrabunt.
1658 781 1787 838 Esse

213 882 524 935 indumenta
544 887 728 933 sancta
745 887 800 931 et
816 877 1075 947 spiritalia
1093 879 1247 932 docet
1261 874 1547 947 Apostolus
1568 875 1749 929 dicens
1768 891 1782 927 :

216 990 235 1022 ι
267 969 552 1025 lnduimini
592 970 817 1024 Domino
856 968 982 1023 Iesu
1032 968 1249 1024 Christo
1290 966 1460 1038 (Rom.
1491 963 1633 1036 xm).
1668 983 1686 1016 ι
1722 964 1789 1019 Et

210 1059 263 1113 in
297 1059 402 1114 alio
428 1059 545 1114 loco
571 1075 585 1113 :
619 1077 638 1110 ι
670 1059 876 1113 Induite
904 1073 998 1112 vos
1023 1058 1229 1112 viscera
1251 1055 1654 1120 misericordiae,
1686 1055 1786 1109 bo-

209 1148 414 1213 nitatis,
472 1147 809 1211 humilitatis,
877 1145 1337 1209 mansuetudinis,
1399 1152 1455 1199 et
1515 1143 1788 1213 patientia:

210 1236 440 1307 (Coloss.
463 1238 567 1309 ιιι).
600 1257 617 1290 ι
651 1237 716 1291 Et
759 1238 985 1291 iterum:
1010 1256 1027 1287 ι
1050 1234 1343 1305 Exspoliati
1387 1244 1574 1289 vetere
1616 1233 1789 1288 homi—

207 1346 277 1385 ne
329 1345 449 1384 cum
499 1329 752 1399 operibus
782 1327 921 1397 eius,
953 1337 1008 1382 et
1035 1328 1206 1382 induti
1228 1343 1364 1381 novo
1385 1326 1476 1396 qui
1499 1334 1789 1381 renovatur

208 1420 265 1474 in
298 1419 529 1475 scientia
553 1418 707 1487 juxta
734 1419 1019 1489 imaginem
1040 1418 1311 1473 Creatoris
1343 1416 1555 1488 (Ibid).
1590 1436 1607 1469 ι
1634 1416 1787 1482 Quod

206 1520 263 1564 et
292 1511 421 1564 illud
442 1509 747 1578 signiﬁcare
776 1518 903 1579 puto
930 1525 944 1562 :
975 1527 992 1559 ι
1011 1508 1235 1579 Oportet
1254 1510 1395 1563 enim
1422 1510 1787 1578 corruptivum

209 1601 315 1655 hoc
341 1600 485 1654 indui
515 1600 990 1669 incorruptionem,
1017 1608 1071 1653 et
1097 1600 1325 1653 mortale
1362 1600 1463 1655 hoc
1494 1600 1638 1654 indui
1685 1600 1787 1653 im-

207 1691 599 1745 mortalitatem
624 1709 637 1744 :
661 1708 780 1746 cum
821 1702 998 1745 autem
1027 1692 1391 1760 corruptivum
1414 1692 1515 1748 hoc
1545 1692 1787 1748 indutum

207 1780 373 1834 fuerit
419 1781 913 1851 incorruptionem,
962 1789 1017 1838 et
1065 1780 1291 1836 mortale
1350 1781 1454 1837 hoc
1507 1782 1787 1838 immorta-

1887 594 1967 647 Ad
1997 608 2158 662 quam
2191 602 2369 647 tamen
2398 592 2627 663 benigna
2659 607 2782 647 mox
2810 592 3188 646 exhortatione
3226 607 3321 646 eos
3369 596 3459 662 qni

1890 684 2101 753 possint
2126 680 2335 744 invitat,
2367 682 2553 735 dicens
2578 698 2591 734 :
2622 700 2638 731 ι
2665 680 2766 747 Qui
2788 688 2964 750 potest
2984 693 3176 750 capere
3205 690 3400 749 captat.
3438 702 3458 732 θ

1892 775 1953 828 Ει
1975 772 2134 844 paulo
2155 782 2278 844 post
2304 774 2505 827 eisdem
2528 772 2616 841 qui
2646 772 2727 825 vel
2755 786 2975 826 uxorem
3001 770 3085 825 vel
3110 770 3246 825 alios
3264 786 3464 839 cogna-

1890 875 1992 929 tos,
2016 873 2071 920 et
2095 864 2492 934 implicamcnta
2526 861 2710 916 mundi
2754 859 2910 928 hujus
2935 870 3154 930 propter
3180 860 3351 929 ipsum
3376 876 3460 912 ιω-
3538 918 3543 929 ἡ

1889 957 2167 1026 liquerint,
2185 955 2493 1025 centuplum
2525 952 2789 1022 promittit
2810 952 2860 1005 in
2892 952 2992 1005 hac
3022 952 3130 1004 vita
3159 949 3471 1019 prtemium,

1887 1054 1941 1099 et
1966 1046 2017 1098 in
2043 1045 2239 1099 sreculo
2267 1044 2445 1099 futuro
2464 1044 2628 1097 vitam
2650 1052 2928 1096 aeternam.
2946 1040 3097 1096 Unde
3120 1048 3268 1095 certa
3292 1039 3469 1110 gratia

1891 1134 2248 1189 distinctionis
2300 1150 2403 1187 non
2454 1133 2665 1204 Moyses
2726 1132 2828 1185 hoc
2900 1131 3210 1185 indumento
3263 1129 3465 1183 vestire

1890 1224 2070 1278 Aaron
2102 1235 2157 1278 et
2193 1223 2331 1277 ﬁlios
2359 1222 2477 1289 ejus
2499 1222 2737 1292 iubetur,
2773 1221 2914 1276 sicut
2948 1220 3012 1275 de
3036 1219 3310 1289 prioribus
3335 1217 3468 1273 dici-

1891 1322 1978 1367 tur
2005 1328 2019 1366 :
2062 1331 2080 1362 ι
2114 1310 2436 1380 Vestiesque
2458 1311 2542 1365 his
2562 1310 2811 1365 onmibus
2836 1309 3016 1362 Aaron
3043 1307 3265 1362 fratrem
3293 1317 3468 1372 tuum,

1890 1413 1944 1457 et
1974 1404 2109 1457 ﬁlios
2138 1403 2255 1473 ejus
2280 1418 2403 1455 cum
2455 1415 2540 1464 eo,
2588 1399 2681 1454 sed
2734 1396 2922 1464 facies,
2958 1397 3149 1465 inquit,
3198 1395 3465 1451 feminalia

1892 1493 2052 1557 linea,
2105 1502 2162 1547 ut
2214 1492 2459 1562 cperiant
2499 1506 2717 1546 carnem
2776 1488 2971 1561 (Exod.
3021 1487 3234 1560 xxvm).
3290 1509 3307 1541 ι
3341 1488 3464 1559 Ipsi,

1893 1586 2085 1656 inquit,
2116 1585 2365 1655 Operiant
2391 1599 2608 1638 carnem
2639 1581 2983 1651 turpitudinis
3003 1594 3132 1644 sum,
3167 1589 3220 1633 tu
3248 1578 3477 1635 femina-

1894 1676 1959 1730 lia
1982 1675 2219 1745 pontiﬁci
2276 1683 2329 1729 et
2360 1675 2480 1729 ﬁliis
2502 1674 2617 1743 ejus
2644 1673 2835 1736 facies,
2858 1683 2911 1728 tu
2934 1674 3200 1729 castitatis
3227 1671 3464 1742 regulam

1896 1769 2144 1831 docebis;
2195 1774 2249 1820 tu
2299 1766 2678 1820 abstinendum
2730 1764 2799 1819 ab
2829 1778 3032 1819 uxoreo
3061 1762 3343 1833 complexu
3387 1762 3467 1816 eis

206 1869 435 1933 litatem,
495 1879 625 1925 tunc
677 1870 771 1926 ﬁet
821 1886 999 1926 sermo
1055 1872 1148 1940 qui
1203 1872 1436 1942 scriptus
1489 1882 1593 1940 ρει,
1632 1894 1650 1927 ,
1682 1885 1786 1930 εις,
1819 1854 1867 1913 Β
1898 1858 1988 1926 qui
2020 1855 2325 1911 sacerdotio
2354 1853 2587 1909 funeturi
2624 1863 2767 1919 sunt,
2790 1852 3081 1908 intimabis.
3124 1853 3264 1907 Nulli
3289 1862 3466 1907 tamen

208 1958 262 2030 (Ι
290 1956 411 2015 Cor.
442 1960 557 2032 xv.)
586 1960 875 2033 (Μιιυιιιιε.)
907 1962 983 2016 De
1009 1962 1436 2017 sacerdotalibus
1476 1978 1604 2018 vero
1625 1966 1791 2019 vesti-

204 2050 311 2105 bus
361 2051 414 2105 in
453 2051 642 2107 Exodo
688 2052 899 2123 plenius
942 2053 1202 2122 scriptum
1229 2060 1332 2108 est.
1376 2051 1638 2109 labentur
1662 2069 1790 2127 ergo

206 2145 522 2200 sacerdotes
550 2145 697 2200 indui
722 2146 962 2201 vestibus
983 2145 1139 2200 lineis
1161 2145 1275 2200 sive
1296 2146 1547 2216 byssinis,
1575 2149 1788 2217 quando

206 2234 519 2289 ministrent
549 2234 777 2290 Domino
816 2236 869 2290 in
898 2235 1067 2305 portis
1094 2236 1218 2289 atrii
1266 2236 1561 2303 interioris,
1606 2246 1661 2292 et
1707 2238 1790 2293 in-

206 2326 505 2391 trinsecus,
552 2328 655 2383 hoc
681 2335 786 2392 est,
833 2327 1143 2383 castitatem
1190 2328 1389 2383 habere
1440 2330 1682 2400 corporis
1724 2346 1789 2385 ac

202 2418 405 2473 mentis
434 2436 448 2472 :
480 2434 581 2475 nec
609 2418 808 2490 aliquid
828 2419 1061 2483 laneum,
1096 2420 1198 2474 hoc
1218 2429 1301 2475 est
1326 2420 1486 2474 molle
1510 2436 1575 2475 ac
1596 2435 1785 2488 segne,

203 2508 261 2562 in
288 2510 698 2565 conversatione
725 2526 823 2564 sua
848 2510 1156 2564 ostendere.
1188 2508 1391 2581 Byssus
1423 2524 1552 2577 ergo
1579 2524 1700 2578 qua:
1722 2510 1789 2565 de

204 2610 353 2654 terra
382 2601 597 2671 quidem
624 2602 818 2661 oritur.
847 2603 939 2656 sed
967 2610 1122 2655 eruta
1153 2601 1219 2655 de
1264 2609 1405 2655 terra
1433 2600 1593 2671 longo
1628 2616 1786 2656 exer-

202 2692 340 2747 citio
395 2693 657 2759 siccandi,
711 2694 993 2758 tundendi,
1040 2692 1341 2763 purgandi,
1391 2692 1677 2762 coquendi,
1735 2701 1792 2748 et

202 2784 391 2846 nendi,
441 2785 774 2855 gramineum
828 2785 964 2840 solet
1013 2785 1263 2854 perdere,
1314 2792 1370 2839 et
1414 2784 1701 2839 candidum
1732 2786 1788 2841 in

201 2884 331 2924 sese
374 2872 612 2942 recipere
650 2872 884 2928 colorem
908 2914 923 2934 .
957 2888 1182 2943 corpora
1233 2873 1481 2943 designat
1522 2874 1788 2930 castitatis

202 2958 376 3013 nitida
426 2961 640 3026 decore,
682 2977 803 3032 qua:
850 2979 973 3018 cum
1031 2962 1212 3017 carnis
1256 2963 1473 3032 quidem
1522 2962 1787 3019 illecebris

202 3052 510 3117 nascentia,
536 3068 731 3124 magno
764 3054 1113 3109 continentia
1155 3052 1338 3108 labore
1363 3053 1518 3123 quasi
1548 3054 1787 3109 nativum

202 3142 479 3196 exsatiant
523 3144 829 3209 humorem,
882 3153 1044 3213 atque
1088 3143 1157 3198 ad
1196 3144 1441 3199 decorem
1474 3144 1584 3199 Deo
1613 3144 1787 3216 digna:

202 3331 261 3377 et
292 3322 558 3388 lectionis,
586 3327 857 3393 patienti-.12
877 3334 929 3379 et
958 3324 1275 3379 humilitatis
1299 3326 1576 3389 instantia,
1600 3341 1787 3396 perve-

203 3415 382 3469 niunt.
433 3416 599 3470 Recte
626 3416 690 3470 de
733 3416 816 3470 his
862 3424 1038 3485 potest
1090 3415 1218 3469 illud
1246 3414 1600 3485 apostolicum
1630 3415 1735 3470 dici
1767 3433 1781 3469 :

210 3524 231 3557 ι
270 3505 352 3560 An
380 3507 600 3563 nescitis
636 3509 890 3577 quoniam
938 3508 1179 3562 membra
1212 3516 1390 3563 vestra
1419 3509 1676 3579 templum
1691 3516 1812 3563 sunt

202 3597 442 3666 Spiritus
464 3599 656 3663 sancti,
680 3601 768 3668 qui
797 3600 851 3653 in
873 3599 1021 3654 vobis
1043 3599 1160 3654 est?
1191 3619 1208 3651 ι
1236 3598 1289 3671 (Ι
1346 3599 1469 3654 Cor.
1494 3599 1591 3671 vt.)
1623 3599 1788 3654 Tuni-

202 3703 302 3744 cas
342 3703 573 3758 namque
604 3690 799 3745 habent
845 3690 1151 3745 sacerdotes
1200 3689 1389 3753 lineas,
1447 3705 1567 3744 cum
1616 3698 1783 3744 totum

202 3796 403 3853 corpus
458 3799 613 3837 suum
669 3784 903 3838 candore
956 3784 1221 3837 castitatis
1268 3782 1534 3838 dedicant.
1588 3780 1787 3836 Balteis

205 3874 421 3927 tunicas
440 3872 681 3943 cingunt,
708 3890 827 3929 cum
864 3875 1109 3928 eamdem
1140 3874 1513 3929 castimoniam
1542 3873 1784 3946 vigilanti

205 3963 411 4018 mentis
443 3964 681 4017 custodia
710 3965 1171 4033 circumspiciunt,
1194 3981 1260 4019 ne
1288 3965 1619 4021 conscientia
1642 3966 1785 4022 illius

204 4052 593 4107 desidiosiores
621 4068 748 4124 erga
788 4055 1051 4109 bonorum
1078 4069 1299 4125 operum
1326 4056 1578 4110 exercitia
1606 4071 1782 4111 rema-

203 4151 407 4204 neant;
466 4159 532 4198 ne
562 4160 659 4215 per
679 4147 1000 4216 jactantiam
1041 4147 1374 4202 castimoniae
1403 4147 1590 4218 ipsius,
1621 4149 1783 4203 etiam

203 4232 542 4287 castimonia:
582 4234 831 4288 meritum
878 4236 1146 4289 minuant.
1178 4235 1323 4291 Vitta
1349 4251 1477 4307 ergo
1502 4236 1642 4291 linea
1670 4238 1785 4294 sive

204 4322 405 4385 thiara,
431 4339 549 4392 qua:
574 4333 628 4378 et
653 4325 849 4380 cidaris
869 4327 982 4381 sive
1013 4327 1172 4381 mitra
1194 4330 1505 4394 vocabatur,
1536 4331 1787 4401 tegebant

202 4412 385 4481 capita
408 4426 623 4479 eorum;
658 4424 717 4468 ut
751 4430 939 4470 sensus
966 4417 1211 4486 corporis
1250 4418 1330 4473 sui
1357 4418 1446 4486 qui
1478 4420 1707 4474 maxime
1729 4420 1782 4473 in

1886 1946 2183 2003 violentum
2232 1943 2536 2013 huiusmodi
2589 1941 3144 2014 continentimjugum
3191 1943 3463 2012 impones;

1888 2038 1981 2093 sed
2009 2038 2318 2108 quicunque
2339 2035 2650 2091 sacerdotes
2678 2034 2794 2090 ﬁeri
2841 2051 2905 2088 ae
2935 2034 3237 2089 ministerio
3266 2034 3475 2087 servire

1886 2127 2080 2181 altaris
2123 2126 2331 2191 volunt,
2380 2126 2481 2196 ipsi
2511 2141 2604 2181 sua
2647 2135 2837 2195 sponte
2882 2140 3111 2179 uxorum
3155 2125 3296 2180 servi
3348 2139 3474 2180 esse

1888 2220 2169 2274 desistant.
2228 2217 2381 2286 Quod
2407 2218 2497 2271 ubi
2549 2215 2896 2287 perfecerint,
2928 2224 2984 2269 et
3023 2223 3272 2284 suscepto
3300 2227 3470 2280 semet

1887 2313 2239 2369 continentia.-
2265 2311 2565 2381 proposito,
2597 2308 2875 2365 ministros
2901 2323 2961 2363 se
2987 2307 3277 2363 sanctuarii
3305 2315 3467 2376 atque

1888 2405 2074 2460 altaris
2098 2404 2213 2458 fore
2236 2402 2584 2459 consentiunt
2609 2420 2622 2455 :
2647 2400 2818 2456 aderit
2848 2400 2932 2454 lex
2973 2398 3150 2453 divina
3177 2412 3295 2468 qua:
3319 2395 3466 2451 velut

1886 2504 2143 2550 czetcrum
2168 2493 2272 2548 illis
2303 2490 2543 2546 habitum
2569 2487 2939 2545 sacerdotibus
2958 2501 3253 2557 congruum
3297 2485 3469 2555 impo-

1889 2602 2045 2650 nens,
2082 2585 2351 2655 quomodo
2384 2584 2564 2637 vivere
2583 2580 2669 2636 vel
2697 2580 2890 2635 docere
2908 2579 3157 2644 debeant,
3183 2577 3457 2633 abundan-

1890 2689 1973 2735 ter
2000 2679 2265 2733 instituat.

1958 2788 2230 2863 (Ηίει-οη.)
2277 2787 2401 2843 [lace
2451 2786 2771 2842 vestimenta
2816 2780 3037 2853 proprio
3085 2777 3243 2835 nobis
3278 2776 3469 2833 labore

1885 2878 2206 2935 conﬁcimus
2227 2893 2347 2947 qua:
2366 2883 2510 2931 texta
2541 2884 2667 2929 sunt
2691 2875 2941 2943 desuper,
2967 2868 3179 2939 qualem
3204 2876 3261 2922 et
3282 2865 3465 2921 Domi-

1890 2985 1995 3025 nus
2028 2969 2264 3024 habebat
2291 2967 2550 3029 tunicam,
2574 2981 2694 3035 quzc
2714 2962 2884 3019 scindi
2916 2978 3021 3016 non
3048 2966 3245 3029 potest,
3268 2958 3465 3027 quibus

1889 3060 2187 3121 induimus,
2207 3058 2422 3127 quando
2440 3065 2645 3112 secreta
2666 3054 2875 3109 Domini
2899 3061 2955 3107 et
2974 3064 3171 3106 arcana
3189 3047 3433 3119 cognosci
3447 3077 3463 3087 -

1857 3173 1868 3187 -
1892 3167 2031 3206 mus.
2068 3152 2134 3205 Et
2157 3151 2419 3206 habemus
2450 3150 2697 3206 sniritum
2722 3148 2813 3206 aui
2861 3153 3137 3201 scrutatur
3162 3142 3325 3197 etiam
3354 3141 3464 3196 alta

202 3152 479 3196 exsultant
524 3152 829 3209 humorem,
882 3153 1044 3213 atque
1088 3152 1157 3198 ad
1196 3152 1441 3199 decorem
1474 3152 1584 3199 Deo
1613 3152 1787 3216 digna:
1857 3167 2031 3206 οπως.
2068 3152 2134 3205 Ει
2157 3152 2419 3206 habemus
2450 3152 2697 3219 spiritum
2722 3163 2755 3216 q

202 3233 461 3301 puritatis
503 3234 684 3289 solerti
711 3234 1036 3305 jejuniorum
1059 3242 1112 3290 et
1134 3234 1455 3305 vigiliarum,
1481 3235 1785 3290 orationum
1814 3204 1859 3265 Ο
1887 3250 1943 3296 et
1967 3239 2228 3305 profunda
2266 3239 2381 3303 Dei,
2427 3253 2546 3305 qua)
2587 3252 2693 3291 non
2739 3250 2755 3289 ε

1887 3250 1943 3296 et
1967 3239 2228 3310 profunda
2266 3239 2381 3303 Dei,
2427 3253 2546 3307 quae
2587 3252 2693 3291 non
2739 3243 2863 3289 sunt
2911 3231 3259 3289 monstranda
3282 3229 3462 3302 vulgo,

1888 3346 1987 3385 nec
2014 3330 2333 3400 proferenda
2361 3328 2428 3381 ad
2456 3325 2707 3397 populum
2734 3324 2827 3393 qui
2848 3339 2954 3378 non
2972 3331 3057 3378 est
3076 3322 3465 3387 sanctiﬁcatus,

1888 3438 1988 3477 nec
2018 3421 2229 3474 Domini
2273 3416 2619 3473 sanctitudini
2668 3421 3041 3485 prteparatus:
3074 3426 3142 3467 ne
3181 3412 3228 3466 si
3258 3410 3460 3481 majora

1890 3528 1949 3568 se
1977 3512 2268 3575 audierint,
2294 3508 2630 3578 majestatem
2663 3506 2903 3561 scientia:
2933 3504 3075 3560 ferre
3102 3520 3207 3558 non
3232 3502 3461 3573 possint,

1888 3612 1943 3657 et
1968 3603 2119 3672 quasi
2152 3601 2323 3655 solido
2359 3598 2688 3653 snﬁ‘ocentur
2716 3596 2859 3660 cibo,
2897 3595 2986 3664 qui
3018 3594 3191 3648 adhuc
3215 3593 3352 3649 lacte
3381 3593 3463 3647 iu-

1887 3692 2069 3747 {amite
2095 3689 2366 3745 nutriendi
2397 3697 2539 3744 sunt.
2572 3687 2705 3742 Esse
2729 3694 2909 3740 autem
2937 3700 2967 3741 e
2987 3684 3262 3740 contrario
3287 3682 3459 3753 pessi-

1887 3799 1973 3836 ma
2001 3782 2319 3836 vestimenta
2348 3780 2501 3833 docet
2547 3778 2825 3846 Scriptura
2874 3774 3072 3840 divina,
3120 3782 3181 3827 ut
3210 3780 3293 3827 est
3334 3771 3461 3825 illud

1887 3876 2028 3946 quod
2052 3875 2104 3927 in
2126 3872 2353 3927 Psalmis
2382 3871 2447 3925 dc
2472 3869 2606 3924 Juda
2630 3869 3176 3940 proditorecantatur
3204 3882 3217 3917 :
3252 3886 3267 3914 ι
3299 3863 3457 3928 Indu-

1890 3979 1976 4023 tus
2009 3977 2089 4022 est
2116 3964 2492 4020 maledictione
2520 3963 2658 4016 sient
2679 3960 3002 4014 vestimento
3031 3955 3202 4026 (Ρδαι.
3229 3953 3399 4024 cvm).
3433 3972 3451 4005 ι

1887 4056 1952 4110 Et
1978 4063 2097 4126 post
2119 4053 2395 4124 paululum
2428 4070 2440 4105 :
2471 4071 2488 4101 ι
2524 4050 2643 4104 Fiat
2684 4048 2734 4103 ci
2765 4049 2904 4102 sicut
2933 4046 3308 4103 vestimentum
3352 4057 3465 4111 quo

1883 4148 2271 4209 circumdatur,
2305 4152 2357 4198 et
2388 4144 2527 4197 sicut
2548 4156 2680 4195 zona
2710 4156 2815 4208 qua
2845 4149 3058 4205 semper
3078 4133 3393 4203 accingitur.
3431 4149 3459 4182 ι

1890 4238 2040 4295 Unde
2070 4246 2124 4291 et
2154 4234 2411 4289 Dominus
2441 4232 2532 4302 qui
2584 4244 2681 4299 pro
2725 4227 2881 4283 nobis
2925 4226 3111 4288 doluit,
3161 4232 3217 4278 et
3273 4228 3455 4277 nostra

1887 4334 2105 4398 peccata
2136 4322 2386 4394 portavit,
2421 4319 2472 4373 in
2498 4316 2756 4371 Zacharia
2787 4313 3002 4369 sordida
3036 4313 3234 4365 habere
3262 4309 3460 4363 dicitur

1884 4417 2208 4472 vestimenta
2240 4410 2424 4483 (Zach.
2452 4409 2553 4479 Ill),
2581 4408 2646 4461 de
2670 4405 2867 4476 quibus
2896 4404 3151 4473 scriptum
3178 4408 3262 4455 est
3294 4418 3305 4430 ·
3336 4416 3355 4450 ι
3390 4398 3457 4452 Et

201 4503 385 4571 capite
432 4502 633 4573 vigent,
688 4505 789 4559 hoc
839 4514 943 4570 est,
1000 4507 1195 4573 visum,
1242 4508 1506 4574 auditum,
1545 4518 1777 4579 gustum,
1808 4543 1861 4601 D
1887 4506 2043 4560 Jcsus
2088 4514 2208 4559 erat
2238 4502 2456 4557 indutus
2492 4499 2732 4553 vestibus
2782 4494 3035 4558 sordidis,
3070 4513 3089 4546 ι
3121 4507 3241 4563 qum
3270 4498 3454 4561 postea

200 4593 461 4648 olfactum
500 4602 555 4647 et
586 4602 809 4661 tactum,
841 4595 892 4649 in
923 4608 1203 4653 venustate
1240 4600 1571 4655 castimoniae
1602 4608 1781 4655 custo-

201 4686 419 4750 dirent;
472 4701 636 4755 seque
683 4703 778 4756 pro
824 4687 1010 4742 eadem
1065 4691 1307 4746 custodia
1357 4706 1611 4746 coronam
1656 4694 1780 4749 vitae

202 4791 368 4845 quam
401 4777 706 4844 repromisit
747 4776 887 4831 Deus
913 4778 1256 4849 diligentibus
1284 4795 1342 4835 se
1382 4782 1627 4851 accipere
1655 4798 1778 4851 spe-

203 4874 412 4920 rarent.
441 4863 703 4920 Jubeulur
743 4866 1014 4921 feminalia
1060 4869 1197 4923 linea
1229 4871 1425 4925 habere
1482 4872 1533 4924 in
1585 4872 1780 4927 lumbis

204 4956 342 5018 suis,
387 4950 487 5007 hoc
507 4963 607 5018 est,
640 4957 1020 5009 continentiam
1061 4974 1295 5012 servare.
1328 4958 1618 5014 Fontinalia
1670 4962 1779 5015 haec

203 5059 327 5113 qua:
372 5045 439 5098 ad
462 5046 807 5113 eperiendam
855 5061 1075 5100 carnem
1110 5047 1457 5115 turpitudinis
1480 5050 1595 5102 ﬁeri
1629 5065 1781 5102 man-

206 5142 426 5205 dantur,
461 5138 605 5192 illam
627 5140 955 5194 castimoniae
971 5142 1272 5209 portionem
1294 5157 1413 5209 qua:
1445 5142 1513 5195 ab
1540 5143 1778 5211 appetitu

206 5233 415 5301 copula:
453 5231 746 5302 conjugalis
790 5234 1028 5298 cohibet,
1086 5235 1299 5304 proprie
1344 5236 1615 5306 designat;
1666 5238 1781 5292 sine

204 5338 314 5392 qua
344 5338 500 5375 nemo
525 5322 609 5374 vel
662 5323 1019 5376 sacerdotium
1067 5322 1357 5391 suscipere,
1389 5324 1472 5377 vel
1498 5324 1563 5377 ad
1594 5325 1780 5378 altaris

206 5422 387 5483 potest
416 5414 767 5467 ministerium
798 5413 1122 5478 consecrari,
1179 5414 1229 5467 id
1279 5423 1380 5476 est,
1436 5415 1481 5467 si
1538 5430 1641 5467 non
1687 5423 1782 5467 aut

208 5506 362 5573 virgo
391 5504 768 5573 permanserit,
803 5512 893 5556 aut
917 5518 1129 5557 uxorem
1152 5501 1545 5569 coniunctionis
1574 5504 1775 5558 foedera

210 5611 317 5649 non
342 5593 581 5647 solverit.
619 5594 769 5659 Quod
801 5592 1046 5646 videlicet
1090 5608 1258 5662 genus
1287 5593 1500 5646 virtutis
1528 5593 1653 5645 nulli
1687 5608 1776 5661 per

209 5684 381 5753 legem
414 5683 504 5738 Dei
540 5685 843 5737 necessario
876 5685 1211 5750 imperatum,
1248 5684 1340 5735 sed
1376 5682 1672 5734 voluntaria
1699 5690 1778 5735 est

208 5776 495 5829 devotione
530 5774 749 5828 Domino
772 5773 1122 5837 oIl‘ercndnm,
1164 5773 1372 5825 dicente
1399 5772 1512 5841 ipsa
1544 5772 1606 5825 de
1632 5773 1728 5825 huc
1764 5786 1777 5823 :

1885 4595 2125 4665 deponit,
2172 4591 2445 4659 Scriptura
2496 4588 2705 4642 dIeente
2738 4604 2751 4639 :
2789 4603 2808 4635 ι
2844 4583 3064 4638 Auferte
3090 4582 3157 4636 ab
3185 4597 3250 4635 eo
3290 4580 3453 4635 vcsti-

1887 4696 2065 4742 menta
2094 4683 2329 4748 sordida,
2362 4690 2416 4735 et
2462 4680 2663 4734 induite
2693 4693 2814 4731 cum
2843 4676 3058 4746 potiere,
3097 4694 3115 4726 ι
3156 4682 3262 4728 etc.
3304 4672 3454 4739 Quod

1877 4786 2067 4832 autem
2097 4774 2360 4843 sequitur,
2398 4792 2416 4821 ι
2449 4772 2595 4825 vitta:
2640 4770 2754 4824 sive
2800 4768 3013 4821 cidares
3036 4765 3188 4819 linea:
3211 4772 3370 4816 erunt
3400 4762 3451 4815 in

1885 4868 2151 4937 capitibus
2179 4878 2387 4927 eorum,
2424 4881 2441 4913 ι
2472 4871 2599 4930 puto
2628 4871 2882 4913 coronam
2926 4855 3209 4910 ostendere
3252 4852 3450 4921 gratia-

1891 4980 2028 5027 rum,
2052 4963 2116 5015 de
2143 4976 2244 5028 qua
2278 4958 2535 5026 scriptum
2565 4963 2647 5008 est
2678 4971 2691 5007 :
2730 4972 2747 5002 ι
2778 4952 3045 5006 Coronam
3078 4948 3220 5002 enim
3253 4947 3451 5017 gratia—

1882 5070 1998 5107 rum
2037 5049 2291 5117 suseipict
2339 5057 2458 5100 tuus
2507 5053 2689 5098 vertex
2745 5041 2928 5112 (Prov.
2968 5038 3068 5109 tv).
3100 5057 3119 5091 ι
3161 5036 3270 5092 Nec
3324 5035 3450 5089 iIInd

1883 5142 2036 5197 nobis
2064 5140 2127 5194 de
2169 5146 2357 5206 epcrto
2406 5144 2461 5190 et
2489 5132 2629 5187 nudo
2673 5132 2851 5202 capite
2879 5130 3041 5184 faciat
3071 5126 3445 5198 quaestionem,

1883 5231 2023 5300 quod
2081 5227 2370 5297 Apostolus
2425 5224 2699 5291 loquitur:
2735 5239 2753 5273 ι
2786 5220 2974 5274 Mulier
3019 5219 3177 5273 debet
3204 5215 3444 5271 velamen

1886 5322 2079 5375 habere
2100 5332 2262 5386 super
2286 5324 2444 5385 caput
2473 5322 2693 5381 propter
2722 5311 2939 5380 angelos
2968 5308 3019 5380 (Ι
3040 5307 3163 5363 Cor.
3198 5305 3295 5379 xl).
3335 5325 3354 5358 ι
3387 5304 3448 5360 Si

1879 5408 2023 5463 enim
2061 5423 2165 5460 non
2216 5404 2422 5458 velatur
2468 5402 2681 5466 mulier,
2721 5399 3093 5462 attondeatur;
3137 5397 3218 5451 sin
3266 5406 3449 5451 autem

1882 5505 2037 5563 turpe
2079 5502 2163 5549 est
2205 5492 2414 5545 mulieri
2459 5490 2667 5545 tonderi
2721 5497 2813 5542 aut
2842 5487 2980 5552 radi,
3019 5486 3312 5559 operiatur.
3352 5483 3451 5557 Vir

1880 5585 2023 5638 enim
2042 5600 2146 5637 non
2173 5583 2328 5636 debet
2355 5582 2564 5651 operire
2587 5590 2746 5649 caput
2768 5595 2889 5633 emn
2915 5580 2985 5634 sit
3007 5580 3181 5645 imago
3207 5587 3259 5631 ct
3278 5575 3449 5646 gloria

1884 5676 1975 5729 Dei
2012 5695 2023 5727 :
2052 5675 2243 5727 mulier
2286 5682 2463 5727 autem
2491 5672 2657 5742 gloria
2683 5672 2786 5724 viri
2813 5679 2913 5724 est.
2944 5669 2999 5723 Si
3033 5670 3175 5723 enim
3206 5669 3446 5721 virorum

1883 5779 1958 5822 est
1994 5785 2095 5820 non
2120 5767 2328 5834 operire
2351 5772 2529 5833 caput,
2559 5763 2767 5817 videtur
2793 5776 2912 5815 esse
2942 5760 3293 5821 contrarium,
3314 5771 3445 5826 quo~
