3950 6370
518 414 640 516 ton

1160 456 1220 509 Β.
1261 454 1510 510 BADA?“
1550 454 1764 511 MAURI
1803 453 2122 509 ARClllEP.
2167 452 2473 510 MOGUNT.
2512 451 2796 507 OPEltUM
2839 453 3016 507 1³Λῖὶὸ
3056 454 3116 507 ιι.

3626 437 3771 511 ιοιὲ

512 566 669 624 modo
708 580 849 619 nunc
877 565 1183 619 sacerdotes
1211 568 1386 635 capita
1441 566 1589 619 vittis
1629 565 1709 619 vel
1744 564 1925 620 cidare
1950 579 2077 633 ope-
2109 569 2155 625 Α
2186 570 2293 616 tate
2334 563 2617 619 damnatus
2666 573 2750 618 est
2777 606 2789 617 .
2824 565 2924 617 nisi
2973 566 3111 633 quod
3161 573 3343 634 postea
3387 567 3770 623 crescentibus

511 656 620 715 rire
638 653 948 724 jubeantur.
974 653 1080 709 Sed
1121 655 1163 707 si
1191 654 1431 723 legamus
1458 654 1763 723 diligentius
1790 668 1857 707 ex
1885 651 2082 722 priori—

513 748 611 807 bus
633 745 904 801 Solventur
924 747 1227 814 praesentia.
1250 744 1423 813 Supra
1452 745 1593 798 enim
1622 743 1835 805 dicitur,
1867 760 1885 791 ι
1909 757 2083 811 quan-

512 838 580 893 do
602 820 908 890 ministrant
951 837 1003 889 in
1052 836 1222 904 portis
1273 835 1396 889 atrii
1460 832 1730 890 interioris
1760 834 2084 887 etintrinse-

512 943 624 981 cus.
663 945 680 977 ι
720 925 775 981 Si
799 926 939 986 enim
971 926 1335 995 ingrediantur
1360 927 1425 979 ad
1466 935 1671 987 sancta,
1701 936 1755 977 et
1798 933 2001 977 stemus
2030 925 2098 976 ir/

511 1025 798 1087 conspectu
856 1016 1086 1079 Domini,
1120 1017 1293 1086 capita
1343 1025 1523 1070 nostra
1569 1016 1780 1084 operire
1805 1016 2079 1078 debemus,

512 1111 633 1181 quia
661 1127 763 1164 non
782 1111 1165 1180 justilicabitur
1185 1112 1237 1164 in
1263 1118 1549 1176 conspectu
1570 1109 1661 1163 Dei
1681 1110 1855 1162 onu‘tis
1878 1110 2079 1171 vivens,

510 1208 580 1259 et,
600 1200 666 1253 ab
688 1200 908 1255 infantia
924 1216 1019 1257 cor
1040 1200 1270 1255 hominis
1293 1199 1591 1269 appositum
1610 1206 1692 1252 est
1712 1198 1776 1250 ad
1801 1198 2081 1251 malitiam.

509 1288 751 1357 Denique
778 1300 833 1343 et
865 1288 1205 1344 feminalibus
1256 1288 1579 1342 intrinsecus
1626 1288 1851 1352 utimur,
1881 1302 1947 1340 ne
1977 1287 2078 1340 ulla

509 1380 564 1439 in
614 1388 902 1447 conspectu
952 1379 1045 1434 Dei
1100 1378 1313 1449 pollutae
1365 1378 1728 1441 conscientia).
1790 1386 1843 1430 et
1905 1378 2083 1446 Operis

509 1469 765 1539 nuptialis
814 1476 1072 1538 appareat
1133 1469 1424 1537 turpitudo.
1481 1467 1685 1533 Quibus
1742 1466 2082 1522 feminalibus

511 1559 713 1629 aecingi
762 1558 875 1617 vult
927 1567 983 1614 et
1023 1557 1267 1613 Salvator
1303 1558 1589 1626 apostolos.
1631 1558 1812 1610 dicens
1853 1570 1867 1607 :
1914 1574 1930 1605 ι
1965 1554 2082 1609 Sint

510 1648 676 1705 lumbi
705 1651 866 1705 vestri
895 1650 1121 1704 accincti
1144 1657 1197 1703 et
1220 1648 1451 1702 lucernre
1472 1648 1722 1703 ardentes
1754 1648 1807 1700 in
1836 1647 2081 1701 manibus

511 1739 660 1812 (Luc.
708 1738 829 1811 xu).
882 1758 901 1791 ι
954 1739 1020 1793 Ει
1066 1739 1353 1807 Apostolus
1408 1739 1750 1793 credentibus
1797 1738 2077 1806 loquitur:

514 1848 532 1879 ι
571 1828 721 1883 State
772 1843 901 1898 ergo
948 1828 1174 1882 accincti
1239 1828 1446 1882 lumbos
1491 1835 1701 1881 vestros
1742 1828 1797 1881 in
1852 1828 2080 1882 veritate

2188 652 2397 722 capillis
2425 653 2707 721 pristinum
2739 653 2901 707 robur
2929 654 3133 722 accepit
3163 672 3173 705 :
3205 663 3256 706 et
3288 655 3340 706 in
3384 664 3508 725 typo
3555 654 3768 710 Cbristi

2186 743 2352 796 multo
2395 742 2575 812 plures
2624 743 3039 812 alienigenarum
3092 753 3332 797 mortuus
3391 759 3553 811 quam
3602 745 3768 800 vivus

2186 834 2399 887 occidit.
2437 833 2557 887 Vult
2582 842 2758 886 autent
2788 836 3041 887 Dominus
3087 836 3399 889 sacerdotes
3430 851 3557 889 suos
3584 839 3766 905 capil-

2188 923 2264 975 los
2298 922 2741 976 sanctificationis
2769 923 2965 975 habere
2988 934 3295 992 perpetuos,
3326 934 3379 977 et
3418 926 3619 994 operiri
3671 943 3767 980 ca-

2187 1014 2293 1081 pita
2320 1029 2677 1093 eortnnnnon
2721 1013 2897 1074 aliquo
2930 1014 3263 1067 extrinsecus
3290 1014 3613 1078 velamento,
3668 1018 3765 1070 se.l

2185 1118 2279 1157 sua
2332 1103 2669 1171 naturalique
2716 1102 2973 1167 caesarie,
3024 1119 3124 1157 non
3180 1104 3244 1156 ad
3288 1113 3534 1158 ornatum
3598 1116 3771 1172 atque

2185 1194 2473 1255 luxuriam,
2502 1196 2592 1248 sed
2614 1197 2677 1247 azl
2707 1196 3059 1247 lienestatcm.
3089 1196 3237 1249 Unde
3260 1206 3313 1249 et
3360 1196 3535 1265 capilli
3564 1198 3768 1265 capitis

2185 1288 2546 1356 apostolorum
2604 1290 2873 1343 numerati
2938 1298 3081 1353 sunt,
3140 1291 3349 1343 dicente
3412 1288 3694 1343 Salvatore
3750 1309 3764 1343 :

2190 1402 2208 1433 ι
2248 1382 2426 1437 Vestri
2475 1391 2661 1437 autem
2713 1392 2767 1437 et
2818 1384 2993 1451 capilli
3048 1386 3239 1453 capitis
3302 1387 3567 1439 numerati
3634 1396 3765 1439 sunt

2185 1472 2395 1543 (Matth.
2431 1474 2509 1543 x),
2549 1493 2565 1524 ι
2603 1474 2743 1528 illius
2795 1475 2988 1543 capitis
3043 1476 3108 1529 de
3155 1490 3263 1543 quo
3324 1476 3376 1528 in
3432 1475 3768 1530 Ecclesiaste

2182 1567 2441 1635 scriptum
2489 1575 2574 1619 est
2621 1585 2632 1619 :
2688 1584 2705 1615 ι
2760 1564 3035 1635 Sapientis
3091 1567 3229 1620 oculi
3291 1567 3343 1620 in
3405 1568 3577 1635 capite
3644 1565 3767 1633 ejus

2185 1658 2381 1726 (Eccle.
2437 1658 2533 1728 ιι);
2576 1678 2592 1708 ι
2660 1677 2677 1708 ι
2734 1668 2891 1727 caput
2953 1666 3129 1711 autem
3194 1659 3294 1712 viri
3361 1658 3610 1713 Christus
3673 1668 3765 1712 est

2184 1746 2233 1817 (I
2266 1745 2387 1802 Cor.
2416 1746 2518 1817 xt),
2552 1747 2695 1817 quod
2736 1757 2984 1816 peccator
3010 1748 3289 1802 conculcat
3314 1756 3367 1802 et
3397 1748 3646 1815 despicit.
3677 1759 3756 1809 et.

2183 1848 2241 1891 ut
2276 1838 2347 1891 ita
2379 1839 2589 1908 loquar,
2620 1840 2759 1893 radit
2786 1838 3063 1903 novacula,
3085 1848 3137 1892 et
3165 1838 3343 1893 aufert
3369 1838 3483 1906 ejus
3509 1840 3760 1907 pulchri-

511 1919 724 1988 (lz‘phes.
765 1917 860 1991 Vl).
898 1938 917 1969 ι
975 1918 1039 1972 Ει
1094 1919 1394 1973 imitatores
1434 1918 1631 1973 Christi
1686 1918 1909 1972 audiunt
1953 1918 2081 1971 illud
2114 1919 2153 1976 B
2186 1929 2422 1983 tudinem
2457 1947 2471 1982 ε
2504 1928 2645 1997 quod
2696 1937 2752 1984 ει
2805 1928 2895 1982 mi;
2947 1927 3173 1983 Ammon
3226 1928 3467 1982 [οεριιυηι
3506 1929 3589 1981 his
3621 1943 3765 1996 quos

508 2014 648 2083 quod
676 2012 742 2065 de
790 2025 854 2064 eo
896 2011 1156 2080 scriptum
1198 2019 1315 2063 est:
1349 2028 1366 2060 ι
1405 2010 1519 2064 Erit
1551 2008 1759 2077 justitia
1808 2010 2082 2064 accinctus

511 2102 742 2164 lutubos,
768 2110 821 2155 et
866 2102 1093 2155 veritate
1140 2101 1504 2155 circumdatus
1549 2099 1717 2153 latera
1753 2098 1885 2171 (Isa.
1919 2100 2017 2170 χι).
2060 2118 2077 2151 ι

509 2192 571 2250 Et
605 2192 707 2246 hac
736 2192 848 2261 ipsa
872 2206 1007 2246 zona
1034 2191 1124 2259 qui
1148 2193 1373 2252 cinctus,
1406 2199 1461 2245 et
1491 2191 1557 2244 ad
1588 2190 1845 2244 virtutum
1872 2189 2081 2245 culmen

504 2285 834 2349 ascenderit,
893 2300 1232 2354 nequaquam
1288 2285 1551 2339 violenter
1608 2285 1956 2355 astringitur,
2016 2300 2084 2339 ne

510 2376 713 2430 invitus
745 2376 945 2430 bonum
995 2377 1337 2431 continentia:
1385 2378 1674 2431 observare
1719 2377 1985 2442 videatur,
2030 2385 2085 2432 et

509 2469 562 2526 in
582 2467 776 2522 sudore
798 2468 977 2523 vultus
998 2470 1077 2523 sui
1102 2468 1385 2523 comedere
1406 2484 1617 2539 panem,
1643 2471 1735 2524 sed
1758 2478 2083 2538 praeceptum

513 2557 721 2613 Domini
743 2557 923 2612 facere
952 2558 1245 2613 voluntate.
1270 2559 1509 2628 Denique
1532 2561 1743 2628 quando
1768 2557 1911 2612 foras
1932 2573 2085 2629 egre-

508 2648 679 2713 ditur,
726 2656 781 2701 et
814 2648 1007 2702 miscet
1034 2664 1092 2703 se
1125 2648 1341 2718 pepulo,
1383 2648 1732 2703 sacerdotalia
1762 2648 2081 2701 vestimenta

511 2739 731 2808 deponit
764 2738 815 2793 in
845 2736 1248 2809 gazophylacio,
1273 2737 1325 2790 in
1365 2751 1469 2805 quo
1500 2736 1709 2790 Domini
1739 2734 1937 2788 divitize
1958 2748 2083 2787 con-

506 2839 813 2893 servantur.
843 2830 911 2889 Et
932 2830 1051 2884 aliis
1077 2837 1302 2883 utuntur
1325 2828 1563 2882 vestibus
1592 2826 1919 2890 sacerdotes,
1948 2826 2081 2879 alia-

511 2937 617 2999 que
643 2921 881 2976 doctrina
908 2921 973 2975 ad
1004 2920 1192 2990 vulgus
1218 2919 1465 2989 ignobile;
1498 2934 1565 2973 ne
1588 2917 1957 2973 sanetilicetur
1986 2933 2082 2987 po-

509 3013 668 3086 pulus
706 3012 757 3065 in
791 3011 943 3066 stolis
986 3026 1191 3066 eorum.
1247 3009 1422 3065 Grave
1467 3017 1552 3063 est
1595 3008 1919 3063 multitudini
1949 3023 2084 3062 onus

508 3104 652 3157 ultra
678 3104 821 3158 vires
849 3103 1145 3175 suscipere,
1171 3101 1381 3157 dicente
1412 3100 1699 3155 Salomone
1728 3117 1741 3152 :
1781 3116 1800 3149 ι
1838 3098 2085 3168 Laqueus

509 3204 593 3249 est
618 3195 718 3249 viri
743 3196 852 3249 cito
876 3196 1003 3267 quid
1034 3196 1098 3249 de
1137 3195 1248 3249 suis
1270 3192 1625 3247 sanctificare.
1664 3211 1682 3243 ι

581 3283 733 3350 Quod
764 3292 941 3337 autem
972 3282 1215 3351 sequitur
1256 3283 1321 3336 de
1370 3280 1734 3335 sacerdotibus

511 3391 665 3431 suum
696 3390 803 3427 non
829 3375 1036 3438 radent,
1070 3389 1242 3442 neque
1266 3388 1474 3428 comam
1525 3376 1781 3437 nutrient,
1833 3373 1925 3425 sed
1957 3379 2079 3423 ton-

512 3470 699 3521 dentes
728 3466 1083 3520 attondebunt
1111 3466 1285 3535 capita
1333 3480 1448 3530 sua,
1494 3484 1511 3515 ι
1546 3464 1827 3533 perspicue
1864 3462 2081 3515 demon-

511 3568 556 3611 st
568 3566 737 3620 ratur,
753 3571 851 3611 nec
876 3556 1014 3609 rasis
1032 3555 1316 3624 capitibus,
1331 3553 1489 3608 sicuti
1504 3553 1807 3608 sacerdotes
1819 3550 2080 3604 cultores-

511 3661 615 3714 que
628 3646 782 3700 lsidis
795 3654 954 3713 atque
968 3643 1239 3713 Serapidis
1257 3658 1353 3698 nos
1376 3658 1494 3697 esse
1516 3642 1729 3705 debere,
1753 3656 1851 3695 nec
1868 3655 2080 3693 rursum

513 3743 725 3791 comam
775 3734 1063 3797 dimittere,
1120 3735 1260 3802 quod
1307 3734 1523 3804 proprie
1555 3732 1949 3786 luxuriosorum
1976 3739 2079 3795 est,

512 3826 976 3894 barbarorumque
1003 3833 1058 3879 et
1087 3823 1449 3879 militantium.
1482 3821 1587 3878 Sed
1614 3832 1671 3876 ut
1699 3823 1957 3877 honestus
1987 3822 2083 3875 ha-

514 3918 661 3973 bitus
688 3918 1024 3972 sacerdotum
1048 3915 1199 3971 facie
1210 3917 1621 3969 demonstretur.
1646 3914 1751 3968 Pro
1773 3928 1878 3983 quo
1901 3914 2084 3967 dixere

516 4008 917 4079 Septuaginta:
954 4026 972 4060 ι
1019 4007 1207 4077 Capita
1262 4020 1357 4061 sua
1410 4020 1514 4059 non
1568 4005 1774 4067 radent,
1819 4014 1871 4057 et
1900 4018 2082 4057 comas

515 4116 642 4156 suas
671 4099 735 4154 ad
768 4114 1009 4169 pressum
1035 4114 1142 4153 non
1169 4098 1483 4161 tondebunt,
1507 4097 1599 4151 sed
1627 4096 1929 4165 aperientes
1958 4109 2082 4165 ope-

516 4188 658 4242 rient
682 4188 855 4256 capita
880 4202 1028 4241 sua.»
1054 4183 1211 4239 Juxta
1235 4185 1375 4255 quod
1403 4185 1659 4240 discimus
1683 4198 1783 4237 nec
1809 4182 2083 4237 calvitium

516 4275 775 4330 novacula
812 4290 929 4330 esse
976 4274 1300 4341 faciendum,
1328 4290 1426 4330 nec
1464 4275 1537 4328 ita
1591 4275 1654 4328 ad
1691 4289 1936 4344 pressum
1967 4282 2084 4327 ton-

517 4366 750 4420 dendum
776 4372 955 4437 caput,
988 4374 1044 4418 ut
1072 4380 1315 4419 rasorum
1361 4364 1564 4419 similes
1605 4380 1723 4419 esse
1759 4365 2036 4417 videamur
2068 4379 2080 4415 :

515 4458 607 4514 sed
626 4457 675 4509 in
694 4466 896 4511 tantum
914 4456 1133 4525 capillos
1157 4455 1521 4519 dimittendos,
1545 4463 1603 4509 ut
1625 4464 1805 4524 operta
1830 4455 1898 4508 sit
1923 4454 2079 4507 cutis.

516 4542 612 4599 Vel
629 4553 775 4599 certe
797 4560 1006 4613 semper
1028 4544 1337 4599 sacerdotes
1358 4546 1571 4614 operire
1614 4544 1790 4614 capita
1817 4558 1909 4598 sua
1922 4543 2074 4613 juxta

517 4634 647 4689 illud
676 4634 1023 4705 Virgilianum
1051 4651 1065 4688 :

643 4784 896 4847 Purpureo
920 4785 1081 4836 velare
1102 4798 1280 4846 comas,
1306 4786 1562 4848 adopertus
1580 4788 1769 4836 amictu.

517 4906 624 4962 Sed
655 4908 767 4960 base
787 4906 1016 4961 violenta
1064 4906 1432 4975 interpretatio
1455 4917 1553 4961 est.
1581 4908 1814 4975 Denique
1836 4916 1890 4962 et
1910 4907 2079 4961 Naza-

516 5000 609 5051 raci
638 5008 825 5067 sponte
855 5015 911 5053 se
937 4998 1186 5061 oll‘crunt,
1219 5007 1272 5051 et
1297 5000 1599 5068 quicunque
1624 5000 1822 5068 aliquid
1856 5000 2078 5064 voverit,

516 5097 571 5142 et
598 5104 702 5141 non
732 5088 1047 5157 impleverit,
1072 5089 1175 5141 voti
1206 5104 1328 5142 reus
1356 5097 1458 5142 est.
1492 5089 1643 5143 Unde
1673 5090 1737 5143 de
1756 5091 1931 5143 viduis
1953 5090 2084 5143 diei-

519 5184 608 5231 tur
638 5194 650 5230 :
688 5194 707 5227 ι
739 5177 869 5231 Cum
898 5175 1177 5231 luxuriatre
1201 5177 1399 5231 fuerint
1428 5180 1481 5232 in
1511 5178 1748 5243 Christo,
1770 5182 1970 5235 nubere
1992 5196 2083 5233 vo-

516 5268 656 5330 lunt,
694 5265 952 5320 habentes
1002 5265 1419 5332 damnationem,
1478 5269 1602 5339 quia
1650 5270 1879 5337 primam
1926 5270 2083 5325 fidem

517 5358 727 5413 irritam
780 5355 1021 5409 fecerunt
1052 5354 1101 5425 (I
1133 5355 1263 5409 Tim.
1294 5357 1371 5428 v).
1414 5377 1432 5409 ι
1464 5358 1651 5413 Melius
1678 5368 1773 5419 est
1800 5361 1941 5414 enim
1972 5376 2079 5415 non

514 5446 850 5517 promittere,
908 5461 1067 5513 quam
1104 5446 1416 5515 promittere
1444 5458 1497 5503 et
1538 5465 1643 5504 non
1696 5449 1890 5505 facere.
1924 5449 2079 5504 Anna

513 5534 705 5589 obtulit
733 5534 1033 5589 Samuelem
1062 5536 1114 5607 (I
1138 5536 1266 5612 Reg.
1300 5537 1337 5607 ι)
1359 5539 1449 5607 qui
1480 5539 1532 5591 in
1562 5549 1760 5594 aeterna
1791 5541 2080 5594 sanctitate

514 5622 830 5693 permansit;
855 5631 909 5677 et
929 5622 1119 5679 Manue
1140 5624 1570 5680 obtulitSamson
1590 5628 1751 5681 lilium
1772 5628 1918 5699 (Jud.
1935 5628 2075 5698 xui),

515 5716 611 5775 sed
659 5716 1135 5773 sanctificationem
1183 5719 1496 5789 capillorum
1535 5719 1648 5787 ejus
1681 5722 1863 5783 Dalilre
1914 5723 2077 5779 libido

517 5807 782 5887 turpavit;
814 5810 1042 5884 denique
1090 5811 1348 5867 Dominus
1377 5812 1601 5867 recessit
1628 5814 1694 5869 ab
1738 5831 1821 5881 eo,
1851 5824 1900 5871 et
1927 5820 2081 5873 casei-

1781 3297 1792 3333 :
1840 3299 1858 3331 ι
1907 3278 2078 3349 Caput
2106 3262 2149 3324 C

2103 4610 2154 4670 D

2184 2018 2347 2072 David
2380 2018 2586 2088 legatos
2633 2018 2853 2072 miserat
2884 2017 2965 2088 (II
3001 2017 3125 2087 Reg.
3154 2018 3232 2091 ι).
3265 2016 3359 2072 Sin
3414 2028 3594 2072 autem
3627 2018 3763 2088 legis

2182 2112 2555 2178 praevaricatio
2612 2112 2897 2165 inhonorat
2949 2111 3157 2176 Deum,
3213 2122 3607 2181 consequenter
3667 2115 3760 2181 qui

2184 2200 2316 2269 legis
2344 2208 2610 2270 praecepta
2641 2208 2945 2264 conservat,
2977 2202 3205 2255 honorat
3221 2216 3362 2265 eum,
3389 2210 3447 2255 ut
3469 2202 3764 2271 impleatur

2184 2292 2323 2361 quod
2370 2293 2625 2361 scriptum
2657 2300 2737 2345 est
2770 2306 2783 2343 :
2820 2290 2887 2345 Ut
2913 2307 3099 2346 omnes
3147 2292 3505 2346 bonorifncent
3534 2292 3760 2352 Filium,

2185 2383 2321 2436 sicut
2350 2380 2705 2435 honorificam
2728 2380 2961 2434 Patrem.
2993 2380 3566 2449 «Sacerdotes,inquit,
3593 2390 3762 2450 caput

2185 2490 2337 2529 suum
2368 2488 2473 2527 non
2505 2473 2716 2536 radent,
2745 2486 2918 2541 neque
2968 2486 3174 2526 comam
3220 2472 3474 2536 nuuient,
3510 2472 3604 2525 sed
3632 2480 3758 2524 ton-

2186 2568 2375 2621 dentes
2403 2565 2684 2619 attondent
2745 2565 2921 2633 capita
2973 2580 3087 2618 sua.
3124 2584 3142 2617 ι
3181 2561 3380 2635 (Greg.)
3439 2563 3763 2618 Sacerdotes

2185 2675 2419 2728 namque
2463 2656 2585 2729 jure
2621 2658 2792 2713 vocati
2822 2667 2966 2721 sunt,
3020 2657 3108 2726 qui
3164 2666 3220 2709 ut
3263 2672 3472 2710 sacrum
3504 2658 3760 2709 ducatum

2184 2752 2462 2821 prcebeant
2516 2748 2763 2804 ﬁdelibus
2812 2758 3072 2817 prmsunt.
3122 2748 3307 2817 Capilli
3340 2763 3465 2801 vero
3499 2749 3549 2800 in
3580 2749 3761 2816 capite

2185 2846 2482 2899 exteriores
2537 2853 2661 2899 sunt
2716 2844 3067 2914 cogitationes
3121 2844 3175 2896 in
3227 2852 3408 2896 mente
3442 2861 3453 2896 :
3490 2844 3578 2911 qui
3630 2843 3759 2895 dum

2186 2951 2345 3004 super
2373 2935 2658 2990 cerebrum
2704 2934 3086 2989 insensibiliter
3134 2934 3397 2994 oriuntur,
3442 2949 3599 2987 curas
3632 2934 3757 2986 vita:

2185 3029 2463 3099 praesentis
2490 3029 2820 3095 exprimunt,
2860 3041 2978 3095 quae
3006 3040 3070 3079 ex
3098 3040 3255 3079 sensu
3286 3024 3598 3095 negiigenti,
3633 3027 3757 3093 quia

2188 3124 2547 3192 inopportune
2574 3120 2863 3189 aliquando
2909 3120 3197 3189 prodeunt,
3240 3119 3390 3186 quasi
3438 3118 3593 3171 nobis
3650 3133 3757 3169 non

2188 3212 2544 3267 sentientibus
2575 3212 2892 3282 procedunt.
2938 3209 3069 3276 Quia
3102 3209 3260 3279 igitur
3287 3208 3463 3261 cuncti
3496 3207 3584 3271 qui
3616 3222 3756 3273 prte-

2184 3310 2308 3357 sunt
2332 3290 2534 3356 habere
2563 3302 2776 3369 quidem
2808 3299 3193 3354 sollicitudines
3219 3298 3514 3352 exteriores
3540 3296 3756 3353 debent,

2184 3407 2281 3445 nec
2318 3400 2498 3445 tamen
2552 3391 2630 3444 eis
2660 3390 3003 3442 vehementer
3052 3387 3387 3449 incumbere;
3448 3386 3760 3438 δείξει-ὀυς

2184 3490 2329 3535 recte
2356 3488 2581 3549 etcaput
2607 3479 2963 3548 prohibentur
2993 3477 3181 3531 radere
3202 3486 3256 3529 et
3273 3490 3481 3529 comam
3515 3473 3753 3527 nutrias:

2187 3581 2247 3626 ut
2282 3571 2639 3641 cogitationes
2664 3571 2845 3624 carnis
2879 3569 3056 3623 debita
3101 3583 3227 3621 cura
3271 3565 3623 3625 subditorum,
3658 3579 3756 3617 nec

2185 3678 2213 3717 a
2243 3678 2300 3718 se
2337 3662 2579 3717 funditus
2632 3671 2930 3731 amputem,
2965 3676 3065 3716 nec
3089 3675 3273 3714 rursus
3302 3660 3367 3712 ad
3403 3658 3752 3713 crescendum

2184 3754 2346 3809 nimis
2378 3752 2643 3817 relaxent,
2696 3754 2785 3807 ubi
2827 3760 2881 3806 et
2931 3752 3066 3805 bene
3114 3750 3351 3804 dicitur:
3390 3769 3406 3798 ι
3450 3749 3755 3803 Tondi-ntes

2185 3847 2628 3918 tondeant.capita
2679 3861 2796 3909 sua,
2834 3864 2850 3895 ι
2886 3852 2943 3898 ιιι
2986 3843 3234 3897 videlicet
3276 3856 3418 3895 cura:
3444 3840 3754 3909 temporalis

2184 3936 2589 3998 sollicitudines,
2618 3942 2673 3987 ct
2716 3942 2976 4002 quantum
3032 3945 3253 3986 necesse
3284 3939 3365 3984 est
3395 3932 3672 3999 prodeant,
3701 3942 3756 3985 et

2185 4038 2364 4081 tamen
2391 4034 2702 4082 resecentur
2716 4025 2875 4079 citius
2904 4038 2970 4077 ne
2993 4023 3397 4077 immoderatius
3417 4030 3747 4075 excrescant.

2184 4117 2320 4175 Dum
2352 4117 2514 4187 igitur
2546 4126 2601 4170 et
2631 4130 2726 4185 per
2772 4114 3201 4168 administratam
3228 4112 3551 4165 exteriorem
3576 4111 3749 4180 pravi-

2185 4208 2423 4261 dentiam
2473 4220 2759 4275 corporum
2803 4206 2910 4258 vita
2947 4202 3265 4272 protegitur,
3310 4212 3366 4256 et
3418 4217 3626 4256 rursum
3656 4216 3750 4269 per

2185 4297 2595 4350 immoderatam
2626 4296 2804 4349 cordis
2864 4294 3211 4348 intentionem
3252 4306 3355 4345 non
3403 4292 3745 4361 impenditur,

2183 4387 2359 4455 capilli
2390 4387 2442 4440 in
2473 4386 2651 4455 capite
2708 4385 3022 4447 sacerdotis,
3074 4392 3125 4437 et
3180 4390 3461 4437 servantur
3489 4390 3544 4434 ut
3574 4391 3744 4435 cutem

2182 4478 2517 4547 cooperiant,
2547 4486 2603 4529 et
2629 4485 2940 4530 resecantur
2986 4490 3053 4529 ne
3088 4474 3271 4529 oculos
3300 4474 3569 4527 claudant.
3600 4472 3744 4543 (Hie-

2184 4566 2324 4636 ron.)
2374 4565 2541 4620 Porro
2593 4565 2733 4633 quod
2783 4565 3063 4633 sequitur:
3106 4582 3122 4614 ι
3157 4562 3227 4617 Ut
3272 4563 3448 4617 omnis
3477 4562 3738 4627 sacerdos,

2184 4656 2397 4723 quando
2425 4658 2767 4725 ingressurus
2795 4664 2877 4709 est
2903 4655 3097 4707 atrium
3151 4653 3400 4717 interius,
3429 4654 3607 4705 vinum
3638 4668 3738 4706 non

2185 4744 2366 4807 bibat;
2407 4764 2423 4795 ›
2458 4743 2799 4813 perspicuum
2835 4752 2917 4797 est
2950 4741 3210 4799 ebrietate
3252 4750 3308 4795 et
3354 4742 3523 4796 sicera
3551 4751 3737 4795 statum

2185 4837 2381 4891 mentis
2407 4838 2597 4901 everti,
2626 4844 2799 4890 etnon
2829 4836 2982 4906 plene
3013 4851 3109 4891 nos
3146 4850 3357 4903 sapere,
3384 4836 3592 4905 quando
3619 4837 3738 4891 vino

2185 4934 2240 4980 et
2266 4927 2513 4980 satietate
2541 4928 2753 4980 animus
2778 4935 3090 4994 occupatur.
3140 4925 3385 4980 Ebrietas
3417 4934 3591 4979 autem
3634 4942 3735 4981 non

2183 5015 2354 5071 solum
2383 5017 2437 5070 in
2472 5016 2687 5083 potione
2715 5015 2848 5081 vini,
2878 5016 2969 5069 sed
3001 5016 3053 5068 in
3082 5015 3329 5070 omnibus
3376 5017 3533 5069 rebus
3560 5025 3732 5070 osten-

2185 5107 2345 5169 ditur,
2374 5106 2569 5175 quibus
2591 5112 2644 5159 et
2668 5106 2720 5159 in
2746 5104 3109 5160 contractibus
3134 5105 3259 5159 etin
3290 5105 3515 5174 negotiis
3540 5106 3733 5169 seculi,

2182 5205 2237 5251 et
2265 5197 2472 5249 damnis
2498 5211 2559 5249 ac
2585 5194 2768 5259 lucris,
2815 5208 2997 5247 amore
3023 5202 3075 5248 et
3115 5194 3237 5248 odio
3274 5210 3425 5248 mens
3455 5193 3735 5247 inebriatur

2183 5293 2237 5339 et
2279 5285 2519 5347 fluctuat,
2560 5292 2627 5338 Aet
2674 5292 2871 5338 statum
2903 5298 3056 5337 suum
3104 5291 3289 5337 tenere
3312 5296 3416 5335 non
3446 5290 3634 5349 potest.
3674 5282 3734 5336 Et

2185 5376 2307 5444 quia
2331 5374 2501 5445 fragili
2520 5388 2680 5429 carne
2709 5372 3131 5437 circumdamur,
3157 5382 3209 5427 et
3228 5372 3467 5439 cogimur
3485 5386 3579 5438 pro
3598 5372 3731 5426 victu

2184 5471 2343 5532 atque
2370 5463 2587 5525 vestitu,
2619 5470 2673 5516 et
2721 5461 3040 5516 necessariis
3081 5476 3200 5531 qua:
3249 5460 3315 5513 ad
3353 5476 3544 5529 corpus
3576 5461 3733 5528 perti-

2184 5562 2334 5618 nent,
2366 5553 2540 5621 aliqua
2570 5552 2747 5607 facere
2772 5566 2891 5621 quae
2919 5552 3096 5607 facere
3122 5568 3229 5606 non
3258 5553 3528 5613 debemus,
3552 5551 3730 5607 saltem

2185 5642 2287 5696 hoc
2314 5656 2343 5695 a
2378 5642 2531 5696 nobis
2576 5642 2827 5711 exigitur,
2855 5650 2913 5695 ut
2941 5642 3155 5711 quando
3184 5642 3236 5695 in
3270 5658 3366 5696 nos
3404 5642 3729 5705 revertimur.

2183 5745 2236 5787 et
2267 5734 2465 5786 scimus
2494 5748 2589 5786 cur
2619 5732 2730 5786 nati
2758 5748 2960 5797 sumus,
3004 5740 3057 5786 et
3104 5734 3361 5787 interiora
3394 5743 3550 5801 atque
3579 5734 3727 5803 adyta

2182 5821 2362 5891 templi
2391 5822 2735 5893 ingredimur,
2772 5823 3085 5879 recedamus
3114 5840 3141 5877 a
3189 5824 3335 5880 vitiis
3364 5822 3563 5885 saeculi.
3591 5832 3641 5877 et
3669 5839 3731 5883 ne
