3950 6334
267 427 402 481 1915

1151 418 1499 476 COMMENT.
1545 416 1610 472 IN
1647 417 2091 474 EZECIIIEI.E.\I.
2129 450 2201 460 —
2238 419 2363 475 LIB.
2406 414 2593 477 XVIII.

3360 425 3493 477 ltili

262 537 488 593 minima
512 532 725 604 quidem
750 539 969 603 peccata
1003 529 1279 586 faciamus.
1322 532 1425 587 Per
1451 524 1567 601 quae
1593 530 1828 585 ostendi-
1856 535 1903 593 Α
1936 549 1953 582 ι
1991 547 2106 585 mea
2138 532 2191 585 in
2221 533 2469 587 omnibus
2494 530 2919 587 solemnitatibus
2952 531 3087 587 meis
3114 535 3436 602 custodiunt.
3472 557 3489 587 ι

260 636 374 690 tur,
418 631 474 680 et
523 635 747 693 peccare
802 636 906 674 non
936 636 1035 690 pro
1065 620 1471 675 necessitatibus
1497 620 1677 675 carnis
1703 634 1829 687 pec-

257 723 385 768 cata
416 712 573 776 levia,
602 718 656 764 et
695 725 907 763 rursum
959 724 1077 763 esse
1126 717 1352 777 tempus,
1400 708 1612 777 quando
1638 708 1832 759 atrium

261 803 623 872 ingredientes
645 799 887 861 interius,
908 800 974 853 ab
1004 799 1151 853 omni
1176 800 1438 853 ebrietate
1464 797 1647 851 mundi
1673 805 1834 864 atque

255 896 425 951 alieni
456 908 575 949 esse
605 893 880 947 debemus.
935 892 1125 946 Vinum
1172 899 1351 945 autem
1398 905 1503 944 non
1558 887 1729 942 solum
1780 888 1833 941 in

259 984 564 1039 ministerio
594 982 901 1037 sacerdotes
935 997 1037 1035 non
1066 980 1251 1035 bibent
1284 981 1444 1050 atque
1490 979 1711 1044 Levitte,
1742 980 1834 1032 sed

260 1092 332 1131 ne
355 1076 645 1145 ingressuri
678 1074 890 1143 quidem
915 1082 1096 1127 sancta
1130 1082 1439 1127 sanctorum
1470 1086 1535 1125 ne
1560 1070 1833 1140 opprima-

259 1177 354 1222 tur
381 1182 549 1230 mens,
570 1174 625 1219 et
646 1180 835 1220 sensus
862 1164 1101 1217 crassior
1130 1163 1239 1216 ﬁat.
1268 1161 1419 1216 Unde
1441 1171 1495 1215 ct
1513 1161 1828 1230 Apostolus:

265 1277 285 1305 ‹
327 1256 531 1310 Bonum
558 1262 659 1317 est,
691 1254 885 1323 inquit,
918 1254 1098 1305 vinum
1122 1267 1225 1305 non
1243 1251 1425 1305 bibere
1449 1248 1624 1321 (Rom.
1655 1250 1784 1320 xxv).
1810 1268 1827 1299 ι

260 1347 333 1401 Et
380 1347 433 1399 in
482 1346 587 1399 alio
640 1345 801 1399 loco:
844 1363 861 1393 ‹
896 1342 961 1396 Et
985 1343 1193 1405 vinum,
1243 1342 1296 1395 in
1328 1356 1434 1409 quo
1486 1349 1569 1394 est
1624 1340 1832 1391 luxuria

256 1436 482 1507 (Ephes.
522 1434 597 1503 v).
638 1454 656 1484 ι
708 1431 1044 1486 Ma’nducavit
1070 1431 1213 1484 enim
1260 1430 1483 1499 populus
1512 1438 1567 1482 et
1604 1428 1837 1493 bibit,et

257 1534 621 1581 surrexerunt
655 1524 839 1577 ludere
866 1522 1059 1593 (Exod.
1092 1520 1283 1591 xxxn).
1312 1519 1569 1589 Quodque
1593 1519 1837 1573 concedit

259 1621 549 1674 Timotheo
594 1616 647 1687 (I
699 1616 831 1669 Tim.
889 1614 965 1685 v),
1018 1622 1075 1667 ut
1118 1614 1300 1666 vinum
1344 1612 1615 1681 paululum
1665 1612 1829 1673 bibat,

255 1709 545 1779 perspicue
570 1709 900 1761 demonstrat
924 1719 1020 1759 cur
1044 1704 1145 1757 hoc
1166 1702 1492 1757 concesserit
1518 1716 1533 1754 :
1568 1720 1585 1752 ι
1610 1701 1835 1771 Propter

254 1799 644 1862 stomachum,
700 1796 911 1866 inquit,
959 1803 1013 1849 et
1067 1794 1372 1863 frequentes
1414 1795 1766 1848 inﬁrrnitates.
1810 1814 1827 1846 υ

259 1888 449 1959 (Isid)
484 1888 632 1941 I'Ianc
657 1902 827 1955 usque
874 1901 1016 1939 nunc
1069 1885 1234 1953 legem
1272 1885 1325 1937 in
1356 1884 1595 1937 ecclesiis
1627 1884 1833 1937 invenis

258 1978 548 2033 Custodiri.
603 1976 785 2045 Neque
835 1975 978 2029 enim
1014 1973 1321 2028 omnimodo
1350 1989 1378 2025 a
1414 1975 1537 2025 vino
1566 1974 1835 2027 abstinere

258 2068 540 2138 praeepit,
575 2066 667 2120 sed
721 2066 935 2134 quando
976 2064 1043 2117 ad
1098 2061 1493 2117 tabernaculum
1546 2061 1830 2116 testiinonii

260 2168 359 2212 aut
376 2158 440 2212 ad
462 2156 628 2210 altare
654 2155 1009 2216 ascendimus,
1038 2154 1089 2207 id
1115 2160 1219 2217 est,
1243 2152 1460 2220 quando
1480 2144 1831 2221 quodcunque

260 2250 624 2305 ministerium
645 2247 903 2302 doctrinae
923 2245 1157 2300 cmlcstis
1186 2244 1565 2313 contingimus.
1591 2244 1831 2298 ministe-

260 2339 328 2393 cii
350 2339 491 2393 enim
518 2338 685 2392 altare
707 2336 875 2407 ﬁgura
900 2344 982 2390 est
1013 2354 1025 2388 :
1056 2334 1461 2389 tabernaculum
1505 2334 1649 2389 enim
1680 2334 1829 2388 testi-

258 2429 431 2483 monii
481 2427 780 2482 ctelestium
840 2440 1018 2480 rerum
1061 2424 1532 2479 contrectationes.
1584 2421 1735 2475 Unde
1780 2430 1834 2475 ct

256 2519 549 2572 Timotheo
591 2516 788 2571 Paulus
838 2514 1107 2570 scribebat
1156 2530 1169 2566 τ
1224 2532 1241 2562 ι
1278 2511 1414 2566 Vino
1442 2512 1650 2567 modico
1682 2521 1833 2565 utere

257 2620 482 2680 propter
531 2608 868 2663 stomachum
899 2616 1049 2659 tuum
1094 2613 1147 2658 et
1191 2604 1496 2673 frcqucn'es
1537 2612 1657 2656 tuas
1686 2602 1833 2655 inﬁr-

258 2700 492 2753 mitates.
537 2719 554 2751 ι
591 2698 693 2764 Qui
739 2704 916 2750 autem
972 2694 1183 2749 modico
1231 2694 1420 2755 utitur,
1466 2693 1552 2747 hic
1594 2701 1831 2762 tempore

254 2790 543 2844 ministerii
579 2788 826 2841 videlicet
851 2794 905 2840 et
947 2784 1226 2847 doctrinae,
1255 2784 1324 2836 ab
1373 2784 1517 2836 omni
1547 2783 1829 2836 vinole:rtia

255 2890 312 2938 et
340 2882 600 2939 ebrietate
632 2899 691 2937 se
719 2880 973 2937 abstinet.
1006 2876 1264 2932 Similiter
1297 2886 1472 2929 autem
1502 2884 1557 2927 et
1585 2876 1825 2931 sacerdo-

254 2986 341 3029 tes
389 2976 441 3027 hi
470 2975 556 3043 qui
611 2973 844 3036 student,
897 2972 1063 3041 legem
1096 2970 1413 3023 custodiant.
1446 2968 1669 3037 l‘mpter
1690 2969 1830 3036 quod

258 3080 367 3119 non
394 3065 566 3118 solum
598 3064 796 3124 Aaron,
825 3064 917 3118 sed
951 3072 1005 3115 et
1035 3062 1157 3115 ﬁliis
1194 3061 1310 3128 ejus
1341 3060 1649 3114 sublimiora
1681 3061 1828 3114 vidc-

254 3152 384 3207 licet
419 3153 649 3221 adeptis,
695 3153 1003 3206 mandatum
1035 3152 1137 3205 hoc
1189 3151 1366 3203 tradit.
1404 3138 1607 3204 Similia
1652 3159 1827 3203 autem

1934 620 2200 694 (ΙΙὶενοη.)
2244 622 2429 677 Omnis
2450 623 2538 677 hic
2568 622 2716 678 locus
2756 632 3021 694 prrcccpta
3050 625 3286 683 continet
3312 643 3491 681 sacer-

1932 710 2375 782 dotum,quipost
2397 712 2561 765 multa
2584 729 2703 781 quae
2730 730 2889 783 supra
2920 717 3285 785 exposuimus,
3303 715 3494 785 juben-

1935 800 2021 853 tur
2048 801 2260 855 viduam
2288 811 2342 855 et
2367 804 2719 870 repudiatam,
2738 806 2849 859 sive
2874 806 3097 875 eiectam
3124 822 3225 860 non
3251 808 3493 876 accipere

1934 905 2149 945 uxores.
2187 890 2353 946 Vidua
2401 902 2455 946 et
2509 895 2781 963 repudiata
2828 905 2911 949 est
2946 895 3252 967 Synagoga,
3311 899 3362 968 id
3414 907 3496 951 cst

1927 982 2272 1050 congregatio
2304 980 2635 1048 Judacorum,
2663 999 2780 1052 qum
2811 986 3091 1040 Dominum
3142 1003 3245 1041 non
3274 989 3491 1055 recepit,

1932 1071 2074 1123 unde
2114 1078 2167 1124 et
2196 1084 2340 1124 recte
2367 1072 2531 1141 ejecta
2574 1073 2784 1136 dicitur,
2836 1089 2947 1127 Sive
2993 1076 3149 1128 vidua
3194 1074 3490 1144 Syuagtuga.

1936 1159 2114 1229 (Isid)
2160 1161 2235 1214 De
2263 1176 2366 1229 qua
2410 1163 2462 1215 in
2503 1162 2642 1229 Lege
2672 1163 2929 1233 scriptum
2980 1174 3059 1218 est
3102 1164 3282 1235 (Leuit.
3331 1168 3489 1234 xui);

1941 1269 1958 1301 ‹
1993 1249 2243 1304 Scortum
2272 1259 2326 1305 et
2356 1251 2461 1306 vile
2500 1253 2849 1321 prostibulum
2891 1268 2997 1308 non
3041 1255 3197 1308 ducet
3250 1270 3493 1319 uxorem,

1935 1360 2033 1398 nec
2062 1360 2178 1399 eam
2206 1361 2325 1415 qua:
2341 1346 2616 1416 repudiata
2650 1355 2735 1401 est
2755 1363 2785 1400 a
2818 1347 3028 1410 marito,
3060 1348 3183 1415 quia
3210 1361 3493 1401 consecra-

1939 1446 2023 1491 tus
2048 1446 2131 1490 est
2170 1436 2279 1490 Dco
2310 1451 2426 1499 suo,
2474 1446 2529 1491 et
2568 1453 2735 1508 panes
2780 1437 3160 1508 prepositionis
3191 1436 3360 1493 offert.
3415 1440 3494 1492 Sit

1934 1544 2065 1597 ergo
2085 1537 2321 1592 sanctus,
2349 1530 2473 1597 quia
2502 1537 2556 1583 et
2586 1545 2683 1600 ego
2710 1539 2931 1585 sanctus
2956 1546 3073 1584 sum
3098 1530 3373 1591 Dominus,
3405 1533 3495 1597 qui

1936 1622 2212 1677 sanctillco
2244 1636 2360 1676 vos.
2391 1640 2409 1671 ι
2446 1620 2504 1675 Si
2535 1636 2662 1692 ergo
2691 1622 2868 1676 datam
2898 1638 2927 1675 a
2954 1623 3061 1675 Deo
3090 1620 3241 1674 nolis
3266 1621 3498 1675 sanctiﬁ-

1934 1714 2198 1767 cationem
2224 1727 2323 1766 nos
2351 1711 2657 1767 sacerdotes
2682 1712 3064 1776 custodiamus,
3100 1710 3498 1765 sanctiﬁcamus

1936 1818 2032 1871 per
2058 1810 2293 1856 nostram
2317 1802 2794 1857 sanctiﬁcationcm
2810 1818 2930 1855 eum
2958 1802 3047 1869 qui
3074 1809 3291 1856 sanctus
3308 1816 3499 1857 secun-

1864 1869 1908 1925 B
1936 1869 2059 1944 dum
2096 1897 2339 1943 naturam
2370 1899 2449 1943 est
2476 1898 2527 1942 et
2558 1890 2708 1943 nobis
2732 1891 3007 1952 duntaxat,
3048 1890 3169 1958 quia
3213 1890 3261 1941 in
3286 1887 3497 1943 confor-

1933 1978 2109 2032 mibus
2134 1985 2188 2031 et
2217 1977 2566 2045 participibus
2597 1976 2710 2045 ejus
2744 1978 2925 2048 gloriae
2963 1977 3128 2031 voluit
3149 1977 3492 2033 sanctiﬁcari.

1933 2066 2043 2121 Ilac
2092 2066 2562 2120 transformatione
2614 2081 2741 2120 usus
2800 2074 2900 2132 est,
2958 2066 3111 2135 quasi
3162 2065 3406 2135 ﬁgurata,
3446 2073 3494 2116 ct

1934 2159 2106 2228 typice
2130 2158 2371 2228 loquens.
2412 2158 2790 2213 Verumtamen
2828 2172 2920 2213 eos
2952 2158 3043 2227 qui
3095 2141 3497 2212 sanctiﬁcantur

1932 2252 1999 2305 ab
2021 2266 2106 2315 eo,
2137 2259 2375 2306 scortum
2400 2258 2454 2304 et
2482 2249 2585 2304 vile
2614 2249 2964 2318 prostibulum
2996 2250 3189 2304 ducere
3219 2263 3324 2302 non
3364 2248 3493 2309 vult,

1932 2350 2116 2412 aperte
2142 2350 2329 2395 contra
2354 2338 2657 2395 Judaaorum
2681 2354 3004 2410 synagogam
3034 2339 3345 2401 intendens;
3378 2354 3496 2406 (μεμε

1927 2433 2055 2502 quia
2080 2432 2331 2486 meretrix
2356 2438 2456 2494 est,
2487 2430 2607 2484 audi
2634 2430 2913 2484 D‘ominum
2946 2430 2997 2482 in
3024 2429 3157 2482 Isaia
3181 2429 3441 2482 dicentem
3476 2446 3486 2479 :

1939 2543 1955 2574 ι
1992 2524 2268 2588 Quomodo
2312 2522 2453 2576 facta
2489 2530 2572 2575 est
2612 2520 2867 2575 meretrix
2900 2520 3089 2574 civitas
3140 2518 3307 2571 ﬁdelis
3344 2518 3491 2573 Sim.

1931 2615 2087 2684 plena
2132 2612 2351 2681 iudicii?
2391 2612 2599 2681 iustitia
2643 2608 2903 2665 habitavit
2933 2610 2984 2663 in
3016 2623 3099 2671 ca,
3130 2623 3270 2661 nunc
3316 2618 3491 2659 animi

1934 2706 2213 2760 homicida?
2240 2703 2372 2773 (Isa.
2398 2703 2459 2769 ι).
2500 2722 2519 2754 ι
2551 2700 2657 2757 Sed
2684 2710 2736 2757 ct
2784 2702 2838 2755 in
2885 2700 3020 2756 Osee
3053 2716 3064 2754 :
3102 2720 3117 2750 ι
3150 2700 3216 2752 Et
3256 2699 3489 2751 auferam

1934 2794 2339 2849 fornicationem
2367 2790 2481 2859 ejus
2505 2792 2560 2845 in
2592 2791 2766 2845 medio
2796 2791 2933 2858 ejus,
2958 2798 3009 2842 et
3033 2786 3348 2841 adulterium
3381 2790 3493 2853 ejus

1932 2887 1997 2943 de
2028 2886 2199 2943 medio
2230 2886 2452 2942 uberum
2493 2880 2606 2955 ejus
2642 2882 2786 2957 (Ο..ε.
2813 2880 2895 2956 ιι).
2927 2901 2943 2935 ›
2974 2881 3194 2953 Insuper
3246 2888 3299 2937 et
3330 2878 3492 2931 David

1933 2980 2185 3049 praedicat
2211 2976 2636 3048 profanationem
2665 2974 2796 3043 ejus.
2827 2976 2916 3029 Ait
2957 2976 3095 3028 enim
3129 2976 3231 3027 Deo
3264 2992 3276 3026 :
3313 2993 3330 3024 ι
3366 2970 3490 3025 Pro-

1936 3071 2127 3123 f-..nasti
2158 3070 2209 3122 in
2243 3080 2382 3122 terra
2418 3068 2757 3122 sanctitatem
2782 3067 2917 3136 eius,
2943 3066 3250 3119 destmxisti
3281 3080 3492 3118 omnem

1937 3163 2227 3217 maceriam
2256 3158 2370 3228 ejus
2402 3159 2569 3230 (Psal.
2622 3158 2903 3226 Lxxxvm).
2944 3177 2960 3207 ι
3011 3155 3371 3209 Sanctiﬁcatio
3402 3169 3487 3207 au-

254 3240 343 3295 ιιίε
369 3250 422 3295 οι
441 3240 637 3295 Paulus
662 3241 728 3295 ad
760 3240 1016 3309 Ephesios
1037 3241 1249 3308 SCI‘IpSII
1278 3255 1291 3291 ζ
1322 3258 1339 3288 (
1374 3239 1546 3294 Nolite
1573 3240 1825 3293 inebriari
1857 3214 1901 3274 C
1935 3260 2039 3305 (cm
2074 3214 2378 3303 Judgeor'um
2405 3214 2670 3317 \syuagoga
2713 3214 2895 3301 conuii
2942 3254 3059 3299 cmi,
3099 3244 3281 3313 procul
3313 3243 3487 3298 duiiigi,

252 3330 407 3394 vino,
433 3330 486 3383 in
506 3345 614 3399 quo
637 3338 721 3385 est
748 3330 977 3394 luxuria,
1001 3330 1095 3384 sed
1124 3330 1293 3397 magis
1320 3329 1608 3396 impletnini
1634 3329 1822 3397 spiritu

250 3420 474 3491 (Ep/ws.
501 3422 575 3491 v).
614 3439 633 3470 ι
669 3420 1138 3488 Hebetemqnippc
1161 3418 1399 3473 ebrietas
1426 3426 1655 3470 mentem
1705 3418 1826 3471 red-

253 3510 357 3574 dit,
388 3518 443 3563 et
470 3508 817 3563 sobrietatem
860 3506 974 3575 ejus
1026 3508 1078 3560 in
1130 3508 1366 3561 deterius
1396 3507 1585 3566 vertit,
1627 3515 1684 3559 ut
1719 3522 1824 3559 non

253 3602 623 3672 intelligantur
645 3615 761 3669 qua!
783 3608 1029 3671 aguntur.
1060 3600 1188 3665 Quae
1216 3599 1533 3652 testiﬁcatur
1560 3598 1725 3652 Isaias
1750 3600 1825 3652 sic

250 3694 483 3747 dicens:
522 3710 539 3742 ι
574 3690 663 3744 Va!
701 3692 790 3758 qui
838 3691 1157 3758 consurgitis
1198 3705 1355 3742 manc
1398 3690 1462 3741 ad
1506 3689 1821 3742 ebrietatem

252 3784 589 3844 sectandum,
614 3790 667 3835 ct
691 3782 978 3850 potandum
1004 3794 1170 3849 usque
1195 3781 1259 3832 ad
1294 3794 1591 3848 vesperam,
1623 3762 1681 3831 ut
1698 3780 1824 3831 vino

247 3874 516 3927 :estnetis.
548 3872 782 3942 Cytbara
813 3880 865 3925 et
907 3872 1039 3941 lyra,
1088 3878 1143 3924 et
1187 3881 1494 3940 tympanum
1530 3878 1582 3923 ct
1606 3870 1735 3922 tibia
1771 3878 1826 3923 et

252 3966 437 4015 vinum
453 3962 505 4014 in
530 3961 789 4015 conviviis
816 3961 1026 4025 vestris,
1047 3968 1101 4015 et
1122 3976 1255 4030 epus
1282 3960 1491 4013 Domini
1523 3976 1625 4013 non
1654 3960 1824 4029 respi-

251 4054 397 4118 citis,
424 4068 523 4107 nec
550 4068 712 4122 opera
736 4068 986 4106 manuum
1013 4051 1128 4119 ejus
1155 4052 1505 4105 consideratis
1532 4051 1666 4121 (Ira.
1692 4052 1765 4122 v).
1798 4070 1817 4103 ι

251 4141 354 4209 Qui
392 4148 569 4195 autem
591 4155 753 4210 opera
788 4141 992 4195 Domini
1022 4154 1127 4194 non
1158 4139 1371 4202 vident,
1405 4140 1670 4207 quomodo
1694 4140 1822 4193 divi-

250 4238 382 4290 dere
413 4235 552 4288 inter
596 4242 779 4289 sancta
805 4245 857 4288 et
896 4235 1113 4304 profana
1143 4242 1232 4287 aut
1293 4235 1488 4288 munda
1518 4243 1572 4289 et
1595 4235 1825 4289 immun-

250 4330 344 4393 da,
374 4331 456 4384 vel
486 4331 752 4399 quomodo
772 4330 1042 4383 exhortari
1090 4337 1143 4383 ct
1169 4329 1469 4382 illuminare
1488 4329 1737 4397 populum
1760 4330 1826 4382 de

252 4421 550 4489 Scripturis
574 4423 831 4490 possunt?
863 4421 1013 4476 Unde
1050 4421 1148 4475 hoc
1198 4421 1507 4473 mandatum
1546 4421 1825 4475 sublimius

249 4513 538 4569 ostendere
570 4514 809 4582 cupiens,
839 4512 1132 4582 ipsumhoc
1163 4514 1236 4563 ait
1268 4512 1499 4563 locutum
1533 4510 1694 4564 fuisse
1722 4510 1823 4564 Do-

252 4603 459 4656 minum
489 4618 501 4665 ;
532 4602 622 4655 sed
673 4602 885 4655 intende
932 4602 1377 4669 quemadmodum
1428 4601 1659 4654 locutum
1705 4618 1822 4655 esse
1853 4576 1899 4632 υ

252 4690 542 4747 Dominum
592 4690 759 4759 Moysi
816 4705 917 4744 non
968 4706 1064 4759 per
1094 4691 1325 4760 linguam
1354 4692 1445 4744 sed
1489 4706 1583 4760 per
1609 4706 1820 4743 matiam

252 4782 409 4845 dicit,
442 4788 535 4834 aut
564 4781 780 4834 omnino
807 4780 1119 4849 dignitatem
1164 4780 1294 4849 legis
1336 4781 1616 4833 ostendere
1640 4780 1822 4835 voluit.

250 4872 383 4940 quia
423 4871 670 4939 exposuit
719 4870 931 4938 quidem
978 4884 1095 4923 eam
1146 4869 1305 4923 Deus.
1376 4868 1604 4939 Scripsit
1648 4879 1824 4923 autem

254 4962 491 5033 Moyses,
521 4960 731 5028 excepit
776 4974 903 5014 vero
948 4974 1065 5014 eam
1117 4958 1225 5013 Deo
1256 4974 1375 5028 qua:
1423 4960 1677 5026 disposita
1706 4966 1829 5011 sunt

252 5053 493 5122 iubente.

333 5159 350 5189 ι
384 5139 608 5194 Viduam
658 5150 712 5193 et
760 5138 1088 5207 repudiatam
1124 5138 1236 5193 sive
1282 5138 1507 5208 eiectam
1554 5154 1659 5193 non
1688 5140 1826 5192 acci-

259 5252 278 5281 ο
319 5231 463 5298 pient
487 5244 702 5293 uxores,
721 5229 815 5283 sed
834 5227 1093 5295 virginem
1113 5228 1179 5281 de
1205 5228 1411 5281 semine
1434 5230 1622 5281 domus
1646 5228 1823 5281 Israel.

262 5338 279 5369 ι
323 5318 429 5372 Sed
450 5324 505 5371 et
528 5317 741 5370 viduam
786 5308 905 5385 quae
934 5314 1093 5369 fuerit
1118 5316 1275 5369 vidua
1317 5332 1345 5368 a
1391 5317 1667 5369 sacerdote
1693 5318 1829 5369 acci-

262 5430 280 5460 ι
320 5411 485 5479 pient,
529 5416 585 5462 et
623 5407 874 5477 populum
914 5422 1088 5461 meum
1130 5408 1393 5460 docebunt
1427 5407 1553 5474 quid
1585 5406 1651 5460 sit
1691 5408 1829 5459 inter

264 5516 284 5548 ι
319 5503 560 5551 sanctum
590 5504 643 5549 ct
663 5496 941 5563 pollutum,
974 5503 1027 5547 et
1064 5496 1202 5548 inter
1241 5494 1495 5548 mundum
1523 5504 1575 5547 ct
1602 5494 1829 5547 immun-

259 5606 282 5637 ι
319 5586 444 5639 dum
474 5585 757 5639 ostendent
780 5586 875 5639 eis.
904 5585 1111 5638 Etcum
1151 5584 1309 5638 fuerit
1354 5584 1738 5647 controversia,
1773 5594 1829 5637 ut

261 5690 285 5727 σ
323 5675 373 5727 in
400 5672 746 5742 Septuaginta
779 5672 1017 5725 additum
1064 5680 1145 5725 est
1193 5670 1486 5739 sanguinis,
1528 5672 1745 5725 stabunt
1776 5673 1826 5725 in

263 5784 285 5818 ι
309 5763 530 5832 iudiciis
559 5762 1103 5831 meis,ctiudicahtmt
1130 5762 1270 5831 leges
1287 5776 1449 5815 nicas.
1473 5760 1529 5813 lit
1555 5773 1819 5831 pt'd‘tft'p'td

1928 3340 1983 3392 In
2010 3340 2121 3407 ipsa
2148 3340 2290 3392 enim
2321 3345 2437 3391 crat
2463 3346 2517 3392 et
2546 3336 2869 3391 sacriﬁcium
2915 3336 3263 3399 tabernaculi,
3294 3336 3345 3388 in
3388 3351 3489 3404 qua

1927 3444 2111 3483 eorum
2142 3427 2652 3483 consummabantur
2697 3426 2962 3496 legitima;
2996 3427 3107 3495 ipsa
3137 3435 3219 3480 cst
3253 3435 3303 3480 ct
3332 3443 3490 3494 rcpu.

1927 3520 2068 3573 diata
2095 3534 2124 3572 a
2152 3520 2256 3572 Deo
2280 3526 2531 3585 tanquam
2558 3532 2585 3569 a
2616 3517 2731 3570 viro
2779 3533 2894 3581 suo,
2944 3517 3031 3584 qui
3079 3517 3125 3570 ei
3154 3531 3248 3584 per
3276 3515 3488 3569 electio-

1928 3625 2049 3662 nem
2073 3609 2155 3661 vir
2184 3606 2357 3661 factus
2382 3607 2557 3660 fuerat
2589 3607 2719 3661 :sed
2755 3606 2878 3674 quia
2908 3614 3090 3674 postea
3111 3621 3227 3659 eam
3258 3606 3495 3674 ριξηιςιῑιε-

1925 3696 2026 3749 lem
2051 3697 2264 3765 reperit,
2290 3703 2571 3763 pr0ptcrea
2591 3694 2905 3764 repudiavit.
2924 3693 3055 3759 Quia
3078 3702 3254 3747 autem
3276 3695 3490 3747 omnim

1924 3786 2094 3855 eiecta
2125 3795 2445 3848 cst,-vocem
2478 3785 2599 3837 audi
2635 3800 2793 3853 quam
2819 3782 2954 3838 Osee
2982 3784 3197 3853 protulit
3231 3782 3373 3852 (Osc.
3406 3793 3487 3851 ιι).

1924 3872 2168 3928 Judicate
2216 3881 2443 3926 matrem
2485 3870 3026 3939 vestratn,judicate,
3067 3871 3190 3939 quia
3224 3872 3339 3939 ipsa
3384 3886 3489 3923 non

1923 3979 2061 4016 uxor
2104 3978 2241 4025 mea,
2296 3971 2348 4015 et
2398 3978 2495 4031 ego
2532 3976 2637 4014 non
2682 3962 2762 4015 vir
2809 3960 2940 4029 eius.
3007 3960 3142 4013 Audi
3200 3971 3376 4015 autem
3436 3976 3489 4014 ct

1924 4067 2082 4121 quam
2111 4051 2271 4106 Isaias
2303 4052 2557 4119 prapheta
2592 4050 2810 4103 tradidit
2837 4068 2849 4101 :
2885 4068 2904 4099 ι
2943 4050 3034 4104 Sic
3056 4050 3182 4103 dicit
3213 4051 3487 4112 Dominus,

1924 4142 2063 4210 quod
2108 4150 2189 4195 est
2238 4141 2341 4193 hoc
2388 4141 2620 4193 libellum
2668 4139 2871 4208 repudii
2904 4141 3091 4193 matris
3119 4148 3307 4193 vestrm
3348 4142 3488 4208 quod

1926 4234 2043 4286 misi
2076 4230 2139 4285 ad
2167 4232 2319 4285 eam?
2346 4231 2477 4303 (Im.
2512 4232 2585 4302 L.)
2624 4251 2641 4282 ι
2679 4231 2777 4285 Ubi
2803 4238 2981 4283 autem
3020 4240 3101 4285 est
3134 4231 3407 4299 repudium
3436 4243 3487 4285 ct

1928 4324 2139 4386 missio;
2177 4321 2515 4376 manifestum
2543 4322 2667 4389 quia
2701 4336 2835 4373 uxor
2858 4329 2995 4384 crat,
3034 4322 3097 4374 de
3126 4336 3227 4388 qua
3268 4322 3379 4375 lucc
3403 4321 3486 4374 di—

1924 4415 2096 4467 cebat.
2130 4410 2245 4465 Non
2271 4411 2382 4465 vult
2408 4426 2535 4481 ergo
2570 4425 2687 4463 eam
2717 4424 2936 4464 uxorem
2964 4411 3295 4464 sacerdotem
3320 4409 3484 4463 ducev

1925 4521 2001 4565 re,
2035 4515 2090 4557 ut.
2122 4519 2226 4557 non
2260 4502 2435 4571 aliqua
2469 4516 2652 4557 eorum
2678 4516 2794 4569 qua:
2822 4500 2886 4553 ad
2914 4515 3031 4554 eam
3056 4500 3323 4569 pertinent
3352 4501 3480 4569 tegi-

1928 4595 2178 4645 timorum
2201 4592 2505 4659 pradicant,
2530 4605 2625 4643 nec
2651 4597 2832 4642 utatur
2860 4589 2935 4642 eis
2961 4590 3154 4657 quibus
3180 4588 3265 4640 illa
3299 4601 3487 4641 secun-

1927 4686 2051 4737 dum
2097 4686 2327 4739 litteram
2374 4684 2677 4746 utebantur,
2710 4683 2763 4735 id
2791 4692 2900 4745 est,
2934 4690 2991 4735 ut
3021 4697 3191 4750 neque
3220 4683 3483 4737 sacrificia

1928 4774 2317 4828 irrationalium
2344 4784 2399 4827 et
2425 4774 2821 4843 puriﬁcationes
2848 4772 3161 4837 sensibiles,
3197 4775 3248 4826 in
3294 4776 3487 4843 quibus

1928 4865 2277 4934 intelligibilia
2332 4866 2536 4918 credita
2592 4873 2715 4917 sunt
2767 4874 2947 4931 agant.
2998 4863 3309 4933 (Hieron.)
3360 4866 3485 4918 Item

1930 4957 2096 5025 ejecta
2144 4963 2319 5022 potest
2365 4954 2581 5023 intelligi
2638 4954 3009 5007 haereticorum
3057 4953 3351 5021 frequentia
3398 4958 3486 5022 qui

1933 5046 2176 5096 exierunt
2198 5057 2227 5095 a
2250 5043 2421 5105 nobis,
2444 5042 2567 5109 quia
2598 5055 2702 5093 non
2726 5048 2879 5093 erant
2904 5057 2966 5094 ex
2991 5041 3161 5095 nobis.
3194 5059 3212 5089 ι
3248 5039 3355 5094 Sed
3383 5043 3474 5095 vir-

1932 5134 2126 5203 ginem,
2163 5133 2351 5200 inquit,
2390 5132 2453 5184 de
2484 5131 2684 5184 semine
2714 5130 2899 5183 domus
2924 5129 3114 5188 lsracl,
3143 5145 3259 5197 qua:
3286 5133 3483 5185 nutrita

1931 5232 2012 5277 est
2045 5223 2097 5277 in
2148 5224 2303 5277 domo
2333 5223 2442 5285 Dei,
2479 5224 2529 5275 in
2571 5223 2709 5292 Lege
2731 5232 2785 5277 et
2812 5223 3083 5291 prophetis
3108 5221 3287 5293 (Prov.
3322 5224 3416 5294 tv).
3465 5246 3483 5275 ι

1936 5313 2007 5366 De
2054 5329 2159 5382 qua
2205 5322 2259 5367 et
2302 5313 2585 5381 Apostolus
2626 5313 2896 5381 loquitur:
2929 5332 2945 5362 ι
2990 5313 3121 5366 Volo
3163 5330 3351 5369 omnes
3396 5331 3484 5369 vos

1929 5401 2209 5485 virginem!
2232 5409 2471 5454 sanctam
2512 5401 2768 5453 exhibere
2804 5399 3020 5453 Christo
3050 5400 3133 5464 (Il
3162 5399 3281 5453 Cor.
3320 5401 3417 5473 xl).
3468 5423 3485 5453 ι

1930 5489 2030 5542 Ista
2076 5497 2156 5543 est
2188 5490 2332 5556 virgo
2362 5489 2426 5541 de
2461 5504 2562 5557 qua
2593 5498 2646 5541 ct
2688 5488 2812 5541 alibi
2852 5490 3187 5542 dit-itsermo
3234 5490 3444 5544 divinus

1935 5598 1951 5629 ι
1997 5580 2130 5633 Ama
2191 5578 2355 5641 illam,
2404 5586 2455 5631 et
2500 5565 2733 5631 servabit
2777 5588 2864 5640 te;
2905 5578 3175 5631 circumda
3225 5578 3391 5641 illam,
3437 5590 3484 5633 cl

1931 5669 2185 5723 exaltabit
2212 5676 2293 5731 te;
2336 5669 2535 5720 honora
2574 5681 2715 5730 eam,
2761 5674 2817 5720 ut
2856 5676 2905 5719 te
2942 5667 3275 5737 amplexetur
3299 5666 3483 5740 (Prov.

1926 5761 2020 5829 tv).
2057 5781 2074 5812 ι
2117 5758 2243 5825 Qua:
2273 5758 2339 5811 sit
2367 5766 2539 5811 autem
2568 5757 2715 5827 virgo
2743 5772 2861 5825 qua:
2886 5757 3109 5810 amanda
3142 5758 3229 5821 sit.
3254 5766 3305 5811 et
3330 5774 3481 5812 suum
