3950 6358
485 400 619 455 ιιιιες

1113 401 1171 454 Β.
1218 399 1471 466 ΒᾹΒΑΝΙ
1512 399 1730 456 ΜΑυιιι
1771 403 2054 458 Αιιαιιει

2154 404 2447 462 ιιοῦυΝτ.
2488 405 2774 464 OPERUM
2814 406 2996 460 PARS
3038 406 3101 460 ιι.

3608 403 3743 459 1οη

477 513 742 571 custodiat
777 522 1072 569 amatorem
1091 554 1106 579 ,
1131 488 1271 572 sciet
1297 515 1388 585 qui
1432 515 1560 572 illud
1595 515 1820 587 legerit:
1851 537 1870 570 ι
1904 519 2054 573 Hanc
2081 519 2134 580 Α
2159 520 2416 590 scriptum
2448 531 2531 578 est
2560 539 2573 575 :
2603 539 2622 573 ι
2653 519 2973 576 Sacerdotes
3001 521 3052 575 in
3082 521 3283 592 templo
3315 529 3600 576 sanaatum
3626 522 3744 576 vio-

479 605 638 660 dilexl
669 613 724 660 et
765 603 984 674 quaesivi
1021 604 1085 660 ab
1132 605 1493 660 adolescentia
1541 621 1693 671 mea,
1739 616 1795 663 et
1833 609 2056 677 qumsivi

477 714 727 766 sponsam
767 699 964 753 ducere
1012 699 1167 761 mihi,
1213 706 1268 754 et
1311 709 1522 754 amator
1565 701 1640 755 fui
1689 701 1899 756 decoris
1942 700 2059 768 ejus

478 791 631 860 (Sep.
671 791 812 863 vui).
851 813 868 846 ι
923 793 988 849 Et
1037 793 1280 848 iterum:
1338 813 1358 846 ι
1392 795 1459 850 Et
1505 796 1746 850 omnium
1799 797 2057 851 Dominus

477 881 663 942 dilexit
719 899 858 938 eam.
917 902 936 936 ι
990 883 1106 938 Non
1166 885 1339 940 solum
1392 896 1570 942 autem
1605 888 1912 958 virginem,
1962 888 2057 943 sed

476 980 532 1026 et
572 973 787 1028 viduam
812 975 971 1029 debet
1012 976 1265 1031 sacerdos
1318 977 1545 1042 ducere,
1598 994 1718 1048 quae
1763 988 1942 1036 tamen
1987 981 2060 1036 al—

478 1065 649 1120 terius
700 1066 997 1120 sacerdotis
1035 1081 1174 1122 uxor
1219 1065 1383 1122 fuerit
1425 1085 1438 1121 :
1477 1067 1761 1123 scientiam
1811 1070 2059 1126 videlicet

474 1172 636 1227 quam
667 1156 807 1212 alius
849 1155 942 1211 Dei
968 1157 1145 1211 cultor
1187 1157 1473 1212 invenerit.
1508 1158 1694 1229 Neque
1734 1161 1877 1215 enim
1920 1175 2057 1215 nova

479 1259 687 1304 tantum
717 1252 957 1305 contenti
987 1251 1246 1307 debemus
1268 1267 1388 1307 esse
1413 1251 1680 1318 doctrina,
1716 1256 1808 1309 sed
1830 1265 1884 1308 et
1906 1267 2056 1309 vete-

477 1358 591 1395 rem
615 1342 888 1407 excolere,
918 1353 973 1398 et
998 1355 1184 1398 nostro
1212 1344 1439 1414 juugere
1461 1345 1765 1410 comitatui,
1805 1348 1847 1400 si
1879 1356 2057 1402 tamen

479 1434 530 1488 in
555 1449 710 1489 sacro
738 1434 882 1490 cultu
908 1435 1071 1490 fuerit
1100 1438 1330 1491 erudita.
1364 1435 1675 1492 Sacerdotis
1695 1453 1909 1506 quoque
1944 1438 2060 1491 olli-

475 1527 617 1580 cium
656 1536 740 1584 est
766 1529 959 1583 docere
985 1528 1270 1597 populum,
1300 1527 1428 1597 quid
1460 1527 1531 1582 sit
1564 1529 1707 1582 inter
1731 1537 1974 1583 sanctum
2006 1535 2060 1583 et

473 1617 756 1688 pollutum,
782 1618 924 1672 inter
950 1620 1207 1673 mundum
1238 1625 1294 1674 et
1319 1618 1674 1682 immundum,
1709 1628 1770 1673 ut
1790 1619 1939 1688 prius
1969 1634 2057 1674 re-

474 1706 711 1762 feramus
742 1707 808 1762 ad
839 1707 1113 1777 dogmata,
1164 1709 1462 1764 secundum
1487 1709 1554 1763 ad
1587 1723 1749 1779 opera
1796 1725 1915 1778 qum
1965 1725 2062 1779 per

472 1813 691 1852 carnem
727 1797 1050 1854 elliciuntur.
1111 1818 1128 1851 ι
1189 1799 1390 1855 Delicta
1432 1801 1574 1854 enim
1614 1802 1736 1871 quis
1766 1801 2060 1871 intelligit?

2161 617 2289 680 lant,
2339 626 2393 673 et
2434 620 2636 688 absque
2665 618 2817 687 culpa
2851 626 3002 682 sunt,
3038 631 3142 671 non
3181 616 3464 672 sabbatum
3492 615 3614 679 Dei,
3648 613 3744 670 sed

2161 711 2444 764 sabbatum
2476 709 2706 772 litteras,
2739 711 3023 764 sabbatum
3050 707 3388 775 Judzeorum,
3420 709 3564 776 quod
3595 719 3744 762 recte

2160 800 2383 864 violant,
2409 800 2499 870 qui
2525 809 2648 854 sunt
2672 816 2842 870 genus
2871 801 3121 866 electum,
3151 799 3350 870 regale,
3379 797 3738 854 sacerdotale.

2160 890 2328 947 Porro
2355 892 2640 946 sabbatum
2664 892 2805 960 quod
2829 889 3221 947 sanctiﬁcatum
3249 899 3350 952 est,
3381 890 3511 946 illud
3544 889 3742 944 intelli-

2159 997 2348 1052 gamus
2394 985 2535 1053 quod
2575 991 2630 1038 et
2672 982 2959 1053 Apostolus
3015 984 3172 1038 docet
3224 983 3468 1038 relictum
3499 997 3618 1039 esse
3643 998 3743 1052 po—

2160 1075 2283 1146 pulo
2313 1075 2430 1140 Dei,
2458 1076 2523 1129 de
2552 1091 2659 1145 quo
2687 1075 2885 1130 dicitur
2924 1093 2936 1127 :
2976 1093 2993 1126 (
3030 1074 3086 1128 Si
3117 1073 3391 1128 intrabunt
3412 1075 3464 1128 in
3497 1075 3739 1142 requiem

2159 1178 2334 1216 meam
2358 1161 2532 1230 (Psal.
2554 1161 2725 1233 xcrv),
2761 1183 2779 1215 ι
2815 1163 2957 1232 quod
2972 1161 3233 1218 Hebraice
3255 1163 3534 1217 sabbatum
3565 1163 3742 1216 nomi-

2160 1261 2341 1308 natur.
2391 1251 2706 1307 Sauctificat
2752 1261 2932 1306 autem
2978 1251 3263 1307 sabbatum
3314 1253 3442 1316 Dei,
3489 1252 3580 1320 qui
3633 1266 3738 1305 non

2158 1350 2337 1412 portat
2363 1357 2503 1397 onus
2536 1343 2741 1412 peccati
2786 1344 2837 1396 in
2871 1343 3122 1398 sabbato:
3170 1358 3272 1396 nec
3308 1342 3483 1396 dicit:
3526 1359 3544 1391 ι
3588 1339 3740 1395 Sicut

2158 1448 2295 1488 onus
2324 1449 2489 1504 grave
2516 1440 2752 1504 gravata:
2780 1443 2906 1487 sunt
2933 1449 3096 1504 super
3119 1447 3205 1487 me
3233 1430 3406 1501 (Psal.
3445 1431 3678 1498 xxxvii).
3717 1451 3733 1482 ι

2159 1523 2262 1591 Qui
2289 1525 2412 1580 talis
2434 1533 2516 1578 est
2550 1539 2654 1577 non
2678 1523 2880 1594 colligit
2907 1523 3050 1593 ligna
3075 1524 3128 1577 in
3142 1523 3397 1588 sabbato,
3428 1539 3528 1577 nec
3559 1537 3741 1594 super-

2160 1616 2392 1672 aedificat
2415 1617 2767 1672 fundamento
2791 1615 2918 1672 Jesu
2945 1615 3144 1672 Christi
3178 1617 3228 1684 (I
3253 1614 3374 1670 Cor.
3406 1617 3487 1687 tu)
3507 1657 3522 1679 ,
3558 1616 3736 1687 ligna,

2162 1706 2369 1772 fenum,
2410 1707 2659 1776 stipulam
2700 1723 2715 1762 :
2747 1722 2846 1761 nec
2872 1708 3117 1762 accendit
3146 1707 3323 1776 ignem
3359 1706 3450 1776 qui
3493 1706 3736 1760 inutilem

2164 1807 2446 1855 consumat
2473 1800 2775 1862 materiam,
2799 1807 2856 1854 et
2881 1799 2966 1854 die
2994 1799 3200 1854 sabbati
3234 1799 3287 1852 in
3318 1814 3426 1853 uno
3457 1807 3737 1866 permanet

473 1888 644 1957 (Psal.
679 1888 856 1960 xvttt.)
912 1909 931 1942 ι
973 1890 1040 1944 Et
1068 1905 1189 1944 cum
1221 1889 1384 1945 fuerit
1409 1865 1780 1946 controversia
1814 1892 1879 1946 de
1910 1865 2055 1946 omni
2090 1865 2132 1931 Β
2161 1891 2296 1946 loco.
2329 1891 2437 1947 Nec
2459 1890 2605 1946 foras
2625 1891 2923 1962 egreditur,
2949 1889 3043 1945 sed
3065 1892 3217 1958 quasi
3245 1865 3495 1944 columna
3515 1886 3571 1942 in
3603 1897 3738 1942 temo

473 1996 554 2045 re,
602 1981 740 2046 sive,
771 1991 832 2036 ut
877 1979 1231 2052 Septuaginta
1285 1982 1705 2046 transtulerunt,
1760 1985 2055 2053 sanguinis,

473 2071 574 2126 hoc
602 2081 721 2135 est,
751 2073 893 2142 quod
928 2073 994 2126 ad
1043 2073 1270 2127 mortale
1299 2073 1534 2143 pertinet
1563 2073 1768 2129 crimen
1794 2114 1808 2138 ,
1839 2074 2060 2130 stabunt

474 2160 784 2218 sacerdotes
827 2161 881 2215 in
910 2161 1131 2232 judiciis
1167 2163 1324 2228 meis,
1361 2172 1420 2217 ut
1447 2178 1553 2218 non
1574 2162 1824 2233 judicent
1858 2181 2080 2259 secun-r

471 2249 596 2304 dum
620 2250 904 2316 honorem,
935 2267 1035 2307 nec
1061 2253 1331 2323 accipiant
1353 2269 1640 2323 personam
1668 2257 1921 2326 pauperis
1944 2249 2072 2311 sive“

470 2341 654 2397 divitis
684 2342 736 2396 in
756 2341 986 2411 judicio,
1028 2346 1125 2401 sed
1157 2354 1302 2401 stent
1329 2347 1382 2401 in
1401 2345 1622 2414 judiciis
1647 2347 1768 2414 Dei,
1795 2356 1848 2403 et
1882 2364 2059 2405 recor-

470 2431 668 2486 dentur
704 2433 846 2488 illius
873 2435 1064 2505 psalmi
1094 2454 1107 2491 :
1146 2455 1165 2486 ι
1201 2437 1343 2492 Deus
1366 2440 1518 2492 stetit
1553 2440 1607 2493 in
1631 2454 1905 2512 synagoga
1931 2443 2056 2498 deo-

471 2537 613 2588 rum,
640 2523 691 2577 in
724 2524 901 2581 medio
928 2536 1106 2582 autem
1143 2528 1276 2584 deos
1304 2530 1562 2600 dijudicat
1590 2531 1764 2603 (Psal.
1789 2535 1998 2605 um),
2033 2554 2051 2588 ι

471 2613 603 2668 deos
643 2614 919 2684 appellans
960 2617 1054 2686 qui
1101 2617 1303 2675 habent
1327 2619 1606 2690 judicandi
1644 2624 1709 2678 de
1748 2623 2057 2680 hominibus

468 2712 790 2776 potestatem
812 2746 826 2770 ,
856 2707 947 2776 qui
979 2707 1033 2761 in
1059 2723 1166 2777 quo
1187 2707 1394 2778 judicio
1415 2708 1781 2777 iudicaverint
1800 2753 1816 2778 ,
1841 2711 2054 2783 judica-

470 2795 617 2850 bitur
662 2797 729 2852 de
751 2797 830 2852 eis
859 2797 1073 2868 (Manli.
1122 2799 1242 2872 vn).
1295 2818 1314 2852 ι
1372 2800 1565 2872 Leges,
1598 2802 1795 2872 inquit,
1827 2818 1976 2860 meas
2001 2813 2058 2859 et

468 2894 739 2961 przecepta
784 2903 905 2942 mea
939 2889 991 2943 in
1027 2891 1280 2945 omnibus
1308 2891 1748 2948 solemnitatibus
1787 2894 1922 2948 meis
1956 2909 2051 2948 cu-

470 2976 736 3042 stodient;
776 2995 794 3030 ι
832 2987 890 3033 ut
948 2980 1122 3036 sciant
1171 2983 1442 3052 quomodo
1493 2985 1650 3040 nobis
1685 2985 1934 3041 Christus
1961 3001 2054 3056 pa-

468 3066 599 3120 scha
647 3068 718 3123 sit
747 3067 1086 3136 immolatus;
1120 3074 1388 3142 quomodo
1428 3083 1638 3144 septem
1686 3075 2053 3131 hebdomadas

470 3156 695 3226 implere
731 3159 1022 3216 debeamus
1045 3162 1224 3233 gaudii
1247 3170 1409 3233 atque
1429 3164 1652 3234 laetitiae,
1687 3174 1744 3220 et
1767 3166 2054 3221 humiliare

472 3254 681 3310 animas
697 3264 909 3314 nostras
935 3256 986 3309 in
1003 3255 1230 3326 jejunio,
1254 3257 1672 3330 clangoremque
1693 3258 1944 3314 tubarum
1967 3261 2051 3313 in-

475 3342 736 3413 telligere,
759 3351 811 3398 et
835 3346 1184 3416 scenopcglas
1211 3346 1559 3417 spiritales,in
1573 3347 1770 3417 quibus
1784 3348 2013 3402 dicimus
2035 3368 2047 3403 :

481 3453 502 3486 ι
536 3431 758 3491 Advena
783 3452 902 3492 sum
933 3452 1033 3507 ego
1063 3448 1118 3492 et
1141 3438 1458 3508 peregrinus
1481 3440 1622 3494 sicut
1651 3455 1841 3495 omnes
1869 3453 2055 3511 patres

470 3528 576 3583 mei
591 3524 916 3599 (Gemxxtu;
948 3526 1393 3602 P80LXXXVI|I)J
1422 3530 1514 3585 Ha:
1529 3541 1654 3587 sunt
1683 3547 1825 3587 verze
1853 3533 2052 3588 solem—

472 3622 672 3676 nitates
701 3637 836 3691 quas
877 3622 1296 3691 consequentius
1335 3623 1456 3693 quis
1497 3622 1922 3678 Pentateuchum
1952 3626 2054 3678 dis-

470 3727 659 3770 serens
696 3713 1157 3782 intcrpretabitur.
1200 3713 1379 3769 Prima
1413 3715 1586 3771 virtus
1613 3726 1696 3770 est
1730 3705 2059 3784 sacerdotis,

471 3819 577 3861 non
609 3811 814 3863 tantum
850 3805 1046 3863 docere
1078 3820 1197 3874 qua:
1226 3807 1467 3871 noverit,
1509 3809 1603 3862 sed
1630 3823 1819 3864 omnes
1856 3811 1946 3863 Dei
1975 3811 2052 3864 fc-

468 3893 734 3948 stivitates
760 3895 1061 3958 custodire,
1093 3903 1151 3949 ut
1180 3897 1350 3967 possit
1379 3896 1499 3952 aliis
1533 3900 1878 3957 custodienda
1911 3917 2050 3970 pra:-

470 3998 500 4036 e
522 3997 668 4053 pere,
700 3997 819 4051 quae
845 3991 898 4037 et
921 3983 1033 4052 ipse
1060 3985 1449 4040 observaverit.
1485 3985 1836 4042 Sacerdotum
1871 3999 2049 4043 autem

469 4085 586 4128 esse
618 4073 846 4132 cilicium
888 4073 1022 4145 legis
1065 4075 1266 4132 habere
1293 4077 1562 4144 notitiam,
1611 4089 1664 4134 et
1705 4080 1756 4133 in
1788 4081 2050 4136 Malacliia

468 4165 728 4220 discimus
752 4165 783 4230 ,‘
812 4167 902 4236 qui
949 4167 1071 4221 ait:
1115 4185 1134 4218 ι
1189 4167 1356 4225 Labia
1403 4171 1698 4225 sacerdotis
1748 4175 2054 4230 custodient

471 4257 776 4320 scientiam,
811 4265 864 4311 et
903 4257 1073 4327 legem
1106 4259 1383 4327 requirent
1406 4277 1472 4316 ex
1497 4276 1593 4321 ore
1623 4261 1760 4331 ejus,
1793 4266 1917 4335 quia
1949 4281 2048 4320 an-
2074 4307 2094 4334 ς

471 4345 621 4415 gelus
643 4345 850 4401 Domini
883 4347 1216 4402 exercituum
1246 4356 1347 4404 est.
1386 4369 1406 4402 ι

547 4458 563 4489 ι
611 4439 678 4494 Et
715 4440 938 4496 sabbata
973 4455 1092 4495 mea
1115 4441 1549 4498 sanetilicabunt.
1582 4443 1647 4496 Et
1681 4445 1747 4499 ad
1777 4457 2048 4501 mortuum

2156 1981 2244 2048 plo
2269 1983 2360 2037 Dei
2399 1981 2605 2051 positus
2637 1989 2937 2051 permanet,
2967 1995 3130 2049 super
3153 1994 3258 2048 quo
3281 1977 3516 2034 Joannes
3546 1977 3737 2032 scribit

2158 2074 2215 2127 in
2237 2072 2556 2142 Apocalypsi
2583 2088 2597 2127 :
2630 2093 2647 2124 ι
2678 2072 2778 2139 Qui
2805 2071 3012 2134 vicerit,
3036 2069 3230 2124 faciam
3257 2069 3402 2121 illum
3426 2069 3734 2122 columnam

2159 2163 2211 2216 in
2243 2161 2439 2232 templo
2467 2162 2696 2216 Dei'mei
2718 2203 2732 2227 ,
2768 2171 2824 2215 et
2850 2162 2995 2216 foras
3023 2174 3130 2214 non
3160 2158 3474 2227 egredietur
3506 2156 3736 2225 amplius

2159 2253 2342 2324 (Apoc.
2394 2252 2498 2324 ιιι).
2553 2271 2572 2304 ι
2603 2253 2862 2321 Quodque
2893 2252 3138 2322 sequitur
3167 2270 3180 2305 :
3219 2269 3237 2300 ι
3277 2250 3343 2303 Et
3370 2250 3436 2304 ad
3461 2259 3734 2304 mortuum

2157 2345 2429 2400 hominem
2470 2360 2576 2399 non
2623 2344 2995 2414 ingredientur
3032 2359 3100 2398 ne
3146 2343 3474 2414 polluantur,
3515 2340 3735 2410 proprie

2157 2435 2506 2491 sacerdotalis
2558 2435 2717 2491 ofﬁcii
2768 2443 2882 2500 est,
2919 2435 3204 2489 morticina
3257 2449 3362 2488 non
3393 2442 3648 2503 tangere,
3679 2440 3734 2485 ut

2155 2528 2247 2597 qui
2282 2542 2378 2597 pro
2423 2527 2651 2582 aliorum
2686 2527 2832 2582 vitiis
2875 2527 3236 2596 deprecatur,
3284 2525 3399 2594 ipse
3443 2524 3511 2578 ad
3563 2523 3734 2577 altare

2157 2618 2386 2673 mundus
2411 2618 2652 2673 accedat.
2682 2616 2757 2671 De
2788 2616 2986 2685 quibus
3011 2615 3239 2671 mortuis
3265 2657 3278 2676 .
3307 2623 3362 2670 et
3389 2613 3641 2669 Salvator
3666 2614 3737 2667 lo-

2156 2709 2340 2778 quitur
2359 2709 2413 2762 in
2442 2707 2732 2778 Evangelio
2762 2725 2774 2760 :
2807 2725 2825 2758 ι
2859 2707 3076 2760 Dimitte
3097 2715 3362 2769 mortuos,
3385 2713 3447 2759 ut
3475 2704 3738 2773 sepeliant

2157 2809 2398 2857 mortuos
2437 2815 2565 2857 suos
2594 2799 2811 2870 (Matth.
2845 2797 2989 2870 vni).
3032 2818 3050 2850 ι
3085 2798 3176 2853 isti
3209 2795 3648 2852 contaminantur
3683 2795 3733 2848 in

2155 2902 2310 2964 patre
2346 2899 2589 2956 mortuo,
2624 2892 2839 2961 quando
2868 2891 3176 2962 relinquunt
3210 2897 3513 2944 creatorem
3553 2901 3732 2950 suum,

2155 2991 2210 3041 et
2249 2983 2301 3038 in
2333 2991 2507 3039 matre
2532 2991 2742 3038 mortua
2781 2982 2846 3036 de
2873 2981 3112 3037 Ecclesia
3150 2980 3486 3035 recedentes.
3528 2979 3585 3032 ln
3627 2978 3734 3032 lilio

2154 3089 2367 3144 quoque
2387 3082 2443 3128 et
2467 3071 2597 3137 lilia,
2637 3075 2781 3144 quod
2816 3072 2961 3126 aliud
2988 3071 3054 3126 ad
3081 3070 3460 3142 cogitationes,
3493 3069 3640 3124 aliud
3670 3069 3734 3123 ad

2158 3176 2322 3230 opera
2369 3161 2623 3231 pertinet.
2675 3161 2825 3228 Quod
2873 3159 3268 3231 signiﬁcantius
3305 3157 3493 3214 Gmce
3539 3158 3732 3212 dicitur

2157 3256 2222 3308 τά
2247 3255 2401 3312 νοητά
2421 3257 2507 3306 καὶ
2531 3240 2768 3310 suam.
2792 3251 3037 3305 Fratrem
3061 3265 3276 3319 quoque
3296 3258 3351 3304 et
3379 3263 3622 3304 sororem
3645 3249 3732 3318 qui

2155 3346 2346 3400 eodem
2394 3352 2613 3398 renatus
2649 3350 2733 3397 est
2773 3341 3000 3412 spiritu,
3049 3342 3093 3396 si
3135 3341 3409 3411 putaverit
3440 3348 3732 3404 mortuum,

2154 3433 2554 3488 contaminatur
2577 3432 2629 3485 in
2657 3447 2740 3486 eo.
2773 3430 2849 3484 lta
2880 3431 3145 3485 duntaxat
3172 3430 3218 3484 si
3244 3445 3401 3485 soror
3425 3429 3582 3499 virgo
3610 3444 3734 3498 per-

2157 3525 2440 3585 manserit,
2493 3537 2594 3577 nec
2634 3521 2796 3576 ullius
2836 3521 2938 3575 viri
2990 3520 3258 3576 maculata
3299 3519 3604 3589 complexu.
3656 3517 3729 3573 Ex

2154 3616 2348 3686 quibus
2377 3614 2726 3685 intelligimus
2754 3612 3094 3684 privilegium
3130 3611 3428 3682 virginale,
3466 3615 3612 3680 quod
3641 3625 3733 3665 cu-

2147 3705 2368 3775 juslibet
2401 3703 2504 3757 viri
2543 3712 2823 3758 contactus
2855 3701 3148 3772 perfectam
3173 3701 3382 3756 auferat
3419 3702 3733 3770 puritatem.

2153 3796 2282 3861 Quae
2309 3803 2490 3849 utrum
2530 3803 2674 3849 recte
2703 3807 3056 3864 perperamve
3087 3793 3231 3848 dicta
3267 3792 3373 3846 sint
3400 3791 3621 3845 lectoris
3650 3806 3734 3844 ar-

2152 3887 2318 3940 bitrio
2351 3885 2737 3954 relinquamus.
2777 3883 2992 3938 Natum
3028 3897 3243 3953 quoque
3272 3898 3434 3952 super
3463 3883 3569 3936 hoc
3607 3897 3736 3950 pro-

2155 3978 2314 4031 batur
2343 3974 2586 4039 allectus,
2611 3983 2670 4029 ut
2697 3975 2886 4029 ordine
2921 3973 3203 4028 charitatis
3231 3971 3384 4038 juxta
3416 3972 3560 4040 quod
3590 3972 3730 4026 scri-

2154 4076 2303 4137 ptum
2331 4074 2414 4120 est
2443 4082 2456 4119 :
2495 4083 2512 4117 ι
2549 4065 2805 4121 Ordinate
2835 4064 2888 4117 in
2920 4079 3007 4119 me
3032 4065 3350 4119 charitatem
3377 4063 3557 4133 (Cant.
3585 4063 3672 4135 ιι),
3706 4083 3724 4115 ι

2154 4166 2275 4227 post
2305 4171 2483 4210 rerum
2511 4162 2788 4224 parentem
2813 4155 3002 4217 Deum,
3030 4154 3207 4208 carnis
3233 4168 3448 4224 quoque
3468 4163 3625 4223 pater
3646 4154 3727 4208 di-

2155 4248 2382 4316 ligatur,
2414 4253 2468 4300 ct
2491 4253 2694 4307 mater,
2725 4241 2864 4297 ﬁlius
2898 4251 2953 4298 et
2988 4244 3117 4307 filia,
3157 4243 3324 4299 frater
3349 4253 3402 4297 et
3431 4259 3622 4307 soror,
3655 4243 3726 4297 ita

2108 4368 2112 4373 ·
2153 4339 2415 4392 duntaxat
2448 4336 2493 4390 si
2545 4335 2609 4389 de
2667 4333 2826 4389 domo
2876 4349 2981 4388 non
3015 4334 3230 4398 exierit,
3265 4349 3364 4387 nec
3399 4335 3452 4387 in
3505 4334 3729 4388 alterius

2156 4427 2434 4480 transierit
2483 4433 2825 4496 potestatem.
2890 4423 3179 4492 Postquam
3226 4432 3404 4477 autem
3471 4425 3729 4478 sacerdos

478 4547 496 4580 ι
543 4529 815 4584 hominem
850 4546 952 4585 non
993 4530 1363 4599 ingredientur
1392 4550 1459 4587 ne
1489 4534 1817 4604 polluantur,
1848 4538 1950 4596 nisi
1979 4541 2046 4594 ad

2154 4517 2316 4572 fuerit
2354 4517 2675 4572 cmundatus
2719 4513 3109 4583 purificationis
3137 4515 3323 4568 ordine
3360 4531 3483 4584 qua:
3520 4516 3571 4568 in
3614 4515 3729 4585 lege

473 4641 492 4675 ι
542 4631 749 4692 patrem
777 4632 831 4677 ct
857 4631 1110 4686 matrem,
1141 4622 1308 4681 lilium
1336 4633 1390 4678 et
1418 4624 1605 4692 filiam,
1642 4626 1861 4683 fratrem
1884 4642 1939 4684 et
1960 4646 2049 4684 so-

484 4735 502 4765 σ
551 4731 765 4781 rorem,
799 4729 918 4784 quae
947 4714 1122 4767 virum
1153 4730 1260 4767 nou
1292 4715 1514 4781 habuit,
1551 4717 1602 4774 in
1635 4720 1830 4787 quibus
1858 4731 2049 4775 conta-

479 4824 497 4854 ι
542 4804 864 4858 minabatur.
910 4801 976 4856 Et
1003 4811 1286 4880 postquam
1319 4803 1478 4857 fuerit
1516 4807 1803 4863 mundatus
1841 4819 2045 4878 septem

478 4913 495 4946 ι
544 4893 657 4947 dies
691 4891 1119 4951 munerabantur
1159 4893 1229 4945 ei.
1274 4892 1339 4945 Et
1371 4893 1422 4946 in
1461 4894 1547 4948 die
1588 4895 1842 4951 introitus
1881 4900 1962 4953 sui
1993 4900 2045 4954 in

482 5001 499 5031 ι
549 4980 913 5038 sanctuarium
934 5019 949 5042 ,
981 4991 1035 5032 et
1069 4980 1134 5033 ad
1167 4981 1365 5036 atrium
1410 4981 1635 5036 interius
1667 4993 1726 5038 ut
1775 4986 2048 5043 ministret

483 5091 500 5120 ι
549 5069 677 5123 mihi
718 5071 768 5121 in
822 5069 1162 5132 sanctuario,
1193 5069 1387 5124 offeret
1431 5087 1529 5140 pro
1563 5083 1784 5141 peccato
1823 5090 1920 5131 suo
1946 5079 2049 5131 Do-

479 5178 497 5211 ι
549 5159 693 5212 mitto
720 5158 830 5212 Deo
852 5198 865 5219 ,
904 5158 1016 5210 sive
1044 5155 1230 5214 offeret
1269 5157 1645 5228 plaeationem.
1678 5161 1790 5216 Non
1814 5166 1919 5221 erit
1947 5183 2042 5219 au-

480 5271 496 5301 ι
546 5261 651 5303 tcm
678 5250 759 5302 eis
798 5249 1107 5304 luet-editas.
1141 5248 1252 5314 Ego
1286 5251 1570 5306 hzercditas
1596 5269 1802 5316 eorum,
1835 5263 1887 5309 et
1918 5273 2042 5325 pos-

481 5361 497 5393 I
548 5341 814 5397 sessiones
842 5354 948 5392 nou
979 5339 1176 5397 dabitis
1213 5341 1263 5392 in
1304 5339 1486 5396 Israel.
1521 5343 1628 5411 l-lgo
1657 5347 1925 5412 possessio
1954 5363 2046 5400 eo-

479 5453 495 5479 ‹
545 5445 681 5484 rum.
728 5449 744 5480 ι
780 5426 966 5486 Adhuc
995 5429 1368 5487 sacerdotibus
1391 5433 1702 5502 praecipitur
1723 5476 1736 5498 ,
1766 5435 1817 5489 in
1850 5439 2046 5504 quibus

477 5521 870 5580 observandum
891 5519 1032 5589 quod
1057 5535 1160 5576 non
1184 5521 1382 5575 dixerit
1405 5522 1677 5577 absolute:
1703 5525 1797 5577 «Et
1825 5528 2044 5581 sabbata

474 5613 904 5675 salictilicabunt,
933 5631 949 5662 ι
999 5611 1080 5665 vel
1109 5611 1264 5684 juxta
1309 5611 1500 5666 lsaiam
1533 5631 1544 5664 :
1583 5633 1600 5665 ι
1635 5614 1952 5671 Neomenias
1992 5627 2044 5672 et

478 5703 694 5756 sabbata
736 5712 915 5756 vestra
948 5701 1058 5755 odit
1089 5703 1267 5761 anima
1302 5719 1419 5756 mea
1455 5704 1586 5771 (lsa.
1622 5706 1705 5772 I),
1751 5727 1766 5755 ι
1803 5708 1894 5760 sed
1922 5725 2042 5761 cum

481 5794 837 5860 diatinrlione,
895 5793 1110 5853 sabbata
1162 5809 1295 5846 mea.
1360 5795 1512 5850 Unde
1562 5807 1612 5849 et
1661 5800 1710 5849 in
1760 5797 2048 5868 Evangelio

2155 4610 2384 4665 Mosaica
2417 4608 2721 4675 conscripta
2757 4614 2872 4672 est,
2915 4616 3121 4676 septem
3153 4607 3268 4663 dies
3299 4609 3729 4663 numerabantur

2152 4700 2222 4762 ei,
2252 4699 2332 4753 vel
2360 4697 2633 4767 perfectus
2659 4712 2914 4752 numerus
2941 4697 3315 4766 paenitudinis,
3348 4697 3426 4750 vel
3461 4707 3582 4766 post
3598 4714 3727 4752 con-

2151 4789 2564 4842 summationem
2596 4787 2812 4852 mundi,
2853 4787 3072 4856 quando
3101 4788 3166 4840 ad
3210 4801 3391 4840 veram
3433 4789 3727 4843 transimus

2151 4877 2422 4941 ὀκτὼαόεν,
2476 4887 2536 4930 ut
2561 4877 2794 4933 introeat
2841 4885 3028 4932 sancta
3097 4887 3425 4941 sanctorum,
3483 4879 3583 4933 hoc
3645 4891 3728 4934 est

2149 4970 2290 5022 enim
2327 4969 2551 5022 interius
2590 4968 2806 5030 atrium,
2848 4977 2904 5021 et
2951 4969 3121 5036 possit
3157 4969 3469 5023 ministrare
3513 4971 3564 5023 in
3600 4988 3727 5026 san-

2151 5061 2380 5125 ctuario,
2423 5068 2479 5114 et
2521 5074 2731 5128 semper
2757 5059 2951 5113 offerre
2989 5075 3085 5127 pro
3121 5069 3344 5128 peccato
3378 5061 3728 5116 conscientia:

2153 5151 2426 5204 victimam
2453 5189 2467 5212 ,
2499 5165 2598 5203 nec
2628 5149 2791 5203 ullum
2823 5157 3032 5218 tempus
3059 5149 3157 5213 sit,
3188 5165 3294 5217 quo
3330 5165 3434 5202 non
3467 5151 3724 5204 recorde—

2153 5252 2237 5293 tur
2280 5239 2603 5293 maculatum
2634 5254 2690 5292 se
2731 5237 2895 5292 fuisse
2935 5253 3096 5307 super
3124 5246 3273 5306 patre
3308 5248 3362 5290 et
3384 5248 3578 5300 matre,
3615 5240 3724 5292 filio

2150 5341 2203 5386 et
2236 5333 2372 5396 ﬁlia,
2409 5332 2569 5384 fratre
2603 5341 2658 5384 et
2691 5345 2898 5386 sorore.
2943 5331 3103 5384 Multa
3132 5331 3328 5400 quippe
3360 5332 3536 5386 facere
3572 5347 3724 5385 com-

2149 5422 2403 5490 pellimur
2458 5421 2512 5474 in
2559 5421 2739 5475 szeculi
2790 5421 2946 5490 hujus
2982 5421 3244 5491 angustiis
3290 5423 3598 5488 constituti,
3640 5421 3720 5476 vel

2150 5511 2460 5565 conditione
2486 5509 2682 5574 carnis,
2717 5510 2800 5565 vel
2833 5510 3115 5582 fragilitate
3149 5519 3375 5566 naturae.
3409 5512 3508 5579 Qui
3536 5522 3723 5569 autem

2151 5600 2272 5654 talis
2299 5599 2571 5654 exstiterit
2615 5607 2671 5652 ut
2704 5599 2973 5653 ministret
3001 5599 3054 5652 in
3082 5602 3414 5665 sanctuario,
3437 5610 3492 5655 et
3517 5603 3722 5657 atrium

2152 5691 2482 5757 ingrediatur
2521 5691 2768 5752 interius,
2811 5699 2863 5744 et
2894 5689 3084 5743 olferat
3116 5706 3330 5759 semper
3368 5693 3475 5746 Deo
3504 5695 3720 5748 sacriﬁ-

2151 5782 2312 5847 cium,
2353 5782 2425 5835 ita
2456 5790 2514 5838 ut
2544 5796 2701 5836 verus
2727 5782 2794 5836 sit
2820 5782 3089 5846 sacerdos,
3112 5782 3221 5837 imo
3245 5783 3486 5839 imitator
3512 5787 3634 5852 ejus
3655 5790 3721 5843 de
