3950 6340
184 400 321 455 1017

1059 398 1411 455 COMMENT.
1454 398 1519 453 IN
1558 397 2011 454 EZECIIIELEM.
2050 428 2117 439 --
2155 398 2281 454 LIB.
2324 397 2506 454 XVIII.

3297 401 3438 457 1018

181 526 290 581 quo
311 510 572 580 scriptum
598 518 680 563 est
711 526 724 562 :
764 526 782 560 ι
815 508 893 561 Τιι
924 523 984 564 es
1013 510 1268 564 sacerdos
1298 510 1351 564 in
1379 518 1639 566 utentum
1669 524 1752 563 se—
1783 515 1828 571 Α
1856 525 1977 579 qua:
2008 509 2252 579 praecipit
2291 508 2446 565 Jesus
2484 510 2755 567 Invenitur
2782 528 2904 569 esse
2946 513 3240 584 perfectus,
3277 526 3337 572 ut
3368 518 3438 573 ab

179 602 417 657 cundum
464 598 708 653 ordinem
756 597 1145 652 Melchisedech
1190 595 1363 668 (Psal.
1395 598 1534 667 cux),
1587 618 1605 650 ι
1660 599 1761 653 isle

182 691 385 746 nullam
407 692 624 747 habebit
645 690 1037 753 hmreditatem,
1069 688 1174 743 nisi
1206 690 1397 755 Deum,
1426 691 1517 760 qui
1544 700 1627 745 est
1654 691 1764 744 lur-

184 783 385 839 reditas
431 782 568 852 ejus.
612 780 724 837 Nec
764 781 994 849 accipiet
1030 780 1425 848 possessionem
1478 782 1530 834 in
1573 781 1757 845 Israel,

184 873 287 928 hoc
325 882 408 926 est
445 874 584 926 inter
613 872 801 943 vulgus
832 870 1061 945 ignobile
1083 910 1098 935 ,
1124 871 1219 925 sed
1254 871 1664 936 sacerdotalem,
1701 880 1762 926 ut

184 961 331 1016 dicat
368 962 433 1017 de
460 977 528 1018 eo
555 962 831 1018 Dominus.
878 980 896 1013 ι
942 963 1054 1030 Ego
1076 978 1193 1018 sum
1222 964 1552 1029 haereditas;
1589 982 1608 1014 ι
1654 972 1709 1018 et
1745 981 1758 1017 :

191 1071 209 1105 ι
244 1053 357 1124 Ego
382 1055 649 1125 possessio
676 1070 885 1110 eorum.
924 1075 945 1109 ι
981 1056 1149 1123 Quem
1178 1072 1302 1111 cum
1328 1056 1652 1122 invenerint,
1680 1057 1761 1110 lo-

182 1154 421 1215 quentur
442 1161 509 1201 ac
542 1146 725 1202 dicent
760 1160 776 1199 :
812 1164 831 1197 ‹
866 1145 1085 1202 Tenebo
1125 1160 1248 1201 eum
1277 1154 1334 1201 et
1360 1162 1467 1202 non
1492 1148 1763 1201 dimittam

186 1233 365 1305 (Cant.
396 1235 501 1306 ιιι),
548 1256 566 1287 ι
594 1244 648 1291 et
673 1236 904 1307 psallent
922 1252 1045 1293 cum
1077 1239 1340 1309 propheta
1374 1257 1387 1293 :
1428 1256 1447 1289 ι
1480 1238 1615 1294 Pars
1645 1254 1763 1294 mea

187 1326 447 1380 Dominus
481 1324 661 1397 (Psal.
688 1340 845 1381 uxu
884 1326 925 1398 ).
964 1345 982 1379 ι
1019 1326 1380 1398 (‘Adamant.)
1413 1327 1615 1383 Levitis
1634 1344 1765 1383 vero

184 1427 364 1483 neque
388 1412 599 1485 Moyses
627 1414 775 1470 dedit
811 1416 1205 1481 hmreditatem,
1237 1432 1412 1486 neque
1441 1416 1618 1472 Iesus.
1649 1415 1764 1483 Qua

185 1520 266 1567 re,
296 1506 424 1575 quid
447 1506 591 1560 aliud
620 1508 959 1563 sentiendum
986 1516 1090 1573 est,
1119 1508 1223 1563 nisi
1248 1509 1389 1579 quod
1417 1518 1543 1565 sunt
1576 1510 1629 1564 in
1660 1510 1764 1565 Ec-

184 1595 352 1651 desia
396 1597 606 1651 Domini
646 1598 865 1669 quidam
896 1598 987 1667 qui
1017 1599 1217 1653 virtute
1248 1588 1413 1654 animi
1456 1607 1511 1653 et
1546 1599 1766 1654 merito-

186 1704 309 1747 rum
334 1690 503 1758 gratia
532 1698 754 1745 ceteros
784 1690 1030 1745 homines
1052 1691 1362 1760 prmcedunt
1391 1695 1413 1746 ?
1435 1691 1629 1761 quibus
1653 1692 1765 1760 ipse

183 1775 445 1833 Dominus
473 1792 593 1832 esse
623 1777 911 1834 hazreditas
947 1779 1165 1833 dicitur.
1198 1780 1311 1835 Etsi
1352 1779 1433 1835 l'as
1469 1788 1553 1835 est
1576 1780 1765 1835 audire

1861 598 1987 654 Jesu
2034 610 2237 654 sortem
2280 600 2515 656 caelestis
2550 605 2846 661 mansionis
2880 622 2934 662 at
2948 608 3113 676 cipiat
3146 609 3200 663 in
3229 610 3438 677 futuro,

1863 691 1928 745 de
1962 706 2068 760 quo
2094 691 2207 763 ipse
2235 691 2494 748 Dominus
2519 691 2675 749 Jesus
2701 697 2779 751 ait
2806 715 2819 751 :
2859 716 2877 749 ‹
2908 698 3090 766 Pater,
3120 699 3243 755 volo
3263 708 3327 755 ut
3345 700 3460 769 ubi,

1863 795 1961 850 ego
1989 796 2130 847 sum,
2164 790 2218 836 et
2258 781 2349 837 isti
2383 782 2495 837 sint
2530 798 2775 851 mecum;
2808 796 2862 843 et
2888 788 3028 842 sicut
3052 804 3154 859 ego
3181 790 3235 845 in
3265 800 3317 846 te
3339 832 3355 857 ,
3383 800 3440 846 et

1865 878 1919 923 tu
1952 871 2135 937 inme,
2173 888 2339 926 unum
2370 889 2578 938 sumus,
2620 884 2675 929 et
2727 876 2812 931 isti
2860 878 2913 932 in
2955 880 3111 936 nobis
3136 896 3301 936 unum
3320 884 3443 937 ‘sint

1866 960 2051 1031 (Joan.
2084 962 2241 1034 xm).
2278 984 2295 1016 ι
2323 964 2479 1031 Quod
2509 965 2553 1019 si
2589 966 3187 1038 audiensperfectorum
3212 981 3267 1026 et
3306 974 3441 1027 emi-

1869 1053 2111 1108 nentimn
2230 1056 2599 1111 hmreditatem
2637 1057 2918 1113 Dominum
2957 1061 3083 1126 dici,
3131 1061 3346 1133 ignoras
3384 1073 3442 1117 et

1867 1142 2074 1197 ambies
2108 1144 2237 1213 quid
2267 1144 2396 1198 illud
2424 1146 2523 1209 sit,
2556 1148 2698 1215 quod
2718 1148 2819 1202 sub
2844 1148 2946 1223 hoc
2964 1150 3181 1205 nomine
3200 1151 3443 1223 designe-

1866 1241 1955 1288 tur
1972 1279 1987 1303 ,
2012 1233 2134 1288 audi
2166 1234 2288 1303 quia
2306 1275 2322 1300 ,
2350 1235 2605 1291 Dominus
2626 1237 2887 1307 sapientia
2908 1244 3013 1292 est.
3036 1235 3132 1294 Cui
3155 1253 3283 1310 ergo
3305 1239 3442 1294 dici-

1870 1334 1957 1381 tur
1991 1328 2279 1401 hereditas
2324 1342 2446 1383 esse
2487 1328 2764 1393 Dominus,
2801 1329 2904 1383 iste
2940 1328 3309 1387 haereditatem
3334 1336 3441 1387 isa-

1865 1415 2083 1484 pirntite
2115 1417 2280 1487 capit,
2306 1415 2789 1485 Dominusjustitia
2818 1419 3036 1474 dicitur.
3064 1419 3162 1475 Cui
3184 1436 3312 1493 ergo
3336 1424 3444 1478 Do-

1868 1507 2047 1563 minus
2087 1508 2375 1563 hzereditas
2406 1516 2511 1572 est,
2552 1508 2653 1562 iste
2682 1509 3051 1565 hcereditatem
3073 1509 3297 1580 iustitia
3318 1525 3446 1566 con-

1867 1597 2131 1666 sequitur.
2171 1598 2434 1653 Dominus
2465 1612 2568 1666 pax
2595 1605 2699 1662 est,
2734 1598 2991 1653 Dominus
3015 1600 3312 1670 Rdemptio
3337 1609 3443 1667 est,

1869 1689 2127 1744 Dominus
2148 1688 2292 1743 salus
2311 1698 2424 1755 est;
2465 1706 2485 1740 ι
2512 1698 2568 1744 et
2593 1690 2646 1743 in
2678 1690 2904 1745 Domino
2939 1698 3065 1745 sunt
3093 1690 3331 1747 thesauri
3357 1706 3446 1747 sa-

1868 1778 2086 1848 pientiae
2132 1786 2188 1833 et
2236 1778 2477 1834 scientia!
2516 1777 2815 1833 absconditi
2859 1777 3081 1851 (Colon.
3127 1780 3211 1853 ιι).
3269 1801 3289 1835 ο
3319 1780 3447 1837 Haec

182 1863 241 1922 in
263 1867 478 1932 talibus,
508 1877 563 1923 et
582 1869 767 1923 arcani
805 1871 1067 1925 reconditi
1090 1871 1291 1940 aliquid
1318 1873 1550 1942 aperire,
1588 1874 1762 1928 videa-
1793 1854 1839 1913 Β
1866 1870 2045 1926 omnia
2069 1870 2123 1925 in
2145 1871 2514 1925 haereditatem
2549 1870 2811 1940 percipiet
2839 1870 2994 1941 cujus
3021 1870 3307 1928 bzereditas
3333 1873 3443 1927 Do-

182 1971 307 2012 mus
327 1972 394 2012 ne
415 1956 553 2013 forte
574 1958 703 2012 illud
724 1960 796 2015 sit
812 1960 953 2029 quod
974 1961 1315 2016 sacerdotum
1340 1962 1424 2017 vel
1451 1962 1760 2018 Levitarum

182 2048 414 2122 ﬁguram
436 2051 669 2107 latenter
694 2053 950 2107 ostendit.
990 2052 1124 2120 Quia
1155 2053 1209 2107 in
1238 2055 1385 2109 omni
1422 2056 1638 2126 populo,
1672 2071 1764 2111 eo-

180 2156 305 2196 rum
332 2142 453 2198 dico
493 2143 583 2213 qui
622 2143 917 2209 salvantur,
961 2143 1137 2213 major
1163 2145 1280 2200 sine
1314 2146 1476 2200 dubio
1502 2160 1629 2215 pars
1656 2156 1759 2209 est,

178 2242 238 2290 et
268 2233 427 2305 longe
464 2237 805 2291 numerosior
835 2252 1021 2292 eorum
1065 2238 1157 2306 qui
1191 2238 1510 2307 simpliciter
1538 2239 1765 2294 creden-

182 2332 267 2380 tes
296 2326 350 2381 in
386 2327 579 2381 timore
600 2326 713 2385 Dei.
742 2342 840 2399 per
863 2343 1025 2399 opera
1052 2330 1214 2394 bona,
1245 2344 1341 2399 per
1372 2329 1627 2385 honestos
1646 2345 1764 2384 mo-

182 2429 292 2479 res,
318 2425 373 2469 et
400 2428 554 2471 actus
578 2418 887 2486 probabiles
921 2420 1148 2475 Domino
1178 2420 1411 2490 placent.
1444 2420 1607 2475 Pauci
1632 2437 1763 2476 vero

180 2513 310 2560 sunt
350 2507 607 2562 etvvalde
636 2508 746 2564 rari
786 2511 877 2579 qui
907 2512 1185 2581 sapientia:
1223 2528 1444 2582 operam
1476 2514 1682 2579 dantes,
1712 2521 1766 2568 et

180 2604 421 2649 mentem
457 2612 610 2651 suam
646 2614 838 2668 puram
866 2602 1229 2670 mundamque
1260 2606 1571 2667 servantes,
1602 2611 1766 2671 atque

180 2684 235 2740 iu
265 2688 521 2743 omnibus
565 2689 842 2758 praeclaris
884 2691 1172 2746 virtutibus
1207 2707 1336 2747 suas
1366 2693 1576 2747 animas
1599 2708 1765 2748 exco-

179 2775 375 2843 lentes,
422 2781 635 2835 cmteris
671 2782 1091 2853 simplicioribus
1129 2798 1226 2853 per
1248 2783 1504 2838 doctrinae
1534 2784 1766 2855 gratiam

178 2865 491 2923 illuminant
537 2869 641 2924 iter
669 2886 778 2940 quo
807 2872 1145 2942 gradiuntur,
1184 2881 1241 2928 et
1268 2872 1491 2926 veniunt
1524 2874 1593 2927 ad
1622 2871 1766 2927 salu-

180 2966 309 3013 tem.
350 2958 415 3016 Ili
450 2958 699 3017 fortassis
727 2963 827 3017 sub
859 2962 1162 3017 Levitarum
1197 2971 1251 3017 et
1288 2964 1623 3018 sacerdotum
1663 2980 1763 3017 no-

178 3048 329 3104 mine
356 3049 737 3121 designantur,
777 3067 1007 3122 quorum
1039 3053 1327 3108 hmreditas
1364 3053 1477 3123 ipse
1507 3054 1767 3109 Dominus

176 3148 284 3207 est,
307 3141 402 3211 qui
452 3150 536 3196 est
590 3141 878 3212 sapientia,
911 3157 1077 3212 quam
1117 3158 1230 3214 prae
1275 3143 1489 3199 caeteris
1515 3145 1765 3201 omnibus

178 3230 383 3313 dixisse
424 3230 796 3301 perhibentur.
839 3232 1061 3289 Invenio
1103 3241 1287 3288 tamen
1328 3232 1565 3304 aliquam
1606 3233 1763 3290 dilic-

176 3322 412 3377 rentiam
443 3322 499 3376 in
529 3322 613 3378 his
637 3337 758 3392 quae
784 3322 998 3395 Moyses
1022 3323 1320 3389 distribuit,
1349 3335 1407 3378 et
1442 3324 1497 3379 in
1530 3324 1619 3379 his
1646 3340 1767 3395 quae

174 3411 357 3467 Jesus.
1326 3408 1329 3411 ’

249 3502 465 3573 Moyses
498 3518 730 3574 namque
766 3504 974 3560 duabus
1000 3512 1054 3560 et
1084 3504 1252 3560 semis
1288 3504 1533 3560 tribubus
1566 3514 1766 3560 terram

176 3594 514 3651 distribuens
546 3594 688 3649 ultra
718 3594 1009 3652 Jordanem
1040 3594 1230 3669 (Num.
1260 3598 1461 3669 xxxv),
1489 3612 1594 3652 non
1620 3596 1771 3652 dedit

178 3686 384 3742 Levitis
405 3684 697 3741 habitaculi
720 3686 1027 3757 portionem
1050 3702 1171 3757 qua:
1194 3688 1275 3743 eis
1298 3688 1666 3759 contingebat.
1681 3684 1769 3742 Je-

177 3793 272 3833 sus
309 3786 495 3833 autem
532 3778 681 3832 dedit
714 3792 822 3832 non
861 3776 1034 3833 solum
1076 3778 1161 3833 his
1198 3778 1447 3833 tribubus
1483 3793 1620 3848 quas
1652 3779 1767 3847 ipse

176 3868 495 3938 dispensat,
522 3882 709 3924 verum
737 3878 793 3924 et
820 3869 876 3924 in
905 3868 1011 3925 illis
1037 3884 1223 3939 quieta
1250 3868 1431 3941 Moyse
1461 3878 1613 3924 trans
1644 3866 1767 3923 Jor-

178 3960 378 4014 danem
412 3957 629 4014 fuerant
663 3960 957 4016 collocata.
986 3959 1304 4017 Habitacula
1336 3961 1537 4018 etenim
1565 3960 1767 4017 Levitis

179 4050 237 4105 in
265 4050 493 4122 singulis
540 4051 785 4108 tribubus
829 4052 1217 4119 decernuntur,
1269 4060 1328 4107 ut
1369 4060 1426 4107 et
1458 4066 1553 4123 per
1582 4052 1767 4123 multo

181 4141 617 4211 magniﬁcentius
629 4142 941 4215 mysterium
957 4158 1322 4199 nosceremus.
1342 4142 1447 4199 Iste
1460 4142 1606 4198 enim
1628 4142 1764 4198 ordo

179 4231 457 4288 Leviticus
480 4233 566 4288 vel
586 4234 936 4290 sacerdotalis
951 4235 1042 4304 qui
1060 4234 1151 4289 Dei
1176 4234 1452 4304 sapientia:
1465 4242 1520 4289 et
1532 4234 1769 4289 scientia.

179 4341 404 4396 operam
428 4325 829 4396 impendit,non
859 4328 1033 4397 potuit
1056 4342 1086 4381 a
1116 4325 1298 4396 Moyse
1323 4336 1522 4381 sortem
1552 4326 1765 4379 habita-

182 4417 351 4473 tionis
379 4418 644 4487 accipere,
682 4418 807 4487 quia
838 4433 941 4472 non
984 4426 1101 4473 erat
1141 4416 1351 4487 Moyses
1372 4417 1637 4482 veritatis,
1671 4416 1765 4471 sed

182 4509 391 4564 umbra:
416 4506 738 4577 exemplaris
760 4508 1024 4561 minister.
1044 4506 1201 4562 Jesus
1220 4521 1351 4561 vero
1379 4505 1636 4561 Dominus
1667 4521 1763 4561 no-

180 4609 318 4663 ster,
350 4599 441 4669 qui
472 4606 589 4652 erat
620 4598 881 4666 sapientia
916 4597 1030 4661 Dei,
1066 4598 1179 4667 ipse
1220 4596 1524 4651 habitacula
1549 4597 1760 4667 sapien-

181 4690 331 4746 tibus
343 4690 565 4760 praebet.
590 4687 705 4743 Non
717 4688 861 4743 enim
876 4687 1243 4757 potuitdicere
1259 4686 1468 4757 Moyses
1496 4704 1507 4739 :
1541 4706 1558 4737 ι
1589 4686 1759 4751 Vade,

178 4781 356 4836 vende
378 4780 559 4835 omnia
581 4780 700 4848 qua:
724 4778 919 4843 habes,
951 4786 1008 4832 et
1032 4778 1097 4831 da
1126 4777 1473 4848 pauperibus,
1505 4784 1559 4831 et
1594 4777 1762 4830 habe-

180 4874 269 4929 bis
299 4874 612 4928 thesaurum
640 4872 693 4925 in
720 4872 898 4937 ctelis;
931 4879 987 4925 et
1014 4871 1411 4938 veni,sequere
1434 4885 1519 4924 me
1540 4868 1759 4939 (Matth.

181 4966 357 5039 ιιι).ι
390 4965 503 5019 Hoc
534 4972 616 5020 est
634 4964 775 5018 enim
805 4973 1016 5033 partem
1047 4963 1175 5017 dare
1198 4962 1417 5016 Levitis.
1452 4960 1560 5015 Nec
1589 4960 1763 5029 potuit

180 5060 367 5113 dicere
395 5055 602 5125 Moyses
631 5073 644 5108 :
677 5056 801 5125 quia
837 5073 855 5106 ι
886 5054 978 5123 qui
1018 5069 1122 5108 non
1165 5053 1557 5108 renuntiaverit
1586 5052 1760 5105 omni—

174 5152 286 5204 bus
302 5162 434 5217 qua:
472 5146 728 5214 possidet,
768 5160 873 5199 non
915 5151 1093 5213 potest
1131 5158 1251 5197 esse
1280 5141 1574 5211 discipulus
1607 5154 1759 5193 meus

181 5238 336 5308 (Luc.
375 5235 505 5307 xiv).
542 5255 561 5287 ι
594 5234 709 5289 Νοιι
736 5234 878 5290 enim
899 5234 1075 5302 potuit
1102 5233 1281 5286 dicere
1306 5231 1517 5301 Moyses
1544 5250 1554 5283 :
1586 5252 1601 5278 ι
1641 5229 1762 5283 0m-

181 5332 267 5385 nis
293 5330 435 5383 enim
464 5327 555 5397 qui
584 5343 690 5380 non
717 5325 889 5381 oderit
922 5332 1129 5394 patrem
1164 5323 1249 5379 vel
1286 5332 1529 5383 matrem,
1562 5330 1615 5375 et
1647 5318 1758 5373 l‘ra-

183 5436 299 5477 tres
339 5429 393 5475 et
438 5434 671 5482 sorores,
700 5429 753 5474 et
791 5419 948 5480 ﬁlios,
996 5418 1214 5486 insuper
1243 5416 1404 5469 etiam
1444 5424 1498 5468 et
1524 5416 1757 5467 animam

183 5530 363 5577 suam,
390 5528 495 5567 non
525 5520 703 5580 potest
727 5526 847 5564 esse
865 5524 1014 5562 meus
1044 5506 1340 5575 discipulus
1366 5504 1517 5574 (Luc.
1551 5503 1683 5573 xiv).
1735 5524 1753 5555 ι

184 5608 301 5661 lloc
322 5604 531 5675 Moyses
557 5602 736 5657 facere
760 5616 864 5656 non
891 5598 1084 5669 potuit,
1113 5598 1315 5652 idcirco
1342 5597 1642 5650 habitacula
1673 5611 1759 5649 sa-

185 5696 467 5751 cerdotum
493 5693 577 5746 vel
598 5691 900 5745 Levitarum
926 5690 1239 5757 dispensare
1262 5704 1367 5742 non
1397 5688 1587 5757 potuit.
1622 5688 1756 5741 Dea-

198 5801 280 5850 th
300 5797 429 5861 ergo
448 5792 549 5850 est,
574 5785 662 5859 qui
687 5799 744 5838 se
765 5783 984 5839 cxhibet
1008 5780 1186 5847 talem,
1214 5789 1266 5835 et
1294 5780 1345 5834 in
1370 5781 1486 5835 istis
1507 5781 1757 5835 omnibus

1863 1962 2045 2017 minus
2080 1960 2263 2018 fuerit.
2307 1960 2691 2016 Verumtamen
2732 1969 2788 2017 et
2830 1961 2921 2016 isti
2949 1962 3145 2033 quibus
3180 1962 3445 2032 sapientia

1864 2051 1961 2107 Dei
1981 2052 2207 2106 verbum
2236 2050 2327 2105 Dei
2354 2059 2410 2105 et
2438 2051 2662 2114 veritas,
2693 2058 2748 2105 et
2767 2048 2977 2118 justitia
3008 2066 3129 2106 esse
3155 2050 3445 2107 hereditas

1864 2144 2098 2199 dicitur:
2146 2142 2542 2198 Habitationem
2586 2142 2805 2197 interim
2845 2156 2970 2197 eum
3010 2142 3118 2198 illis
3149 2140 3443 2213 accipiunt,

1864 2249 2093 2305 quorum
2129 2233 2415 2288 haereditas
2445 2232 2677 2288 habetur
2721 2231 2775 2285 in
2802 2230 2993 2298 terris,
3020 2238 3082 2287 ut
3111 2246 3178 2287 ex
3204 2232 3444 2300 ipsorum

1866 2326 2145 2383 consortio
2169 2324 2225 2380 hi
2254 2325 2345 2395 qui
2371 2339 2467 2395 per
2491 2322 2811 2393 semetipsos
2845 2322 3083 2378 nondum
3112 2322 3292 2377 valent
3315 2337 3446 2393 par-

1868 2416 2059 2485 ticipes
2081 2413 2219 2471 ellici
2248 2413 2528 2484 sapientiae
2568 2420 2625 2467 et
2665 2412 2908 2467 scientia
2942 2411 3057 2477 Dei,
3103 2417 3159 2466 et
3202 2410 3448 2467 veritatis

1866 2508 1984 2579 ejus
2012 2523 2076 2562 ac
2095 2506 2264 2563 verbi.
2301 2506 2370 2560 Et
2394 2507 2465 2560 ita
2488 2506 2652 2560 etiam
2684 2502 2763 2565 ad,
2787 2502 3038 2559 minimos
3064 2516 3308 2573 quosque
3336 2500 3449 2556 dis-

1865 2598 2113 2668 pensatio
2140 2598 2319 2653 divina
2364 2595 2651 2667 pertendit.
2701 2594 2771 2649 Et
2807 2594 2900 2664 qui
2942 2590 3311 2663 principaliter
3340 2601 3447 2644 non

1866 2702 2093 2764 possunt
2148 2692 2342 2747 divinae
2400 2691 2589 2763 gratia
2630 2703 2858 2761 capaces
2918 2688 3175 2753 existere,
3246 2684 3448 2741 illumi-

1868 2785 1984 2839 nari
2008 2791 2074 2840 ex
2104 2794 2414 2840 sanctorum
2440 2784 2711 2838 consortio
2734 2780 3064 2845 mereantur,
3095 2782 3151 2835 et
3178 2775 3449 2848 complea-

1871 2886 1959 2933 tur
1993 2877 2121 2932 illud
2148 2876 2291 2946 quod
2313 2873 2602 2944 Apostolus
2642 2873 2774 2929 dicit
2796 2872 2864 2928 ad
2904 2868 3215 2926 Corinthios
3235 2867 3303 2923 de
3322 2880 3449 2922 san-

1868 2972 1970 3026 ctis
2001 2968 2395 3039 Jerosolymitis
2416 2983 2442 3041 1:
2478 2987 2496 3020 ι
2534 2965 2604 3023 Ut
2655 2974 2836 3022 vestra
2876 2962 3093 3033 quidem
3117 2950 3446 3015 abundantia

1850 3060 1964 3116 ﬁat
1998 3060 2066 3115 ad
2092 3059 2309 3115 illorum
2342 3058 2612 3128 inepiam;
2660 3064 2723 3110 ut
2750 3054 2961 3110 illorum
2996 3049 3319 3107 abundantia
3352 3048 3451 3105 Ilat

1870 3153 1939 3208 ad
1990 3159 2227 3207 vestram
2280 3151 2512 3222 inopiam
2556 3147 2650 3221 (II
2687 3147 2811 3203 Cor.
2862 3145 3003 3217 vui).
3050 3164 3070 3198 ι
3116 3143 3195 3199 Ita
3237 3150 3450 3215 ergoet

1871 3261 2016 3301 nunc
2054 3244 2369 3301 cohabitare
2408 3241 2669 3311 iubentur
2703 3238 2880 3294 levita:
2916 3245 2974 3293 et
3013 3233 3320 3291 sacerdotes
3355 3232 3450 3303 ‘qui

1868 3354 1974 3393 non
2008 3336 2217 3391 habent
2248 3344 2474 3400 terram,
2510 3341 2569 3387 ut
2596 3330 2861 3402 percipiat
2895 3329 2963 3384 ab
2996 3325 3237 3382 Israelita
3268 3337 3453 3381 sacer-

1868 3429 1966 3483 dos
2008 3437 2065 3483 et
2105 3425 2309 3481 Levita
2341 3433 2557 3480 terrena
2586 3436 2708 3491 qua:
2754 3420 2871 3475 non“
2896 3416 3059 3473 habet
3090 3434 3103 3470 :
3131 3423 3191 3472 et
3233 3416 3451 3475 rursum

1834 3540 1839 3543 τ
1865 3516 2448 3589 Israelita'percipiata
2487 3515 2772 3571 sacerdote
2795 3519 2852 3567 et
2878 3510 3062 3565 Lev‘ita
3095 3507 3361 3572 coelestia,
3388 3514 3447 3563 et

1852 3609 2336 3680 divina'qme'non
2380 3606 2565 3662 habet.
2611 3591 2724 3661 Lex'
2766 3603 2909 3660 enim
2940 3599 3043 3655 Del
3074 3598 3447 3656 sacerdotibus

1868 3699 2157 3753 commissa
2183 3704 2288 3762 est,
2308 3694 2581 3760 etlevitis;
2605 3702 2666 3749 ut
2686 3694 2814 3749 huic
2826 3690 2925 3747 soli
2945 3700 3164 3761 operam
3187 3689 3449 3753 tribuant,

1864 3793 1923 3842 'et
1947 3788 2114 3843 verbo
2154 3787 2250 3843 Dei
2292 3788 2497 3857 absque
2538 3784 2645 3840 ulla
2672 3782 3038 3840 sollicitudine
3075 3786 3288 3834 vacent.
3339 3776 3449 3834 Sed

1868 3875 2063 3931 iterum
2105 3883 2397 3931 ut-vacare
2445 3873 2673 3945 possint,
2727 3871 2987 3927 laicorum
3018 3867 3099 3923 uti
3130 3866 3451 3922 ministeriis

1867 3967 2084 4025 debent.
2119 3966 2179 4023 Si
2207 3966 2354 4023 enim
2390 3966 2563 4021 laicus
2600 3980 2664 4021 ea
2697 3979 2817 4035 quae
2843 3961 3149 4018 necessaria
3176 3966 3302 4015 sunt
3339 3974 3447 4013 non

1865 4060 2159 4132 praebuerit
2181 4058 2554 4115 sacerdotibus
2582 4066 2637 4113 et
2652 4057 2889 4122 Levitis;
2917 4054 3162 4125 occupati
3186 4053 3261 4109 illi
3282 4053 3335 4107 in
3364 4057 3450 4107 ta-

1869 4148 2026 4212 libus,
2078 4149 2133 4203 id
2172 4156 2286 4213 est,
2324 4148 2377 4202 in
2420 4146 2786 4217 corporalibus
2812 4143 2984 4209 euris,
3017 4142 3198 4197 minus
3220 4139 3323 4212 legi
3350 4140 3448 4200 Dei

1866 4238 2158 4291 vacabunt.
2186 4235 2295 4291 Illis
2322 4245 2500 4290 autem
2526 4251 2630 4290 non
2653 4232 2990 4298 vacantibus,
3025 4245 3202 4300 neque
3224 4233 3447 4300 operam

1867 4324 2119 4381 dantibus
2141 4324 2243 4397 legi
2269 4325 2383 4389 Dei,
2410 4334 2465 4379 tu
2496 4323 2844 4394 periclitabls.
2876 4318 3265 4377 Obscurabitur
3299 4319 3447 4378 enim

1867 4416 1956 4472 lux
1999 4415 2238 4472 scientiae
2279 4429 2399 4484 quae
2431 4415 2486 4469 in
2538 4414 2644 4468 illis
2691 4422 2791 4477 est,
2843 4419 2897 4466 te
2928 4424 3047 4466 'non
3102 4411 3449 4465 ministrante

1832 4527 1841 4574 ς
1867 4506 2044 4563 oleum
2069 4505 2325 4571 lucernae,
2357 4514 2411 4559 et
2438 4504 2594 4574 culpa
2616 4512 2705 4559 tua
2736 4502 2862 4557 illud
2884 4500 3121 4566 eveniet,
3144 4500 3286 4570 quod
3311 4500 3448 4559 dixit

1786 4549 1841 4609 D

1863 4599 2121 4654 Dominus
2145 4616 2157 4653 :
2184 4598 2317 4665 Quia
2338 4612 2512 4653 caecus
2542 4610 2686 4651 careo
2718 4596 2970 4649 ducatum
2994 4592 3257 4663 praebens,
3286 4588 3447 4645 ambo

1863 4692 1917 4746 in
1948 4690 2157 4747 foveam
2182 4690 2396 4745 cadent.
2429 4687 2536 4742 Sed
2566 4696 2623 4741 et
2647 4685 2774 4741 illud
2797 4684 3153 4755 complebitur
3176 4682 3318 4753 quod
3342 4682 3450 4736 Do-

1862 4780 2040 4835 minus
2068 4779 2198 4834 dicit
2220 4800 2234 4831 ;
2260 4777 2317 4833 Si
2344 4778 2486 4831 enim
2512 4776 2601 4830 lux
2626 4791 2747 4845 qua:
2772 4785 2853 4829 est
2882 4774 2933 4827 in
2959 4782 3009 4827 te
3034 4772 3268 4827 tenebrae
3295 4779 3442 4835 sunt,

1863 4872 2099 4926 tenebra:
2136 4870 2265 4939 ipsm
2295 4879 2508 4937 quanta:
2535 4866 2688 4920 sunt!
2733 4864 2801 4919 Ut
2838 4878 2965 4932 ergo
2998 4862 3085 4915 lux
3116 4860 3355 4915 scientiae
3381 4859 3438 4920 in

1864 4960 2234 5015 sacerdotibus
2276 4957 2493 5025 fulgeat,
2542 4955 2760 5010 lucerna
2788 4966 2975 5008 eorum
3006 4951 3078 5025 sit
3109 4963 3323 5020 semper
3350 4964 3443 5004 ac.

1868 5067 2028 5107 censa
2060 5070 2071 5105 :
2102 5052 2181 5105 Τιι
2209 5049 2368 5118 imple
2396 5048 2647 5111 oliieium,
2672 5055 2727 5100 tu
2759 5044 2966 5115 comple
3004 5042 3312 5101 mandatum
3344 5042 3437 5105 Dei

1868 5156 1995 5212 erga
2015 5140 2270 5209 obsequia
2303 5139 2665 5194 sacerdotum.
2695 5137 2845 5203 Quod
2880 5136 2925 5190 si
2951 5134 3087 5189 forte
3117 5134 3379 5202 susceptis
3406 5149 3437 5195 a

1868 5243 1919 5288 te
1947 5249 2065 5303 qum
2095 5232 2396 5286 necessaria
2434 5238 2577 5294 sunt,
2615 5238 2669 5284 et
2708 5229 2789 5283 sic
2815 5243 2922 5282 non
2948 5225 3105 5296 quasi
3133 5240 3238 5280 non
3260 5225 3439 5278 avari.

1842 5324 1996 5377 'tiam
2016 5364 2028 5385 ,
2064 5322 2156 5377 sed
2186 5322 2339 5390 quasi
2380 5320 2814 5375 benedictionem
2846 5318 2918 5371 illi
2953 5315 3289 5386 neglexerint
3314 5326 3439 5369 (ξι-ιιι

1866 5412 2053 5466 ditioni
2114 5426 2333 5480 Operam
2380 5410 2529 5471 dare,
2585 5416 2640 5462 et
2671 5409 2833 5461 verbo
2871 5406 2965 5460 Dei
3006 5419 3223 5471 vacare,
3276 5410 3331 5457 et
3377 5396 3438 5459 in

1862 5502 1979 5573 lege
2008 5501 2099 5556 Dei
2126 5500 2372 5555 meditari
2390 5500 2474 5553 die
2496 5514 2558 5552 ac
2576 5505 2750 5561 nocte,
2768 5496 2864 5565 ipsi
2889 5494 3147 5549 videbunt
3168 5491 3440 5561 quomodo

1860 5610 1957 5663 pro
1976 5592 2257 5647 animabus
2280 5592 2474 5645 vestris
2508 5590 2732 5644 reddant
2758 5586 2985 5641 Domino
3019 5585 3303 5643 rationem.

1937 5703 1955 5735 ι
2004 5682 2285 5736 Victimam
2312 5690 2363 5735 et
2390 5696 2487 5749 pro
2516 5688 2741 5749 peccato
2767 5686 2820 5732 et
2843 5692 2940 5748 pro
2961 5675 3178 5740 delicto,
3202 5673 3315 5730 sive
3335 5686 3437 5742 pro

1870 5797 1887 5829 ι
1938 5777 2243 5848 ignorantia
2274 5776 2369 5851 ipsi
2400 5776 2708 5840 comedent,
2732 5783 2784 5827 et
2810 5788 2971 5827 onme
2998 5776 3177 5829 votum
3208 5769 3319 5831 σίνε
3350 5781 3433 5828 sev
