3950 6342
558 425 695 481 ιοιει

1186 424 1245 477 Β.
1290 424 1540 479 ιιέιΒΑῗῆ
1581 425 1797 480 ldAL'lll
1835 423 2121 479 ARGlllEI

2226 423 2504 480 iOGUNT.
2542 423 2829 480 OPERUM
2872 424 3052 479 PARS
3090 425 3154 479 ll.

3674 425 3805 479 1020

559 560 579 595 Ι
620 539 829 610 paratio
859 538 909 591 in
935 537 1094 591 lsrael
1113 539 1350 607 ipsorum
1373 528 1868 607 critJEtprimitiva
1885 539 2124 593 omnium
2156 539 2204 598 Α
2231 552 2356 605 ergo
2383 535 2631 605 primitia:
2658 534 2941 588 charitatis
2968 534 3077 587 Deo
3107 534 3406 588 offeruntur
3446 549 3542 605 per
3584 534 3803 589 Pontiﬁ

561 648 580 679 ι
622 629 1099 698 primogenitormu
1123 666 1136 689 ,
1174 635 1229 679 et
1264 628 1441 679 omnia
1474 627 1760 679 libamenta
1789 640 1853 677 ex
1879 624 2127 679 omnibus

566 739 582 772 ι
631 714 1956 787 quaioi‘t'eruntursacerdotumerunt.Etpritnitiva
1981 716 2128 769 cibo-

563 828 580 859 t
626 823 745 861 rum
765 814 1061 859 vestrorum
1079 804 1274 857 dabitis
1287 805 1573 868 sacerdoti,
1594 813 1652 856 ut
1670 816 1889 872 reponat
1906 804 2124 857 benedi-

562 918 581 950 ι
627 900 860 954 ctionem
892 897 1071 950 domui
1106 912 1248 958 suae,
1284 894 1412 966 (sive
1447 904 1499 949 ut
1526 906 1686 963 ponat
1725 896 2127 949 benedictioues

561 1012 579 1043 ι
622 1008 783 1061 super
803 992 987 1047 domos
1004 990 1250 1059 vestras).
1276 1010 1294 1042 ›
1318 988 1389 1059 (Η
1398 989 1582 1057 ieron.)
1603 990 1666 1043 Et
1681 990 2125 1044 considerandum

556 1084 883 1152 quodomnia
903 1097 1019 1149 quin
1048 1097 1191 1135 nunc
1220 1095 1316 1148 per
1340 1080 1651 1147 prophetam
1676 1081 1930 1133 Dominus
1954 1078 2125 1148 loqui-

556 1182 664 1232 tur.
689 1186 784 1239 per
804 1170 1020 1238 Moysen
1048 1178 1171 1223 ante
1189 1170 1298 1238 jam
1322 1168 1515 1221 dixerit
1542 1187 1552 1221 :
1586 1178 1640 1221 et
1664 1169 2009 1237 qumrendum
2032 1183 2129 1221 cur

554 1259 741 1313 eadem
777 1272 895 1327 qua:
932 1258 1072 1312 dicta
1105 1267 1230 1311 sunt.
1252 1265 1477 1325 repetat.
1522 1256 1588 1311 Ut
1639 1257 1889 1310 videlicet
1928 1271 2045 1324 quae
2075 1259 2124 1309 in

555 1348 827 1402 mentibus
855 1348 1132 1401 hominum
1157 1356 1306 1410 sunt,
1333 1347 1415 1401 vel
1437 1347 1645 1416 legendi
1671 1348 2017 1416 negligentia,
2045 1347 2124 1401 vel

556 1436 805 1492 audiendi
850 1446 1155 1504 contemptu
1178 1478 1193 1499 ,
1233 1448 1285 1490 et
1319 1437 1584 1490 oblivione
1628 1436 1822 1500 deleta,
1853 1438 1973 1489 viva
1999 1452 2127 1491 voce

555 1527 899 1589 innoventur,
924 1543 1041 1595 quae
1057 1542 1160 1581 non
1178 1528 1245 1579 sit
1270 1526 1467 1593 scripta
1484 1526 1706 1589 calamo,
1726 1534 1780 1579 et
1800 1535 2124 1589 atramento,

554 1621 647 1675 sed
682 1620 885 1687 Spiritu
917 1628 971 1673 et
1008 1618 1182 1672 Verbo
1216 1619 1328 1672 Dei.
1366 1619 1517 1673 Unde
1560 1628 1614 1672 et
1645 1620 1893 1673 Salvator
1923 1621 2124 1673 nullum

554 1709 802 1764 volumen
853 1709 1109 1763 doctrina:
1157 1724 1269 1761 sua:
1308 1709 1583 1777 proprium
1623 1709 1931 1779 dereliquit,
1985 1712 2125 1780 quod

554 1802 609 1855 in
635 1801 900 1869 plerisque
938 1800 1365 1870 apocryphorutn
1396 1801 1746 1854 deliramenta
1774 1802 2120 1873 conﬁngunt:

2233 640 2371 687 cem,
2400 624 2511 676 Ιιςυε
2545 637 2671 675 vero
2711 610 2829 690 qua:
2852 624 3087 677 secundo
3120 622 3171 674 in
3208 622 3323 676 loco
3365 633 3489 677 sunt
3530 622 3664 675 meis
3692 623 3804 673 usi-

2231 715 2329 769 bus
2358 714 2748 781 relinquuntur.
2787 712 2923 766 Puto
2952 712 3126 765 adhuc
3156 712 3358 780 aliquid
3388 728 3509 766 esse
3535 727 3598 765 ex
3627 710 3801 765 fructu

2230 802 2369 872 quod
2402 803 2558 855 tertio
2585 802 2699 853 loco
2732 800 3033 853 habendum
3066 802 3157 864 sit,
3183 810 3241 854 ut
3271 801 3490 871 diligam
3518 803 3680 856 etiam
3709 802 3801 855 in:-

2230 892 2399 946 micos
2445 905 2612 942 meos.
2666 888 2793 942 Vide
2835 897 2999 946 etiam
3044 891 3088 943 si
3128 901 3281 958 potes
3331 891 3601 955 similiter,
3642 902 3695 944 et
3740 894 3801 945 de

2230 988 2437 1040 creteris
2470 986 2730 1040 fructibus
2754 986 2977 1055 spiritus
3007 986 3209 1039 similes
3238 986 3481 1040 invenire
3510 985 3797 1054 primitias.

2229 1075 2492 1129 Gaudium
2521 1075 2755 1127 secundo
2788 1074 2903 1127 loco
2935 1073 3144 1128 fructus
3174 1075 3397 1143 spiritus
3430 1075 3704 1129 scribitur.
3742 1076 3797 1129 Si

2228 1181 2355 1236 ergo
2391 1166 2441 1219 in
2484 1166 2717 1219 Dmniuo
2766 1166 3049 1235 gaudeam,
3099 1173 3153 1219 et
3191 1180 3284 1233 spe
3333 1167 3615 1235 gaudeam,
3663 1177 3716 1221 et
3760 1167 3800 1219 si

2228 1257 2487 1324 gaudeam
2530 1269 2627 1323 pro
2687 1255 2903 1309 nomine
2954 1254 3160 1307 Domini
3204 1269 3395 1323 passus
3434 1254 3714 1321 injuriam;
3752 1257 3800 1308 in

2231 1347 2314 1399 his
2347 1347 2597 1400 omnibus
2634 1346 2862 1413 aliisque
2905 1344 3097 1397 horum
3153 1344 3421 1398 similibus
3474 1343 3579 1397 Deo
3618 1345 3801 1413 primi-

2229 1436 2330 1489 tias
2361 1435 2539 1503 gaudii
2584 1450 2681 1503 per
2714 1432 3027 1487 Pontiﬁcem
3072 1448 3253 1486 verum
3297 1433 3407 1486 Deo
3445 1433 3648 1497 obtuli;
3705 1436 3799 1487 sed

2229 1533 2282 1579 et
2324 1525 2367 1577 si
2399 1526 2641 1592 rapinam
2678 1525 2939 1577 honorum
2976 1538 3217 1577 meorum
3250 1537 3371 1576 cum
3409 1523 3603 1593 gaudio
3644 1525 3801 1577 susti-

2230 1631 2405 1675 ncam,
2446 1622 2500 1667 et
2554 1614 2598 1668 si
2635 1613 3030 1677 tribulationes,
3083 1614 3127 1667 si
3157 1620 3551 1682 paupertatem,
3601 1614 3647 1667 si
3668 1628 3798 1682 qua-

2231 1704 2566 1772 lemcumque
2596 1703 2973 1756 contumeliam
2999 1702 3234 1772 gaudens
3264 1702 3518 1767 tolerem,
3557 1711 3641 1756 est
3671 1705 3798 1759 milsi

2228 1801 2283 1846 et
2311 1793 2412 1846 iste
2441 1793 2676 1847 secundo
2704 1792 2756 1844 in
2790 1791 2908 1845 loco
2934 1805 2999 1843 ex
3034 1790 3296 1845 fructibus
3327 1792 3571 1860 spiritus,
3598 1792 3799 1847 fructus

553 1893 648 1947 sed
687 1891 863 1945 Patris
890 1900 945 1945 et
987 1906 1087 1947 suo
1121 1889 1323 1959 Spiritu
1365 1892 1603 1960 quotidie
1626 1892 1860 1960 loquitur
1884 1893 1934 1945 in
1960 1893 2123 1947 corde
2152 1899 2197 1957 Β
2226 1882 2422 1952 gaudii.
2442 1881 2575 1934 Nam
2594 1882 2914 1951 sisaudeam
2930 1882 2994 1935 de
3015 1881 3173 1935 rebus
3187 1881 3470 1945 πρωί,όο
3484 1882 3795 1942 Ιὶοῐιοε’ἱι)υεν

553 1980 907 2034 credentium.
938 1980 1005 2034 Et
1034 1981 1149 2034 haec
1170 1980 1273 2033 erit
1304 1981 1578 2047 responsio
1613 1982 1895 2035 adversum
1916 1997 2008 2041 eos
2026 1982 2117 2051 qui

553 2070 951 2124 calumniantur
1000 2072 1319 2138 prophetas,
1363 2085 1460 2123 cur
1497 2085 1617 2137 qua:
1660 2070 1713 2122 in
1757 2070 2119 2124 Pentateucho

554 2161 896 2213 continentur
939 2160 991 2213 in
1040 2160 1151 2214 suis
1198 2160 1555 2214 voluminibus
1608 2159 1895 2227 rt-plicent-
1938 2159 2118 2230 (ιείά.)

553 2248 695 2303 Nihil
719 2266 902 2305 eorum
924 2266 1044 2320 qua:
1068 2251 1370 2305 necessaria
1394 2252 1607 2305 fuerunt
1626 2251 1899 2320 legislator
1916 2252 2117 2316 omisit,

554 2341 841 2411 designans
896 2342 1093 2409 quippe
1127 2342 1591 2395 conversationum
1641 2341 2009 2405 differentias,
2068 2349 2122 2395 et

553 2430 840 2486 ostendens
864 2430 1017 2484 nobis
1044 2431 1155 2483 vias
1186 2431 1237 2483 in
1268 2430 1537 2485 oblatione
1563 2431 1971 2495 sacrificiorum,
2004 2432 2122 2500 qui-

553 2522 654 2577 bus
690 2536 789 2576 nos
834 2531 1081 2590 oporteat
1117 2524 1443 2577 conversari.
1506 2524 1634 2579 Post
1681 2526 1782 2579 hoc
1820 2526 2121 2581 necessarie

554 2611 776 2679 exponit
805 2609 1002 2664 Christi
1026 2612 1371 2676 sacriﬁcium,
1404 2627 1500 2681 per
1524 2614 1665 2681 quod
1692 2612 1846 2668 nobis
1870 2621 2122 2683 peccato-

555 2713 674 2751 rum
714 2701 957 2753 remissio
994 2710 1048 2753 ct
1094 2702 1391 2770 redemptio
1426 2716 1677 2755 concessa
1721 2710 1821 2756 est.
1854 2700 2122 2773 (Ηίετοη.)

558 2785 846 2841 Victimam
884 2789 1046 2858 igitur
1069 2798 1124 2843 et
1151 2806 1249 2858 pro
1281 2800 1519 2859 peccato,
1552 2800 1606 2845 et
1629 2806 1725 2861 pro
1753 2790 1968 2856 delicto,
2010 2793 2124 2847 sive

556 2874 883 2957 ignorantia,
916 2879 1197 2932 comedent
1228 2881 1553 2942 sacerdotes,
1585 2881 1650 2935 de
1689 2882 1883 2950 quibus
1922 2881 2123 2937 dictum

555 2976 639 3023 est
670 2987 680 3020 :
716 2988 731 3020 ι
771 2969 993 3024 Peccata
1027 2972 1201 3040 populi
1232 2973 1338 3026 mei
1365 2973 1645 3027 comedent
1669 2972 1812 3044 (Ose.
1839 2973 1931 3044 tv).
1971 2993 1989 3025 ι
2019 2972 2124 3027 Nec

556 3067 764 3114 tantum
807 3063 1143 3130 gaudendum
1189 3072 1272 3118 est
1314 3065 1380 3118 ad
1427 3064 1752 3119 oblationem
1800 3079 2122 3129 munerum,

554 3160 813 3222 quantum
849 3152 1141 3206 timendum
1175 3155 1240 3209 ad
1275 3154 1495 3209 honoris
1528 3156 2047 3220 condemnationem,
2076 3154 2121 3209 si

2224 1974 2287 2027 de
2317 1972 2537 2036 divitiis,
2565 1970 2701 2025 falsa
2727 1980 2853 2025 sunt
2900 1971 3003 2025 ista
3035 1972 3225 2042 gaudia
3254 1985 3320 2024 ex
3360 1972 3688 2025 vanitatibus
3712 1987 3797 2022 va-

2223 2066 2473 2119 nitatum.
2508 2064 2563 2117 Si
2591 2064 2785 2139 veroin
2810 2063 2965 2118 malis
2985 2063 3268 2133 gaudeam,
3294 2071 3348 2115 et
3390 2063 3435 2116 si
3462 2062 3795 2116 exsultemde

2223 2160 2448 2214 aliorum
2473 2158 2646 2211 ruinis
2662 2197 2676 2221 ,
2694 2157 2798 2211 ista
2812 2156 2974 2210 etiam
3005 2171 3111 2209 non
3136 2154 3306 2209 solum
3326 2169 3481 2217 vana,
3510 2153 3602 2207 sed
3624 2163 3675 2206 et
3694 2154 3795 2205 dia-

2221 2250 2393 2306 bolica
2409 2252 2602 2321 gaudia
2631 2267 2645 2303 τ
2668 2252 2776 2306 imo
2799 2266 2896 2305 nec
2908 2250 3101 2320 gaudia
3118 2249 3442 2303 nominanda
3468 2256 3621 2301 sunt:
3646 2266 3663 2297 ι
3685 2246 3792 2300 Non

2220 2343 2363 2395 enim
2386 2350 2467 2395 est
2487 2342 2720 2409 gaudere
2745 2341 2937 2411 impiis,
2969 2340 3097 2394 dicit
3114 2338 3519 2407 DominusUsa.
3540 2337 3745 2405 xum).
3772 2356 3785 2387 )

2224 2432 2314 2488 Sic
2334 2442 2385 2487 et
2410 2433 2464 2487 in
2488 2433 2667 2487 Veteri
2691 2440 2743 2487 et
2767 2430 2913 2486 Novo
2927 2430 3272 2485 Testamento
3324 2430 3588 2483 ministris
3617 2429 3791 2482 altaris

2222 2533 2277 2581 et
2300 2525 2648 2579 sorvitoribus
2670 2524 2849 2594 templi
2876 2522 3089 2578 Domini
3120 2523 3429 2576 mandatum
3452 2530 3538 2575 est
3564 2523 3630 2575 de
3652 2521 3789 2576 obla—

2223 2614 2426 2669 tionum
2464 2614 2710 2684 largitate
2757 2622 2813 2668 et
2854 2614 3189 2668 decimarum
3252 2612 3377 2666 datu
3411 2613 3790 2666 nutrimentum

2224 2704 2443 2768 habere,
2468 2718 2565 2757 nec
2592 2703 2818 2757 terrenis
2834 2703 3260 2772 possessionibus
3279 2718 3596 2757 concessum
3620 2710 3699 2756 est
3720 2704 3792 2755 eis

2224 2792 2583 2863 adipiscendis
2624 2792 2731 2847 ullo
2776 2792 2936 2847 modo
2978 2792 3203 2846 inhiare.
3256 2792 3409 2847 Unde
3448 2791 3705 2845 Dominus
3742 2791 3790 2843 in

2225 2882 2512 2954 Evangelio
2535 2881 2791 2951 apostolis
2812 2890 2867 2935 et
2893 2881 3340 2951 praedicatoribus
3367 2880 3636 2950 Evangelii
3672 2894 3793 2948 pne-

2226 2972 2387 3041 cepit,
2434 2973 2709 3026 dicensu
2751 2971 2952 3027 Euntes
2992 2979 3171 3025 autem
3215 2972 3526 3039 przedicate,
3560 2972 3791 3024 dicentes

2225 3062 2350 3133 quia
2378 3061 2826 3131 appropinquabit
2852 3075 3076 3130 regnum
3120 3058 3400 3125 emlorum,
3437 3060 3680 3112 inﬁrmos
3705 3074 3793 3111 cu—

2228 3163 2362 3217 rate,
2396 3162 2637 3207 mortuos
2656 3152 2935 3215 suscitato,
2964 3150 3207 3219 leprosos
3229 3150 3504 3211 mundate,
3533 3151 3793 3203 (temones

554 3256 620 3297 eo
646 3242 929 3297 abutamur
962 3242 1195 3313 indigne.
1227 3243 1507 3298 Primitiva
1537 3244 1690 3313 juxta
1728 3244 1959 3298 litteram
1997 3252 2121 3299 sunt
2149 3238 2191 3302 C
2224 3246 2401 3315 ejicite
2428 3263 2441 3301 :
2474 3248 2642 3318 gratis
2670 3246 2990 3315 accepistis,
3030 3244 3199 3314 gratis
3229 3244 3369 3297 date.
3418 3242 3593 3297 Nolite
3626 3242 3790 3311 possi‘

553 3331 907 3386 animantium
932 3338 985 3385 et
1015 3332 1423 3386 inanimantium
1457 3348 1576 3401 qua:
1601 3334 1776 3403 prima
1803 3342 2119 3400 nascuntur,

554 3429 611 3475 ct
634 3436 753 3492 qua:
783 3421 1016 3491 primum
1054 3429 1197 3476 terra
1221 3423 1408 3493 gignit.
1445 3422 1700 3478 Primitia:
1734 3439 1946 3495 quoque
1978 3424 2123 3478 cibo-

556 3526 673 3565 rum
724 3520 1030 3565 nostrorum
1070 3514 1443 3567 sacerdotibus
1489 3512 1825 3580 oﬂ'eruntur,
1884 3522 1942 3569 ut
1989 3514 2123 3570 nihil

552 3614 829 3675 gustemus
860 3620 1117 3660 novarum
1148 3605 1378 3676 frugum,
1412 3607 1511 3662 nisi
1542 3610 1689 3677 quod
1719 3608 1971 3665 sacerdos
2000 3616 2125 3664 ante

552 3696 866 3765 gustaverit.
908 3695 1020 3751 Hoc
1041 3705 1221 3751 autem
1254 3696 1500 3763 facimus,
1536 3706 1596 3752 ut
1620 3707 1844 3768 reponat
1875 3699 2125 3756 sacerdos

552 3786 979 3841 benedictionem
1016 3796 1071 3842 et
1109 3787 1426 3842 oblationem
1451 3798 1689 3843 nostram
1714 3792 1767 3844 in
1793 3790 1953 3845 domo
1981 3807 2077 3845 sua
2107 3810 2119 3845 :

554 3876 666 3933 sive
701 3884 758 3934 ut
796 3877 863 3930 ad
893 3878 1337 3949 imprecattouem
1368 3894 1517 3933 suam
1549 3879 1806 3937 Dominus
1844 3883 2127 3937 benedicat

554 3967 801 4026 domibus
839 3971 1054 4027 nostris.
1107 3969 1337 4026 Grandis
1370 3970 1601 4039 dignitas
1640 3974 2002 4037 sacerdotum,
2030 3973 2125 4027 sed

552 4056 769 4130 grandis
810 4060 964 4115 ruina
999 4060 1044 4114 si
1090 4068 1334 4131 peccant.
1383 4062 1659 4116 Lzetamur
1704 4064 1770 4116 ad
1816 4077 2121 4127 ascensum,

553 4146 647 4202 sed
688 4147 976 4202 timeamus
1004 4147 1070 4203 ad
1113 4148 1341 4218 lapsum.
1374 4149 1490 4205 Non
1529 4158 1614 4205 est
1658 4153 1791 4205 tanti
1824 4151 2003 4220 gaudii
2029 4166 2124 4205 cx-

553 4234 697 4289 cclsa
738 4237 993 4301 tenuisse,
1016 4239 1202 4306 quanti
1228 4240 1478 4292 maeroris
1502 4240 1565 4293 de
1591 4238 1989 4294 sublimioribus
2010 4255 2126 4293 cor-

553 4324 745 4379 ruisse.
778 4325 959 4395 Neque
980 4328 1122 4380 enim
1151 4328 1320 4383 solum
1348 4344 1445 4398 pro
1475 4332 1673 4383 nostris
1697 4330 1906 4383 delictis
1934 4330 2120 4382 redic—

557 4430 675 4467 tnus
717 4417 1012 4481 rationem,
1054 4417 1149 4471 sed
1180 4432 1280 4486 pro
1312 4420 1548 4474 omnium
1580 4435 1807 4490 quorum
1851 4421 2125 4475 abutimur

556 4504 729 4567 donis,
747 4512 799 4557 et
822 4521 1157 4574 nequaquam
1179 4522 1365 4562 sumus
1385 4512 1449 4563 de
1472 4524 1659 4563 eorum
1687 4509 1857 4564 salute
1884 4511 2117 4565 solliciti.

2224 3340 2349 3394 dere
2393 3354 2605 3403 aurum,
2633 3352 2807 3407 neque
2848 3346 3147 3406 argentum,
3198 3350 3375 3404 neque
3425 3335 3703 3404 pecuniam
3741 3333 3790 3386 in

2223 3427 2372 3480 zonis
2402 3426 2617 3490 vestris,
2649 3439 2754 3479 non
2779 3439 2961 3493 peram
2988 3423 3040 3475 in
3067 3423 3173 3486 via,
3204 3436 3377 3491 neque
3410 3423 3541 3475 duas
3565 3420 3790 3483 tunicas,

2223 3532 2396 3587 neque
2423 3516 2801 3580 calceamenta,
2833 3528 3006 3584 neque
3034 3515 3260 3585 virgam.
3301 3514 3503 3582 Dignus
3539 3521 3615 3568 est
3654 3514 3790 3566 enim

2223 3608 2503 3676 operarius
2548 3606 2668 3660 cibo
2721 3620 2817 3659 suo
2852 3603 3086 3676 (Matth.
3136 3620 3169 3657 ι
3202 3605 3239 3675 ).
3304 3604 3441 3659 Hine
3494 3612 3549 3657 et
3596 3603 3786 3657 Paulus

2223 3698 2515 3755 Corinthiis
2564 3696 2785 3765 loquens
2836 3714 2848 3748 :
2911 3714 2929 3745 ‹
2980 3695 3248 3757 Nescitis,
3290 3696 3500 3763 inquit,
3536 3697 3781 3763 quoniam

2224 3789 2316 3859 qui
2366 3790 2418 3842 in
2466 3787 2705 3842 sacrario
2754 3794 3081 3855 operantur,
3117 3802 3237 3855 qua:
3281 3786 3346 3841 de
3396 3788 3636 3840 sacrario
3675 3800 3791 3841 sunt

2226 3880 2407 3943 edunt,
2446 3878 2537 3946 qui
2582 3876 2772 3931 altario
2811 3875 3139 3937 deserviunt,
3189 3890 3309 3929 cum
3346 3875 3539 3928 altario
3585 3877 3788 3944 partici-

2224 3976 2354 4038 pant
2401 3965 2451 4037 (1
2494 3964 2612 4019 Cor.
2662 3966 2761 4035 rx).
2802 3983 2819 4015 ι
2868 3963 2945 4018 Ita
2993 3973 3049 4019 et
3098 3964 3353 4018 Dominus
3401 3965 3669 4018 ordinavit
3713 3966 3789 4017 his

2225 4059 2315 4127 qui
2364 4054 2707 4126 Evangelium
2768 4055 3107 4118 annuntiant,
3158 4055 3223 4108 de
3267 4053 3557 4124 Evangelia
3596 4056 3784 4109 vivere.

2226 4147 2362 4200 llinc
2416 4158 2469 4201 et
2534 4147 2603 4200 ad
2670 4145 3011 4199 Timotheum
3076 4146 3316 4200 scribens
3372 4146 3449 4199 ait
3496 4164 3510 4198 :
3566 4164 3584 4195 ι
3633 4146 3787 4200 Nemo

2228 4236 2462 4291 tuilitaus
2504 4236 2613 4290 Deo
2644 4275 2657 4298 ,
2714 4236 2957 4304 implicat
3016 4250 3073 4289 se
3120 4236 3347 4304 negotiis
3406 4235 3784 4298 saecularibus,

2227 4336 2283 4381 ut
2332 4327 2380 4381 ei
2423 4327 2661 4395 placeat,
2712 4326 2795 4379 cui
2847 4340 2903 4379 se
2951 4326 3213 4395 probavit.
3261 4324 3393 4377 Nam
3437 4334 3493 4379 ct
3531 4326 3620 4394 qui
3674 4340 3784 4379 cer-

2228 4427 2301 4471 tat
2327 4417 2378 4469 in
2406 4431 2593 4486 agone,
2628 4431 2731 4469 non
2765 4425 3075 4479 corOnatur,
3106 4416 3203 4469 nisi
3233 4416 3470 4485 legitime
3506 4417 3781 4471 certaverit

2225 4505 2309 4577 (II
2342 4506 2473 4559 Tim.
2507 4506 2589 4578 ιι).
2623 4525 2641 4557 ι
2684 4505 3043 4560 Laborantem
3075 4506 3219 4559 enim
3262 4505 3553 4577 agricolam
3582 4517 3784 4576 oportet

552 4592 887 4665 (Adamant.)
926 4595 1008 4648 Ab
1034 4596 1282 4652 omnibus
1311 4613 1439 4668 ergo
1478 4598 1743 4654 fructibus
1771 4600 2120 4655 sanctiﬁcatis
2148 4593 2197 4650 D
2222 4595 2452 4663 primum
2481 4595 2546 4649 de
2576 4594 2837 4648 fruetibus
2865 4595 3129 4664 accipere.
3163 4594 3271 4649 Nec
3291 4596 3437 4650 enim
3472 4598 3781 4651 conveniens

554 4692 755 4739 sancta:
781 4694 905 4738 sunt
925 4683 1209 4740 otl‘erenda:
1230 4687 1478 4755 primitiae
1504 4688 1729 4759 spiritali
1756 4689 2014 4757 pontiﬁci.
2045 4689 2121 4742 Ex

553 4774 751 4843 quibus
784 4788 911 4843 ergo
931 4772 1192 4827 fructibus
1222 4776 1490 4844 spiritales
1511 4778 1773 4846 primitias
1802 4776 2122 4833 oll‘cretnus?

551 4862 690 4917 Audi
720 4878 855 4932 quos
889 4863 1097 4917 fructus
1120 4872 1396 4920 enunieret
1426 4865 1713 4934 Apostolus
1745 4886 1757 4920 :
1803 4885 1820 4917 ι
1866 4867 2115 4931 Fructus,

554 4951 747 5019 inquit,
776 4951 1015 5019 spiritus,
1049 4952 1303 5018 charitas,
1328 4954 1601 5029 gaudium,
1627 4970 1749 5027 pax,
1783 4957 2063 5025 patientia,
2096 4976 2113 5007 ι

552 5054 656 5098 etc.
684 5041 825 5111 (Gal.
854 5042 925 5113 v).

625 5132 767 5197 Quas
809 5132 969 5200 igitur
994 5132 1261 5201 primitias
1283 5149 1349 5188 ex
1370 5135 1652 5191 charitatis
1674 5137 1875 5203 fructu,
1900 5139 1991 5207 qui
2014 5139 2120 5207 pri-

553 5228 674 5277 mus
702 5229 786 5274 est
813 5220 1019 5275 fruetus
1061 5222 1301 5291 spiritus,
1333 5221 1554 5278 offeram
1594 5240 1722 5279 vero
1761 5227 2021 5295 pontiﬁci,
2048 5227 2115 5281 il-

554 5310 633 5370 las
660 5325 758 5380 ego
796 5321 923 5381 puto
972 5327 1092 5366 esse
1137 5313 1405 5381 primitias
1458 5315 1755 5377 cbaritatis,
1797 5326 1857 5373 ut
1898 5316 2113 5385 diligam

553 5400 835 5460 Dominum
884 5401 1051 5455 Deum
1104 5417 1279 5458 meum
1333 5419 1399 5457 ex
1441 5413 1549 5459 toto
1578 5406 1739 5459 corde
1770 5421 1889 5459 tneo
1912 5446 1927 5469 ,
1958 5416 2010 5458 et
2048 5420 2114 5459 ex

553 5500 662 5549 tota
689 5491 889 5555 anima,
912 5504 966 5545 et
988 5506 1053 5545 ex
1082 5500 1194 5545 tota
1225 5504 1401 5548 mente
1424 5510 1537 5548 mea
1569 5493 1781 5566 (Matth.
1812 5498 1975 5565 xxii);
2002 5495 2117 5549 ista:

552 5592 675 5636 sunt
738 5584 1008 5652 priuutim.
1061 5582 1197 5649 Quid
1254 5595 1432 5639 autem
1492 5596 1575 5641 est
1610 5627 1625 5651 ,
1688 5588 1832 5650 quod
1896 5602 1962 5641 cx
2014 5588 2117 5642 isto

552 5674 836 5731 charitatis
882 5672 1057 5728 fructu
1091 5676 1325 5730 secundo
1358 5676 1473 5731 loco
1517 5679 1716 5733 habere
1752 5679 1975 5733 debeam
2002 5720 2016 5743 ,
2060 5689 2119 5733 ιιι

551 5764 771 5842 diligam
818 5766 1121 5839 proximum
1172 5782 1348 5822 meum
1394 5768 1532 5823 sicut
1578 5770 1971 5843 metnctipsum.
2010 5770 2114 5827 llla:

2229 4695 2328 4751 est,
2362 4696 2421 4741 ιιι
2454 4687 2539 4741 ille
2562 4701 2719 4756 quem
2752 4695 2962 4756 oportet
3002 4702 3215 4757 semper
3252 4687 3469 4743 adstare
3497 4689 3670 4744 otIicio
3690 4690 3775 4749 di-

2227 4778 2372 4843 vino,
2414 4794 2511 4847 pro
2553 4779 2885 4847 adquirendo
2930 4789 3222 4850 occupetur
3260 4789 3475 4837 terreno
3516 4783 3685 4839 lucro.
3731 4784 3778 4837 Si

2225 4865 2346 4934 quis
2375 4874 2552 4919 autem
2591 4866 2864 4934 quaesierit
2887 4868 3015 4936 quid
3060 4870 3283 4937 mystice
3322 4870 3545 4926 decium:
3583 4871 3776 4941 signiti-

2223 4965 2365 5020 ccnt,
2395 4956 2533 5011 sciat
2557 4958 2953 5012 observantiam
2990 4958 3122 5029 legis
3150 4962 3202 5013 in
3232 4962 3311 5016 eis
3337 4962 3583 5030 accipere
3612 4978 3775 5031 posse,

2223 5045 2333 5099 sive
2371 5046 2728 5115 integritatem
2770 5048 2893 5103 ﬁdei
2923 5048 3221 5113 catholicae,
3263 5066 3357 5105 seu
3398 5050 3774 5121 perfectionem

2222 5137 2481 5192 bonorum
2530 5154 2789 5209 operum;
2838 5157 2957 5210 qua:
2995 5143 3227 5197 maxime
3275 5142 3361 5195 his
3402 5144 3655 5196 convenit
3692 5143 3774 5195 ha-

2219 5228 2366 5293 bere,
2394 5230 2481 5296 qui
2521 5231 2751 5298 speciale
2788 5232 2895 5286 Deo
2925 5233 3204 5286 servitium
3239 5234 3535 5287 secundum
3564 5232 3772 5287 electio-

2218 5333 2338 5371 nem
2360 5334 2461 5387 qua
2486 5319 2637 5373 electi
2660 5327 2785 5389 sunt
2804 5321 2867 5372 ad
2887 5320 3237 5374 ministerium
3258 5319 3515 5384 divinum,
3531 5321 3773 5374 exhibere

2221 5405 2433 5460 debent.
2466 5407 2522 5460 In
2550 5407 2768 5461 denario
2802 5408 2944 5465 enim
2980 5424 3203 5462 munero
3244 5419 3507 5464 creatura:
3536 5425 3601 5464 ac
3630 5424 3770 5464 creao

2222 5496 2351 5548 toris
2378 5496 2611 5565 cognitio
2636 5497 3109 5576 comprehenditur
3126 5537 3139 5559 ,
3174 5498 3298 5565 quia
3324 5499 3662 5567 septenarius
3684 5515 3770 5551 uu-

2222 5598 2401 5638 merus
2424 5584 2487 5637 ad
2511 5584 2796 5639 humanam
2820 5585 3036 5655 respicit
3067 5595 3315 5640 naturam
3345 5588 3515 5643 tribus
3537 5590 3768 5643 videlicet

2226 5676 2329 5728 vim
2382 5676 2571 5730 animm
2616 5676 3039 5730 ostendentibus.
3078 5676 3227 5732 Unde
3270 5678 3321 5732 in
3372 5679 3767 5735 Deuteronomio

2223 5768 2480 5839 scriptum
2517 5773 2599 5820 cst
2644 5782 2656 5817 :
2706 5784 2724 5817 ι
2756 5766 2951 5835 Diliges
2987 5766 3266 5823 Dominum
3306 5770 3472 5823 Deum
3528 5778 3672 5825 tuum
3710 5786 3761 5823 ex
