  <div class='ocr_page' id='page_1' title='image "/cluster/home/n/w/nwhite01/storage/ocr_20150623/110/uva.x000827066/518.png"; bbox 0 0 3950 6394; ppageno 0'>
   <div class='ocr_carea' id='block_1_1' title="bbox 270 443 404 501">
    <p class='ocr_par' dir='ltr' id='par_1_1' title="bbox 270 443 404 501">
     <span class='ocr_line' id='line_1_1' title="bbox 270 443 404 501; baseline 0.022 -3"><span class='ocrx_word' id='word_1_1' title='bbox 270 443 404 501; x_wconf 61' lang='lat'><strong>{0&#39;21</strong></span> 
     </span>
    </p>
   </div>
   <div class='ocr_carea' id='block_1_2' title="bbox 1164 445 2612 521">
    <p class='ocr_par' dir='ltr' id='par_1_2' title="bbox 1164 445 2612 521">
     <span class='ocr_line' id='line_1_2' title="bbox 1164 445 2612 521; baseline 0.002 -20"><span class='ocrx_word' id='word_1_2' title='bbox 1164 445 1515 503; x_wconf 68' lang='lat' dir='ltr'><strong>COMMENT.</strong></span> <span class='ocrx_word' id='word_1_3' title='bbox 1556 446 1620 501; x_wconf 75' lang='lat' dir='ltr'><strong>IN</strong></span> <span class='ocrx_word' id='word_1_4' title='bbox 1661 446 2114 501; x_wconf 69' lang='lat' dir='ltr'><strong>EZECHIELEM.</strong></span> <span class='ocrx_word' id='word_1_5' title='bbox 2156 478 2223 487; x_wconf 90' lang='lat'><strong>--</strong></span> <span class='ocrx_word' id='word_1_6' title='bbox 2263 449 2387 521; x_wconf 59' lang='grc' dir='ltr'><strong>[ΛΒ.</strong></span> <span class='ocrx_word' id='word_1_7' title='bbox 2432 449 2612 505; x_wconf 69' lang='lat' dir='ltr'><strong>XVIII.</strong></span> 
     </span>
    </p>
   </div>
   <div class='ocr_carea' id='block_1_3' title="bbox 3377 464 3514 522">
    <p class='ocr_par' dir='ltr' id='par_1_3' title="bbox 3377 464 3514 522">
     <span class='ocr_line' id='line_1_3' title="bbox 3377 464 3514 522; baseline 0.036 -5"><span class='ocrx_word' id='word_1_8' title='bbox 3377 464 3514 522; x_wconf 67' lang='grc'><strong>1022</strong></span> 
     </span>
    </p>
   </div>
   <div class='ocr_carea' id='block_1_4' title="bbox 270 554 3509 629">
    <p class='ocr_par' dir='ltr' id='par_1_4' title="bbox 270 554 3509 629">
     <span class='ocr_line' id='line_1_4' title="bbox 270 554 3509 629; baseline 0.006 -20"><span class='ocrx_word' id='word_1_9' title='bbox 270 562 386 609; x_wconf 87' lang='lat' dir='ltr'><strong>toto</strong></span> <span class='ocrx_word' id='word_1_10' title='bbox 441 554 602 610; x_wconf 89' lang='lat' dir='ltr'><strong>corde</strong></span> <span class='ocrx_word' id='word_1_11' title='bbox 630 562 741 620; x_wconf 88' lang='lat' dir='ltr'><strong>tuo,</strong></span> <span class='ocrx_word' id='word_1_12' title='bbox 785 564 840 609; x_wconf 84' lang='lat' dir='ltr'><strong>et</strong></span> <span class='ocrx_word' id='word_1_13' title='bbox 886 571 953 611; x_wconf 80' lang='lat' dir='ltr'><strong>ex</strong></span> <span class='ocrx_word' id='word_1_14' title='bbox 1008 566 1117 611; x_wconf 88' lang='lat' dir='ltr'><strong>tota</strong></span> <span class='ocrx_word' id='word_1_15' title='bbox 1158 557 1335 610; x_wconf 87' lang='lat' dir='ltr'><strong>anima</strong></span> <span class='ocrx_word' id='word_1_16' title='bbox 1372 565 1479 619; x_wconf 87' lang='lat' dir='ltr'><strong>tua,</strong></span> <span class='ocrx_word' id='word_1_17' title='bbox 1530 565 1585 611; x_wconf 92' lang='lat' dir='ltr'><strong>et</strong></span> <span class='ocrx_word' id='word_1_18' title='bbox 1620 571 1684 611; x_wconf 77' lang='lat' dir='ltr'><strong>ex</strong></span> <span class='ocrx_word' id='word_1_19' title='bbox 1729 564 1840 610; x_wconf 86' lang='lat' dir='ltr'><strong>tota</strong></span> <span class='ocrx_word' id='word_1_20' title='bbox 1871 563 1915 616; x_wconf 78' lang='grc' dir='ltr'><strong>Α</strong></span> <span class='ocrx_word' id='word_1_21' title='bbox 1946 554 2089 608; x_wconf 89' lang='lat' dir='ltr'><strong>intra</strong></span> <span class='ocrx_word' id='word_1_22' title='bbox 2122 557 2436 611; x_wconf 83' lang='lat' dir='ltr'><strong>vestimenta</strong></span> <span class='ocrx_word' id='word_1_23' title='bbox 2464 572 2660 627; x_wconf 86' lang='lat' dir='ltr'><strong>corpus</strong></span> <span class='ocrx_word' id='word_1_24' title='bbox 2692 569 2806 620; x_wconf 83' lang='lat' dir='ltr'><strong>est,</strong></span> <span class='ocrx_word' id='word_1_25' title='bbox 2849 563 2987 617; x_wconf 86' lang='lat' dir='ltr'><strong>sicut</strong></span> <span class='ocrx_word' id='word_1_26' title='bbox 3017 564 3157 619; x_wconf 88' lang='lat' dir='ltr'><strong>intra</strong></span> <span class='ocrx_word' id='word_1_27' title='bbox 3188 571 3509 629; x_wconf 74' lang='lat' dir='ltr'><strong>exteriorem</strong></span> 
     </span>
    </p>
   </div>
   <div class='ocr_carea' id='block_1_5' title="bbox 266 644 1840 717">
    <p class='ocr_par' dir='ltr' id='par_1_5' title="bbox 266 644 1840 717">
     <span class='ocr_line' id='line_1_5' title="bbox 266 644 1840 717; baseline 0.001 -18"><span class='ocrx_word' id='word_1_28' title='bbox 266 644 582 700; x_wconf 73' lang='lat' dir='ltr'><strong>fortitudine</strong></span> <span class='ocrx_word' id='word_1_29' title='bbox 624 653 714 700; x_wconf 84' lang='lat' dir='ltr'><strong>tua</strong></span> <span class='ocrx_word' id='word_1_30' title='bbox 747 645 926 713; x_wconf 82' lang='lat' dir='ltr'><strong>(Deut.</strong></span> <span class='ocrx_word' id='word_1_31' title='bbox 966 648 1062 717; x_wconf 84' lang='lat' dir='ltr'><strong>vi).</strong></span> <span class='ocrx_word' id='word_1_32' title='bbox 1109 667 1127 700; x_wconf 77' lang='grc' dir='ltr'><strong><em>ι</em></strong></span> <span class='ocrx_word' id='word_1_33' title='bbox 1163 648 1369 716; x_wconf 88' lang='lat' dir='ltr'><strong>Corpus</strong></span> <span class='ocrx_word' id='word_1_34' title='bbox 1394 656 1573 702; x_wconf 89' lang='lat' dir='ltr'><strong>autem</strong></span> <span class='ocrx_word' id='word_1_35' title='bbox 1602 661 1669 700; x_wconf 80' lang='lat' dir='ltr'><strong>ex</strong></span> <span class='ocrx_word' id='word_1_36' title='bbox 1707 661 1840 715; x_wconf 83' lang='lat' dir='ltr'><strong>qua-</strong></span> 
     </span>
    </p>
   </div>
   <div class='ocr_carea' id='block_1_6' title="bbox 267 738 1839 807">
    <p class='ocr_par' dir='ltr' id='par_1_6' title="bbox 267 738 1839 807">
     <span class='ocr_line' id='line_1_6' title="bbox 267 738 1839 807; baseline -0.001 -14"><span class='ocrx_word' id='word_1_37' title='bbox 267 747 392 793; x_wconf 90' lang='lat' dir='ltr'><strong>tuor</strong></span> <span class='ocrx_word' id='word_1_38' title='bbox 418 738 713 793; x_wconf 79' lang='lat' dir='ltr'><strong>notissimis</strong></span> <span class='ocrx_word' id='word_1_39' title='bbox 734 748 943 792; x_wconf 82' lang='lat' dir='ltr'><strong>constat</strong></span> <span class='ocrx_word' id='word_1_40' title='bbox 974 740 1271 793; x_wconf 70' lang='lat' dir='ltr'><strong>elementis.</strong></span> <span class='ocrx_word' id='word_1_41' title='bbox 1308 739 1460 793; x_wconf 87' lang='lat' dir='ltr'><strong>Hunc</strong></span> <span class='ocrx_word' id='word_1_42' title='bbox 1491 739 1634 793; x_wconf 91' lang='lat' dir='ltr'><strong>enim</strong></span> <span class='ocrx_word' id='word_1_43' title='bbox 1664 746 1839 807; x_wconf 82' lang='lat' dir='ltr'><strong>septe-</strong></span> 
     </span>
    </p>
   </div>
   <div class='ocr_carea' id='block_1_7' title="bbox 265 827 1837 889">
    <p class='ocr_par' dir='ltr' id='par_1_7' title="bbox 265 827 1837 889">
     <span class='ocr_line' id='line_1_7' title="bbox 265 827 1837 889; baseline 0.001 -8"><span class='ocrx_word' id='word_1_44' title='bbox 265 827 499 889; x_wconf 87' lang='lat' dir='ltr'><strong>narium,</strong></span> <span class='ocrx_word' id='word_1_45' title='bbox 532 827 577 881; x_wconf 89' lang='lat' dir='ltr'><strong>si</strong></span> <span class='ocrx_word' id='word_1_46' title='bbox 623 830 857 881; x_wconf 88' lang='lat' dir='ltr'><strong>ternario</strong></span> <span class='ocrx_word' id='word_1_47' title='bbox 899 844 1122 883; x_wconf 89' lang='lat' dir='ltr'><strong>numero</strong></span> <span class='ocrx_word' id='word_1_48' title='bbox 1167 829 1323 882; x_wconf 87' lang='lat' dir='ltr'><strong>fidem</strong></span> <span class='ocrx_word' id='word_1_49' title='bbox 1357 838 1411 883; x_wconf 77' lang='lat' dir='ltr'><strong>et</strong></span> <span class='ocrx_word' id='word_1_50' title='bbox 1445 829 1837 884; x_wconf 80' lang='lat' dir='ltr'><strong>confessionem</strong></span> 
     </span>
    </p>
   </div>
   <div class='ocr_carea' id='block_1_8' title="bbox 264 912 1837 985">
    <p class='ocr_par' dir='ltr' id='par_1_8' title="bbox 264 912 1837 985">
     <span class='ocr_line' id='line_1_8' title="bbox 264 912 1837 985; baseline 0.003 -18"><span class='ocrx_word' id='word_1_51' title='bbox 264 924 467 968; x_wconf 63' lang='lat' dir='ltr'><strong>sanctis</strong></span> <span class='ocrx_word' id='word_1_52' title='bbox 507 912 785 970; x_wconf 76' lang='lat' dir='ltr'><strong>Trinitatis</strong></span> <span class='ocrx_word' id='word_1_53' title='bbox 827 917 1149 985; x_wconf 78' lang='lat' dir='ltr'><strong>exprimenti</strong></span> <span class='ocrx_word' id='word_1_54' title='bbox 1189 918 1518 985; x_wconf 80' lang='lat' dir='ltr'><strong>adjunxeris,</strong></span> <span class='ocrx_word' id='word_1_55' title='bbox 1560 919 1837 972; x_wconf 83' lang='lat' dir='ltr'><strong>denarium</strong></span> 
     </span>
    </p>
   </div>
   <div class='ocr_carea' id='block_1_9' title="bbox 262 1005 1268 1075">
    <p class='ocr_par' dir='ltr' id='par_1_9' title="bbox 262 1005 1268 1075">
     <span class='ocr_line' id='line_1_9' title="bbox 262 1005 1268 1075; baseline 0.001 -17"><span class='ocrx_word' id='word_1_56' title='bbox 262 1005 368 1059; x_wconf 88' lang='lat' dir='ltr'><strong>rite</strong></span> <span class='ocrx_word' id='word_1_57' title='bbox 391 1006 705 1075; x_wconf 86' lang='lat' dir='ltr'><strong>complebis.</strong></span> <span class='ocrx_word' id='word_1_58' title='bbox 1263 1005 1268 1011; x_wconf 82' lang='grc'><em>’</em></span> 
     </span>
    </p>
   </div>
   <div class='ocr_carea' id='block_1_10' title="bbox 338 1093 1836 1167">
    <p class='ocr_par' dir='ltr' id='par_1_10' title="bbox 338 1093 1836 1167">
     <span class='ocr_line' id='line_1_10' title="bbox 338 1093 1836 1167; baseline 0.006 -21"><span class='ocrx_word' id='word_1_59' title='bbox 338 1113 358 1146; x_wconf 68' lang='grc' dir='ltr'><em>ς</em></span> <span class='ocrx_word' id='word_1_60' title='bbox 404 1093 573 1150; x_wconf 87' lang='lat' dir='ltr'><strong>Omne</strong></span> <span class='ocrx_word' id='word_1_61' title='bbox 600 1096 945 1151; x_wconf 88' lang='lat' dir='ltr'><strong>morticinum</strong></span> <span class='ocrx_word' id='word_1_62' title='bbox 974 1106 1029 1152; x_wconf 91' lang='lat' dir='ltr'><strong>et</strong></span> <span class='ocrx_word' id='word_1_63' title='bbox 1057 1107 1271 1167; x_wconf 87' lang='lat' dir='ltr'><strong>captum</strong></span> <span class='ocrx_word' id='word_1_64' title='bbox 1300 1115 1328 1152; x_wconf 91' lang='lat' dir='ltr'><strong>a</strong></span> <span class='ocrx_word' id='word_1_65' title='bbox 1358 1098 1533 1154; x_wconf 91' lang='lat' dir='ltr'><strong>bestia</strong></span> <span class='ocrx_word' id='word_1_66' title='bbox 1557 1100 1621 1155; x_wconf 92' lang='lat' dir='ltr'><strong>de</strong></span> <span class='ocrx_word' id='word_1_67' title='bbox 1648 1101 1836 1156; x_wconf 88' lang='lat' dir='ltr'><strong>avibus</strong></span> 
     </span>
    </p>
   </div>
   <div class='ocr_carea' id='block_1_11' title="bbox 266 1186 1832 1263">
    <p class='ocr_par' dir='ltr' id='par_1_11' title="bbox 266 1186 1832 1263">
     <span class='ocr_line' id='line_1_11' title="bbox 266 1186 1832 1263; baseline 0.008 -29"><span class='ocrx_word' id='word_1_68' title='bbox 266 1200 285 1234; x_wconf 70' lang='grc' dir='ltr'>ι</span> <span class='ocrx_word' id='word_1_69' title='bbox 333 1194 388 1239; x_wconf 91' lang='lat' dir='ltr'><strong>et</strong></span> <span class='ocrx_word' id='word_1_70' title='bbox 417 1186 699 1255; x_wconf 85' lang='lat' dir='ltr'><strong>pecoribus</strong></span> <span class='ocrx_word' id='word_1_71' title='bbox 722 1204 826 1242; x_wconf 90' lang='lat' dir='ltr'><strong>non</strong></span> <span class='ocrx_word' id='word_1_72' title='bbox 852 1191 1134 1245; x_wconf 87' lang='lat' dir='ltr'><strong>comedent</strong></span> <span class='ocrx_word' id='word_1_73' title='bbox 1161 1191 1487 1246; x_wconf 74' lang='lat' dir='ltr'><strong>sacerdotes.</strong></span> <span class='ocrx_word' id='word_1_74' title='bbox 1522 1212 1537 1243; x_wconf 77' lang='grc' dir='ltr'><strong>ι</strong></span> <span class='ocrx_word' id='word_1_75' title='bbox 1567 1191 1832 1263; x_wconf 75' lang='grc' dir='ltr'><strong>(Ηὶενοη.)</strong></span> 
     </span>
    </p>
   </div>
   <div class='ocr_carea' id='block_1_12' title="bbox 260 1274 1835 1350">
    <p class='ocr_par' dir='ltr' id='par_1_12' title="bbox 260 1274 1835 1350">
     <span class='ocr_line' id='line_1_12' title="bbox 260 1274 1835 1350; baseline 0.006 -23"><span class='ocrx_word' id='word_1_76' title='bbox 260 1274 329 1328; x_wconf 81' lang='lat' dir='ltr'><strong>Et</strong></span> <span class='ocrx_word' id='word_1_77' title='bbox 350 1275 501 1344; x_wconf 80' lang='lat' dir='ltr'><strong>juxta</strong></span> <span class='ocrx_word' id='word_1_78' title='bbox 528 1278 761 1331; x_wconf 82' lang='lat' dir='ltr'><strong>litteram</strong></span> <span class='ocrx_word' id='word_1_79' title='bbox 786 1279 931 1332; x_wconf 89' lang='lat' dir='ltr'><strong>omni</strong></span> <span class='ocrx_word' id='word_1_80' title='bbox 959 1281 1137 1348; x_wconf 81' lang='lat' dir='ltr'><strong>generi</strong></span> <span class='ocrx_word' id='word_1_81' title='bbox 1161 1279 1351 1344; x_wconf 89' lang='lat' dir='ltr'><strong>electo,</strong></span> <span class='ocrx_word' id='word_1_82' title='bbox 1384 1280 1548 1350; x_wconf 83' lang='lat' dir='ltr'><strong>regali</strong></span> <span class='ocrx_word' id='word_1_83' title='bbox 1574 1290 1628 1335; x_wconf 89' lang='lat' dir='ltr'><strong>et</strong></span> <span class='ocrx_word' id='word_1_84' title='bbox 1656 1297 1835 1336; x_wconf 83' lang='lat' dir='ltr'><strong>sacer-</strong></span> 
     </span>
    </p>
   </div>
   <div class='ocr_carea' id='block_1_13' title="bbox 257 1366 1827 1446">
    <p class='ocr_par' dir='ltr' id='par_1_13' title="bbox 257 1366 1827 1446">
     <span class='ocr_line' id='line_1_13' title="bbox 257 1366 1827 1446; baseline 0.006 -26"><span class='ocrx_word' id='word_1_85' title='bbox 257 1366 454 1432; x_wconf 85' lang='lat' dir='ltr'><strong>dotali,</strong></span> <span class='ocrx_word' id='word_1_86' title='bbox 508 1370 651 1438; x_wconf 90' lang='lat' dir='ltr'><strong>quod</strong></span> <span class='ocrx_word' id='word_1_87' title='bbox 700 1372 914 1439; x_wconf 84' lang='lat' dir='ltr'><strong>prOprie</strong></span> <span class='ocrx_word' id='word_1_88' title='bbox 964 1372 1027 1425; x_wconf 90' lang='lat' dir='ltr'><strong>ad</strong></span> <span class='ocrx_word' id='word_1_89' title='bbox 1078 1372 1413 1428; x_wconf 87' lang='lat' dir='ltr'><strong>Christianos</strong></span> <span class='ocrx_word' id='word_1_90' title='bbox 1456 1374 1690 1429; x_wconf 82' lang='lat' dir='ltr'><strong>refertur</strong></span> <span class='ocrx_word' id='word_1_91' title='bbox 1739 1379 1827 1446; x_wconf 86' lang='lat' dir='ltr'><strong>qui</strong></span> 
     </span>
    </p>
   </div>
   <div class='ocr_carea' id='block_1_14' title="bbox 255 1458 1831 1531">
    <p class='ocr_par' dir='ltr' id='par_1_14' title="bbox 255 1458 1831 1531">
     <span class='ocr_line' id='line_1_14' title="bbox 255 1458 1831 1531; baseline 0.008 -22"><span class='ocrx_word' id='word_1_92' title='bbox 255 1458 405 1511; x_wconf 89' lang='lat' dir='ltr'><strong>uncti</strong></span> <span class='ocrx_word' id='word_1_93' title='bbox 434 1469 560 1513; x_wconf 91' lang='lat' dir='ltr'><strong>sunt</strong></span> <span class='ocrx_word' id='word_1_94' title='bbox 577 1459 694 1513; x_wconf 87' lang='lat' dir='ltr'><strong>oleo</strong></span> <span class='ocrx_word' id='word_1_95' title='bbox 717 1462 941 1529; x_wconf 72' lang='lat' dir='ltr'><strong>spiritali</strong></span> <span class='ocrx_word' id='word_1_96' title='bbox 969 1463 1032 1515; x_wconf 83' lang='lat' dir='ltr'><strong>de</strong></span> <span class='ocrx_word' id='word_1_97' title='bbox 1053 1476 1160 1530; x_wconf 88' lang='lat' dir='ltr'><strong>quo</strong></span> <span class='ocrx_word' id='word_1_98' title='bbox 1181 1463 1436 1531; x_wconf 89' lang='lat' dir='ltr'><strong>scriptum</strong></span> <span class='ocrx_word' id='word_1_99' title='bbox 1458 1472 1539 1517; x_wconf 91' lang='lat' dir='ltr'><strong>est</strong></span> <span class='ocrx_word' id='word_1_100' title='bbox 1565 1481 1579 1529; x_wconf 87' lang='lat'><strong>;</strong></span> <span class='ocrx_word' id='word_1_101' title='bbox 1614 1485 1631 1517; x_wconf 89' lang='grc'><strong><em>‹</em></strong></span> <span class='ocrx_word' id='word_1_102' title='bbox 1664 1466 1831 1522; x_wconf 85' lang='lat' dir='ltr'><strong>Unxit</strong></span> 
     </span>
    </p>
   </div>
   <div class='ocr_carea' id='block_1_15' title="bbox 255 1548 1824 1627">
    <p class='ocr_par' dir='ltr' id='par_1_15' title="bbox 255 1548 1824 1627">
     <span class='ocr_line' id='line_1_15' title="bbox 255 1548 1824 1627; baseline 0.007 -27"><span class='ocrx_word' id='word_1_103' title='bbox 255 1555 309 1601; x_wconf 88' lang='lat' dir='ltr'><strong>te</strong></span> <span class='ocrx_word' id='word_1_104' title='bbox 339 1548 479 1602; x_wconf 89' lang='lat' dir='ltr'><strong>Deus</strong></span> <span class='ocrx_word' id='word_1_105' title='bbox 510 1549 650 1603; x_wconf 87' lang='lat' dir='ltr'><strong>Deus</strong></span> <span class='ocrx_word' id='word_1_106' title='bbox 691 1558 810 1604; x_wconf 90' lang='lat' dir='ltr'><strong>tuus</strong></span> <span class='ocrx_word' id='word_1_107' title='bbox 849 1551 966 1606; x_wconf 86' lang='lat' dir='ltr'><strong>oleo</strong></span> <span class='ocrx_word' id='word_1_108' title='bbox 995 1553 1373 1608; x_wconf 77' lang='lat' dir='ltr'><strong>exsultationis</strong></span> <span class='ocrx_word' id='word_1_109' title='bbox 1400 1570 1509 1623; x_wconf 73' lang='lat' dir='ltr'><strong>prm</strong></span> <span class='ocrx_word' id='word_1_110' title='bbox 1546 1557 1824 1627; x_wconf 86' lang='lat' dir='ltr'><strong>participi-</strong></span> 
     </span>
    </p>
   </div>
   <div class='ocr_carea' id='block_1_16' title="bbox 252 1634 1827 1712">
    <p class='ocr_par' dir='ltr' id='par_1_16' title="bbox 252 1634 1827 1712">
     <span class='ocr_line' id='line_1_16' title="bbox 252 1634 1827 1712; baseline 0.006 -22"><span class='ocrx_word' id='word_1_111' title='bbox 252 1634 356 1690; x_wconf 87' lang='lat' dir='ltr'><strong>bus</strong></span> <span class='ocrx_word' id='word_1_112' title='bbox 382 1637 485 1691; x_wconf 87' lang='lat' dir='ltr'><strong>tuis</strong></span> <span class='ocrx_word' id='word_1_113' title='bbox 511 1637 681 1709; x_wconf 78' lang='lat' dir='ltr'><strong>(Psat.</strong></span> <span class='ocrx_word' id='word_1_114' title='bbox 716 1638 860 1709; x_wconf 64' lang='grc' dir='ltr'><strong>κων)</strong></span> <span class='ocrx_word' id='word_1_115' title='bbox 882 1681 895 1704; x_wconf 90' lang='grc'>,</span> <span class='ocrx_word' id='word_1_116' title='bbox 926 1659 944 1691; x_wconf 86' lang='grc'><strong>›</strong></span> <span class='ocrx_word' id='word_1_117' title='bbox 985 1642 1099 1695; x_wconf 84' lang='lat' dir='ltr'><strong>haec</strong></span> <span class='ocrx_word' id='word_1_118' title='bbox 1130 1652 1393 1712; x_wconf 84' lang='lat' dir='ltr'><strong>praecepta</strong></span> <span class='ocrx_word' id='word_1_119' title='bbox 1421 1646 1744 1699; x_wconf 85' lang='lat' dir='ltr'><strong>conveniunt</strong></span> <span class='ocrx_word' id='word_1_120' title='bbox 1771 1656 1827 1701; x_wconf 89' lang='lat' dir='ltr'><strong>ut</strong></span> 
     </span>
    </p>
   </div>
   <div class='ocr_carea' id='block_1_17' title="bbox 250 1725 1824 1805">
    <p class='ocr_par' dir='ltr' id='par_1_17' title="bbox 250 1725 1824 1805">
     <span class='ocr_line' id='line_1_17' title="bbox 250 1725 1824 1805; baseline 0.009 -28"><span class='ocrx_word' id='word_1_121' title='bbox 250 1725 596 1780; x_wconf 88' lang='lat' dir='ltr'><strong>morticinum</strong></span> <span class='ocrx_word' id='word_1_122' title='bbox 634 1743 739 1781; x_wconf 89' lang='lat' dir='ltr'><strong>non</strong></span> <span class='ocrx_word' id='word_1_123' title='bbox 785 1730 1033 1784; x_wconf 86' lang='lat' dir='ltr'><strong>comedat</strong></span> <span class='ocrx_word' id='word_1_124' title='bbox 1077 1740 1181 1784; x_wconf 91' lang='lat' dir='ltr'><strong>tam</strong></span> <span class='ocrx_word' id='word_1_125' title='bbox 1233 1733 1296 1787; x_wconf 86' lang='lat' dir='ltr'><strong>de</strong></span> <span class='ocrx_word' id='word_1_126' title='bbox 1334 1735 1522 1789; x_wconf 87' lang='lat' dir='ltr'><strong>avibus</strong></span> <span class='ocrx_word' id='word_1_127' title='bbox 1560 1752 1718 1805; x_wconf 90' lang='lat' dir='ltr'><strong>quam</strong></span> <span class='ocrx_word' id='word_1_128' title='bbox 1760 1739 1824 1791; x_wconf 90' lang='lat' dir='ltr'><strong>de</strong></span> 
     </span>
    </p>
   </div>
   <div class='ocr_carea' id='block_1_18' title="bbox 245 1820 1818 1895">
    <p class='ocr_par' dir='ltr' id='par_1_18' title="bbox 245 1820 1818 1895">
     <span class='ocr_line' id='line_1_18' title="bbox 245 1820 1818 1895; baseline 0.008 -25"><span class='ocrx_word' id='word_1_129' title='bbox 245 1820 565 1888; x_wconf 80' lang='lat' dir='ltr'><strong>pecoribus,</strong></span> <span class='ocrx_word' id='word_1_130' title='bbox 617 1820 767 1887; x_wconf 86' lang='lat' dir='ltr'><strong>cujus</strong></span> <span class='ocrx_word' id='word_1_131' title='bbox 810 1837 1148 1892; x_wconf 82' lang='lat' dir='ltr'><strong>nequaquam</strong></span> <span class='ocrx_word' id='word_1_132' title='bbox 1192 1827 1411 1895; x_wconf 79' lang='lat' dir='ltr'><strong>sanguis</strong></span> <span class='ocrx_word' id='word_1_133' title='bbox 1454 1825 1655 1881; x_wconf 87' lang='lat' dir='ltr'><strong>effusus</strong></span> <span class='ocrx_word' id='word_1_134' title='bbox 1695 1839 1777 1882; x_wconf 87' lang='lat' dir='ltr'><strong>est</strong></span> <span class='ocrx_word' id='word_1_135' title='bbox 1804 1870 1818 1894; x_wconf 93' lang='lat'><strong>,</strong></span> 
     </span>
    </p>
   </div>
   <div class='ocr_carea' id='block_1_19' title="bbox 244 1908 1899 1986">
    <p class='ocr_par' dir='ltr' id='par_1_19' title="bbox 244 1908 1899 1986">
     <span class='ocr_line' id='line_1_19' title="bbox 244 1908 1899 1986; baseline 0.008 -27"><span class='ocrx_word' id='word_1_136' title='bbox 244 1908 392 1977; x_wconf 87' lang='lat' dir='ltr'><strong>quod</strong></span> <span class='ocrx_word' id='word_1_137' title='bbox 419 1909 471 1962; x_wconf 93' lang='lat' dir='ltr'><strong>in</strong></span> <span class='ocrx_word' id='word_1_138' title='bbox 498 1908 721 1965; x_wconf 86' lang='lat' dir='ltr'><strong>Actibus</strong></span> <span class='ocrx_word' id='word_1_139' title='bbox 751 1913 1110 1981; x_wconf 83' lang='lat' dir='ltr'><strong>apostolorum</strong></span> <span class='ocrx_word' id='word_1_140' title='bbox 1144 1912 1283 1984; x_wconf 84' lang='lat' dir='ltr'><strong>(Act.</strong></span> <span class='ocrx_word' id='word_1_141' title='bbox 1318 1917 1407 1986; x_wconf 85' lang='lat' dir='ltr'><strong>xv)</strong></span> <span class='ocrx_word' id='word_1_142' title='bbox 1436 1918 1633 1972; x_wconf 90' lang='lat' dir='ltr'><strong>dicitur</strong></span> <span class='ocrx_word' id='word_1_143' title='bbox 1655 1918 1821 1973; x_wconf 80' lang='lat' dir='ltr'><strong>suffo—</strong></span> <span class='ocrx_word' id='word_1_144' title='bbox 1854 1908 1899 1964; x_wconf 82' lang='grc' dir='ltr'>Β</span> 
     </span>
    </p>
   </div>
   <div class='ocr_carea' id='block_1_20' title="bbox 244 2004 1823 2077">
    <p class='ocr_par' dir='ltr' id='par_1_20' title="bbox 244 2004 1823 2077">
     <span class='ocr_line' id='line_1_20' title="bbox 244 2004 1823 2077; baseline 0.008 -26"><span class='ocrx_word' id='word_1_145' title='bbox 244 2007 450 2061; x_wconf 86' lang='lat' dir='ltr'><strong>catum,</strong></span> <span class='ocrx_word' id='word_1_146' title='bbox 500 2007 553 2052; x_wconf 88' lang='lat' dir='ltr'><strong>et</strong></span> <span class='ocrx_word' id='word_1_147' title='bbox 590 2015 708 2069; x_wconf 67' lang='lat' dir='ltr'><strong>qua}</strong></span> <span class='ocrx_word' id='word_1_148' title='bbox 740 2004 1043 2057; x_wconf 80' lang='lat' dir='ltr'><strong>necessario</strong></span> <span class='ocrx_word' id='word_1_149' title='bbox 1080 2007 1417 2060; x_wconf 86' lang='lat' dir='ltr'><strong>observanda</strong></span> <span class='ocrx_word' id='word_1_150' title='bbox 1459 2011 1823 2077; x_wconf 83' lang='lat' dir='ltr'><strong>apostolorum</strong></span> 
     </span>
    </p>
   </div>
   <div class='ocr_carea' id='block_1_21' title="bbox 242 2085 1815 2165">
    <p class='ocr_par' dir='ltr' id='par_1_21' title="bbox 242 2085 1815 2165">
     <span class='ocr_line' id='line_1_21' title="bbox 242 2085 1815 2165; baseline 0.008 -27"><span class='ocrx_word' id='word_1_151' title='bbox 242 2085 315 2140; x_wconf 88' lang='lat' dir='ltr'><strong>de</strong></span> <span class='ocrx_word' id='word_1_152' title='bbox 363 2085 658 2143; x_wconf 81' lang='lat' dir='ltr'><strong>Jerusalem</strong></span> <span class='ocrx_word' id='word_1_153' title='bbox 694 2089 930 2159; x_wconf 85' lang='lat' dir='ltr'><strong>Epistola</strong></span> <span class='ocrx_word' id='word_1_154' title='bbox 956 2104 1156 2148; x_wconf 90' lang='lat' dir='ltr'><strong>monet.</strong></span> <span class='ocrx_word' id='word_1_155' title='bbox 1192 2094 1284 2149; x_wconf 67' lang='lat' dir='ltr'><strong>«Et</strong></span> <span class='ocrx_word' id='word_1_156' title='bbox 1306 2104 1518 2165; x_wconf 89' lang='lat' dir='ltr'><strong>captum</strong></span> <span class='ocrx_word' id='word_1_157' title='bbox 1543 2114 1571 2150; x_wconf 90' lang='lat' dir='ltr'><strong>a</strong></span> <span class='ocrx_word' id='word_1_158' title='bbox 1594 2099 1815 2163; x_wconf 61' lang='lat' dir='ltr'><strong>bestia,»</strong></span> 
     </span>
    </p>
   </div>
   <div class='ocr_carea' id='block_1_22' title="bbox 242 2176 1823 2245">
    <p class='ocr_par' dir='ltr' id='par_1_22' title="bbox 242 2176 1823 2245">
     <span class='ocr_line' id='line_1_22' title="bbox 242 2176 1823 2245; baseline 0.01 -19"><span class='ocrx_word' id='word_1_159' title='bbox 242 2176 372 2244; x_wconf 86' lang='lat' dir='ltr'><strong>quia</strong></span> <span class='ocrx_word' id='word_1_160' title='bbox 398 2185 450 2230; x_wconf 88' lang='lat' dir='ltr'><strong>et</strong></span> <span class='ocrx_word' id='word_1_161' title='bbox 476 2178 646 2245; x_wconf 89' lang='lat' dir='ltr'><strong>ipsum</strong></span> <span class='ocrx_word' id='word_1_162' title='bbox 670 2180 917 2234; x_wconf 83' lang='lat' dir='ltr'><strong>similiter</strong></span> <span class='ocrx_word' id='word_1_163' title='bbox 941 2182 1257 2238; x_wconf 83' lang='lat' dir='ltr'><strong>suffocatum</strong></span> <span class='ocrx_word' id='word_1_164' title='bbox 1285 2196 1387 2245; x_wconf 84' lang='lat' dir='ltr'><strong>est,</strong></span> <span class='ocrx_word' id='word_1_165' title='bbox 1419 2194 1473 2239; x_wconf 90' lang='lat' dir='ltr'><strong>et</strong></span> <span class='ocrx_word' id='word_1_166' title='bbox 1503 2188 1823 2243; x_wconf 88' lang='lat' dir='ltr'><strong>condemnat</strong></span> 
     </span>
    </p>
   </div>
   <div class='ocr_carea' id='block_1_23' title="bbox 241 2270 1820 2348">
    <p class='ocr_par' dir='ltr' id='par_1_23' title="bbox 241 2270 1820 2348">
     <span class='ocr_line' id='line_1_23' title="bbox 241 2270 1820 2348; baseline 0.009 -26"><span class='ocrx_word' id='word_1_167' title='bbox 241 2270 577 2334; x_wconf 85' lang='lat' dir='ltr'><strong>sacerdotes,</strong></span> <span class='ocrx_word' id='word_1_168' title='bbox 604 2271 693 2339; x_wconf 87' lang='lat' dir='ltr'><strong>qui</strong></span> <span class='ocrx_word' id='word_1_169' title='bbox 726 2272 775 2325; x_wconf 92' lang='lat' dir='ltr'><strong>in</strong></span> <span class='ocrx_word' id='word_1_170' title='bbox 808 2274 995 2338; x_wconf 87' lang='lat' dir='ltr'><strong>turdis,</strong></span> <span class='ocrx_word' id='word_1_171' title='bbox 1027 2275 1296 2341; x_wconf 88' lang='lat' dir='ltr'><strong>ficedulis,</strong></span> <span class='ocrx_word' id='word_1_172' title='bbox 1328 2278 1549 2348; x_wconf 89' lang='lat' dir='ltr'><strong>gliribus</strong></span> <span class='ocrx_word' id='word_1_173' title='bbox 1578 2289 1632 2334; x_wconf 91' lang='lat' dir='ltr'><strong>et</strong></span> <span class='ocrx_word' id='word_1_174' title='bbox 1661 2291 1820 2335; x_wconf 60' lang='lat' dir='ltr'><strong>crete—</strong></span> 
     </span>
    </p>
   </div>
   <div class='ocr_carea' id='block_1_24' title="bbox 241 2357 1815 2437">
    <p class='ocr_par' dir='ltr' id='par_1_24' title="bbox 241 2357 1815 2437">
     <span class='ocr_line' id='line_1_24' title="bbox 241 2357 1815 2437; baseline 0.01 -28"><span class='ocrx_word' id='word_1_175' title='bbox 241 2357 323 2411; x_wconf 87' lang='lat' dir='ltr'><strong>ris</strong></span> <span class='ocrx_word' id='word_1_176' title='bbox 345 2358 729 2428; x_wconf 88' lang='lat' dir='ltr'><strong>hujuscemodi.</strong></span> <span class='ocrx_word' id='word_1_177' title='bbox 762 2362 887 2417; x_wconf 66' lang='grc' dir='ltr'><strong>Ηωο</strong></span> <span class='ocrx_word' id='word_1_178' title='bbox 913 2364 1169 2420; x_wconf 82' lang='lat' dir='ltr'><strong>aviditate</strong></span> <span class='ocrx_word' id='word_1_179' title='bbox 1195 2368 1331 2437; x_wconf 60' lang='lat' dir='ltr'><strong>gulae</strong></span> <span class='ocrx_word' id='word_1_180' title='bbox 1359 2384 1461 2422; x_wconf 90' lang='lat' dir='ltr'><strong>nou</strong></span> <span class='ocrx_word' id='word_1_181' title='bbox 1487 2370 1815 2425; x_wconf 87' lang='lat' dir='ltr'><strong>custodiunt.</strong></span> 
     </span>
    </p>
   </div>
   <div class='ocr_carea' id='block_1_25' title="bbox 240 2451 1819 2532">
    <p class='ocr_par' dir='ltr' id='par_1_25' title="bbox 240 2451 1819 2532">
     <span class='ocr_line' id='line_1_25' title="bbox 240 2451 1819 2532; baseline 0.009 -27"><span class='ocrx_word' id='word_1_182' title='bbox 240 2451 537 2509; x_wconf 80' lang='lat' dir='ltr'><strong>Possumus</strong></span> <span class='ocrx_word' id='word_1_183' title='bbox 563 2466 739 2509; x_wconf 88' lang='lat' dir='ltr'><strong>autem</strong></span> <span class='ocrx_word' id='word_1_184' title='bbox 766 2454 921 2525; x_wconf 76' lang='lat' dir='ltr'><strong>juxta</strong></span> <span class='ocrx_word' id='word_1_185' title='bbox 957 2460 1217 2532; x_wconf 73' lang='grc' dir='ltr'><strong>ἀναγωγὴν</strong></span> <span class='ocrx_word' id='word_1_186' title='bbox 1259 2463 1601 2517; x_wconf 90' lang='lat' dir='ltr'><strong>morticinum</strong></span> <span class='ocrx_word' id='word_1_187' title='bbox 1638 2464 1819 2520; x_wconf 85' lang='lat' dir='ltr'><strong>dicere</strong></span> 
     </span>
    </p>
   </div>
   <div class='ocr_carea' id='block_1_26' title="bbox 240 2541 1819 2616">
    <p class='ocr_par' dir='ltr' id='par_1_26' title="bbox 240 2541 1819 2616">
     <span class='ocr_line' id='line_1_26' title="bbox 240 2541 1819 2616; baseline 0.008 -21"><span class='ocrx_word' id='word_1_188' title='bbox 240 2541 299 2595; x_wconf 89' lang='lat' dir='ltr'><strong>in</strong></span> <span class='ocrx_word' id='word_1_189' title='bbox 328 2558 435 2612; x_wconf 88' lang='lat' dir='ltr'><strong>quo</strong></span> <span class='ocrx_word' id='word_1_190' title='bbox 460 2544 652 2599; x_wconf 71' lang='lat' dir='ltr'><strong>animas</strong></span> <span class='ocrx_word' id='word_1_191' title='bbox 672 2547 891 2616; x_wconf 82' lang='lat' dir='ltr'><strong>sanguis</strong></span> <span class='ocrx_word' id='word_1_192' title='bbox 914 2559 1158 2603; x_wconf 89' lang='lat' dir='ltr'><strong>mortuus</strong></span> <span class='ocrx_word' id='word_1_193' title='bbox 1181 2559 1285 2615; x_wconf 90' lang='lat' dir='ltr'><strong>est,</strong></span> <span class='ocrx_word' id='word_1_194' title='bbox 1310 2559 1365 2605; x_wconf 90' lang='lat' dir='ltr'><strong>et</strong></span> <span class='ocrx_word' id='word_1_195' title='bbox 1390 2551 1632 2606; x_wconf 84' lang='lat' dir='ltr'><strong>imitatur</strong></span> <span class='ocrx_word' id='word_1_196' title='bbox 1652 2553 1819 2608; x_wconf 81' lang='lat' dir='ltr'><strong>Nabal</strong></span> 
     </span>
    </p>
   </div>
   <div class='ocr_carea' id='block_1_27' title="bbox 237 2629 1818 2705">
    <p class='ocr_par' dir='ltr' id='par_1_27' title="bbox 237 2629 1818 2705">
     <span class='ocr_line' id='line_1_27' title="bbox 237 2629 1818 2705; baseline 0.006 -19"><span class='ocrx_word' id='word_1_197' title='bbox 237 2629 548 2686; x_wconf 88' lang='lat' dir='ltr'><strong>Carmelum</strong></span> <span class='ocrx_word' id='word_1_198' title='bbox 579 2634 667 2703; x_wconf 90' lang='lat' dir='ltr'><strong>qui</strong></span> <span class='ocrx_word' id='word_1_199' title='bbox 714 2635 1099 2705; x_wconf 85' lang='lat' dir='ltr'><strong>interpretatur</strong></span> <span class='ocrx_word' id='word_1_200' title='bbox 1137 2638 1359 2704; x_wconf 80' lang='lat' dir='ltr'><strong>stultus,</strong></span> <span class='ocrx_word' id='word_1_201' title='bbox 1409 2650 1464 2694; x_wconf 88' lang='lat' dir='ltr'><strong>et</strong></span> <span class='ocrx_word' id='word_1_202' title='bbox 1504 2643 1682 2695; x_wconf 89' lang='lat' dir='ltr'><strong>audita</strong></span> <span class='ocrx_word' id='word_1_203' title='bbox 1738 2644 1818 2696; x_wconf 89' lang='lat' dir='ltr'><strong>ira</strong></span> 
     </span>
    </p>
   </div>
   <div class='ocr_carea' id='block_1_28' title="bbox 237 2720 1817 2801">
    <p class='ocr_par' dir='ltr' id='par_1_28' title="bbox 237 2720 1817 2801">
     <span class='ocr_line' id='line_1_28' title="bbox 237 2720 1817 2801; baseline 0.008 -27"><span class='ocrx_word' id='word_1_204' title='bbox 237 2720 408 2775; x_wconf 86' lang='lat' dir='ltr'><strong>David</strong></span> <span class='ocrx_word' id='word_1_205' title='bbox 439 2737 636 2791; x_wconf 84' lang='lat' dir='ltr'><strong>pavore</strong></span> <span class='ocrx_word' id='word_1_206' title='bbox 675 2728 1036 2793; x_wconf 87' lang='lat' dir='ltr'><strong>contremuit,</strong></span> <span class='ocrx_word' id='word_1_207' title='bbox 1075 2737 1131 2783; x_wconf 91' lang='lat' dir='ltr'><strong>et</strong></span> <span class='ocrx_word' id='word_1_208' title='bbox 1160 2740 1431 2784; x_wconf 87' lang='lat' dir='ltr'><strong>mortuum</strong></span> <span class='ocrx_word' id='word_1_209' title='bbox 1464 2740 1548 2785; x_wconf 90' lang='lat' dir='ltr'><strong>est</strong></span> <span class='ocrx_word' id='word_1_210' title='bbox 1574 2747 1671 2786; x_wconf 90' lang='lat' dir='ltr'><strong>cor</strong></span> <span class='ocrx_word' id='word_1_211' title='bbox 1699 2732 1817 2801; x_wconf 87' lang='lat' dir='ltr'><strong>ejus</strong></span> 
     </span>
    </p>
   </div>
   <div class='ocr_carea' id='block_1_29' title="bbox 238 2806 1816 2891">
    <p class='ocr_par' dir='ltr' id='par_1_29' title="bbox 238 2806 1816 2891">
     <span class='ocr_line' id='line_1_29' title="bbox 238 2806 1816 2891; baseline 0.01 -31"><span class='ocrx_word' id='word_1_212' title='bbox 238 2806 296 2861; x_wconf 86' lang='lat' dir='ltr'><strong>in</strong></span> <span class='ocrx_word' id='word_1_213' title='bbox 327 2825 391 2862; x_wconf 87' lang='lat' dir='ltr'><strong>eo</strong></span> <span class='ocrx_word' id='word_1_214' title='bbox 421 2809 472 2879; x_wconf 87' lang='grc'><strong>(1</strong></span> <span class='ocrx_word' id='word_1_215' title='bbox 510 2810 632 2882; x_wconf 69' lang='lat' dir='ltr'><strong>Reg.</strong></span> <span class='ocrx_word' id='word_1_216' title='bbox 662 2814 810 2885; x_wconf 84' lang='lat' dir='ltr'><strong>xxv).</strong></span> <span class='ocrx_word' id='word_1_217' title='bbox 851 2814 1050 2885; x_wconf 85' lang='lat' dir='ltr'><strong>Captus</strong></span> <span class='ocrx_word' id='word_1_218' title='bbox 1078 2827 1259 2873; x_wconf 89' lang='lat' dir='ltr'><strong>autem</strong></span> <span class='ocrx_word' id='word_1_219' title='bbox 1288 2836 1317 2873; x_wconf 90' lang='lat' dir='ltr'><strong>a</strong></span> <span class='ocrx_word' id='word_1_220' title='bbox 1348 2820 1553 2884; x_wconf 87' lang='lat' dir='ltr'><strong>bestiis,</strong></span> <span class='ocrx_word' id='word_1_221' title='bbox 1585 2837 1816 2891; x_wconf 85' lang='lat' dir='ltr'><strong>quarum</strong></span> 
     </span>
    </p>
   </div>
   <div class='ocr_carea' id='block_1_30' title="bbox 237 2902 1812 2979">
    <p class='ocr_par' dir='ltr' id='par_1_30' title="bbox 237 2902 1812 2979">
     <span class='ocr_line' id='line_1_30' title="bbox 237 2902 1812 2979; baseline 0.01 -26"><span class='ocrx_word' id='word_1_222' title='bbox 237 2914 310 2954; x_wconf 88' lang='lat' dir='ltr'><strong>ne</strong></span> <span class='ocrx_word' id='word_1_223' title='bbox 356 2902 623 2958; x_wconf 87' lang='lat' dir='ltr'><strong>morsibus</strong></span> <span class='ocrx_word' id='word_1_224' title='bbox 668 2904 920 2971; x_wconf 86' lang='lat' dir='ltr'><strong>lanietur,</strong></span> <span class='ocrx_word' id='word_1_225' title='bbox 953 2908 1221 2978; x_wconf 83' lang='lat' dir='ltr'><strong>Propheta</strong></span> <span class='ocrx_word' id='word_1_226' title='bbox 1271 2912 1526 2979; x_wconf 83' lang='lat' dir='ltr'><strong>suspirat,</strong></span> <span class='ocrx_word' id='word_1_227' title='bbox 1577 2913 1759 2967; x_wconf 85' lang='lat' dir='ltr'><strong>dicens</strong></span> <span class='ocrx_word' id='word_1_228' title='bbox 1798 2932 1812 2968; x_wconf 89' lang='lat'><strong>:</strong></span> 
     </span>
    </p>
   </div>
   <div class='ocr_carea' id='block_1_31' title="bbox 242 2991 1808 3076">
    <p class='ocr_par' dir='ltr' id='par_1_31' title="bbox 242 2991 1808 3076">
     <span class='ocr_line' id='line_1_31' title="bbox 242 2991 1808 3076; baseline 0.011 -33"><span class='ocrx_word' id='word_1_229' title='bbox 242 3011 261 3043; x_wconf 75' lang='grc' dir='ltr'>ι</span> <span class='ocrx_word' id='word_1_230' title='bbox 309 2991 385 3047; x_wconf 84' lang='lat' dir='ltr'><strong>Ne</strong></span> <span class='ocrx_word' id='word_1_231' title='bbox 418 2995 597 3051; x_wconf 88' lang='lat' dir='ltr'><strong>tradas</strong></span> <span class='ocrx_word' id='word_1_232' title='bbox 637 2996 823 3052; x_wconf 73' lang='lat' dir='ltr'><strong>bestTis</strong></span> <span class='ocrx_word' id='word_1_233' title='bbox 859 3000 1095 3054; x_wconf 89' lang='lat' dir='ltr'><strong>animam</strong></span> <span class='ocrx_word' id='word_1_234' title='bbox 1123 3002 1467 3057; x_wconf 77' lang='lat' dir='ltr'><strong>confitentem</strong></span> <span class='ocrx_word' id='word_1_235' title='bbox 1504 3005 1596 3059; x_wconf 90' lang='lat' dir='ltr'><strong>tibi</strong></span> <span class='ocrx_word' id='word_1_236' title='bbox 1638 3003 1808 3076; x_wconf 76' lang='lat' dir='ltr'><strong>(Psal.</strong></span> 
     </span>
    </p>
   </div>
   <div class='ocr_carea' id='block_1_32' title="bbox 236 3082 1814 3160">
    <p class='ocr_par' dir='ltr' id='par_1_32' title="bbox 236 3082 1814 3160">
     <span class='ocr_line' id='line_1_32' title="bbox 236 3082 1814 3160; baseline 0.012 -26"><span class='ocrx_word' id='word_1_237' title='bbox 236 3082 454 3155; x_wconf 66' lang='lat' dir='ltr'><strong>tum),</strong></span> <span class='ocrx_word' id='word_1_238' title='bbox 488 3104 505 3134; x_wconf 80' lang='grc' dir='ltr'><strong><em>ι</em></strong></span> <span class='ocrx_word' id='word_1_239' title='bbox 565 3085 653 3141; x_wconf 89' lang='lat' dir='ltr'><strong>ille</strong></span> <span class='ocrx_word' id='word_1_240' title='bbox 691 3088 949 3143; x_wconf 85' lang='lat' dir='ltr'><strong>dicendus</strong></span> <span class='ocrx_word' id='word_1_241' title='bbox 990 3099 1101 3155; x_wconf 85' lang='lat' dir='ltr'><strong>est,</strong></span> <span class='ocrx_word' id='word_1_242' title='bbox 1164 3094 1256 3160; x_wconf 90' lang='lat' dir='ltr'><strong>qui</strong></span> <span class='ocrx_word' id='word_1_243' title='bbox 1302 3082 1595 3149; x_wconf 83' lang='lat' dir='ltr'><strong>adversarii</strong></span> <span class='ocrx_word' id='word_1_244' title='bbox 1645 3096 1814 3153; x_wconf 79' lang='lat' dir='ltr'><strong>leonis</strong></span> 
     </span>
    </p>
   </div>
   <div class='ocr_carea' id='block_1_33' title="bbox 236 3172 1810 3250">
    <p class='ocr_par' dir='ltr' id='par_1_33' title="bbox 236 3172 1810 3250">
     <span class='ocr_line' id='line_1_33' title="bbox 236 3172 1810 3250; baseline 0.011 -27"><span class='ocrx_word' id='word_1_245' title='bbox 236 3172 510 3226; x_wconf 86' lang='lat' dir='ltr'><strong>morsibus</strong></span> <span class='ocrx_word' id='word_1_246' title='bbox 540 3173 847 3241; x_wconf 86' lang='lat' dir='ltr'><strong>devoratur,</strong></span> <span class='ocrx_word' id='word_1_247' title='bbox 878 3187 930 3231; x_wconf 92' lang='lat' dir='ltr'><strong>et</strong></span> <span class='ocrx_word' id='word_1_248' title='bbox 953 3179 1139 3248; x_wconf 89' lang='lat' dir='ltr'><strong>pardi,</strong></span> <span class='ocrx_word' id='word_1_249' title='bbox 1167 3181 1259 3250; x_wconf 85' lang='lat' dir='ltr'><strong>qui</strong></span> <span class='ocrx_word' id='word_1_250' title='bbox 1288 3197 1392 3235; x_wconf 92' lang='lat' dir='ltr'><strong>non</strong></span> <span class='ocrx_word' id='word_1_251' title='bbox 1426 3193 1597 3237; x_wconf 84' lang='lat' dir='ltr'><strong>mutat</strong></span> <span class='ocrx_word' id='word_1_252' title='bbox 1633 3188 1810 3241; x_wconf 89' lang='lat' dir='ltr'><strong>varie-</strong></span> 
     </span>
    </p>
   </div>
   <div class='ocr_carea' id='block_1_34' title="bbox 1945 643 3511 716">
    <p class='ocr_par' dir='ltr' id='par_1_34' title="bbox 1945 643 3511 716">
     <span class='ocr_line' id='line_1_34' title="bbox 1945 643 3511 716; baseline 0.013 -21"><span class='ocrx_word' id='word_1_253' title='bbox 1945 643 2214 697; x_wconf 85' lang='lat' dir='ltr'><strong>hominem</strong></span> <span class='ocrx_word' id='word_1_254' title='bbox 2265 646 2422 698; x_wconf 93' lang='lat' dir='ltr'><strong>homo</strong></span> <span class='ocrx_word' id='word_1_255' title='bbox 2488 646 2726 700; x_wconf 89' lang='lat' dir='ltr'><strong>interior.</strong></span> <span class='ocrx_word' id='word_1_256' title='bbox 2780 648 3054 716; x_wconf 86' lang='lat' dir='ltr'><strong>Quomodo</strong></span> <span class='ocrx_word' id='word_1_257' title='bbox 3102 663 3279 709; x_wconf 82' lang='lat' dir='ltr'><strong>auth</strong></span> <span class='ocrx_word' id='word_1_258' title='bbox 3328 658 3511 716; x_wconf 77' lang='lat' dir='ltr'><strong>lavat?</strong></span> 
     </span>
    </p>
   </div>
   <div class='ocr_carea' id='block_1_35' title="bbox 1940 730 3507 816">
    <p class='ocr_par' dir='ltr' id='par_1_35' title="bbox 1940 730 3507 816">
     <span class='ocr_line' id='line_1_35' title="bbox 1940 730 3507 816; baseline 0.015 -35"><span class='ocrx_word' id='word_1_259' title='bbox 1940 730 2045 783; x_wconf 81' lang='lat' dir='ltr'><strong>Aut</strong></span> <span class='ocrx_word' id='word_1_260' title='bbox 2071 747 2166 800; x_wconf 88' lang='lat' dir='ltr'><strong>per</strong></span> <span class='ocrx_word' id='word_1_261' title='bbox 2190 733 2546 801; x_wconf 81' lang='lat' dir='ltr'><strong>bapt&#39;smum,</strong></span> <span class='ocrx_word' id='word_1_262' title='bbox 2585 747 2675 790; x_wconf 91' lang='lat' dir='ltr'><strong>aut</strong></span> <span class='ocrx_word' id='word_1_263' title='bbox 2705 753 2798 807; x_wconf 91' lang='lat' dir='ltr'><strong>per</strong></span> <span class='ocrx_word' id='word_1_264' title='bbox 2823 741 3201 797; x_wconf 83' lang='lat' dir='ltr'><strong>abundantiam</strong></span> <span class='ocrx_word' id='word_1_265' title='bbox 3246 744 3507 816; x_wconf 58' lang='lat' dir='ltr'><strong>iacrymaa</strong></span> 
     </span>
    </p>
   </div>
   <div class='ocr_carea' id='block_1_36' title="bbox 1943 821 3508 898">
    <p class='ocr_par' dir='ltr' id='par_1_36' title="bbox 1943 821 3508 898">
     <span class='ocr_line' id='line_1_36' title="bbox 1943 821 3508 898; baseline 0.017 -29"><span class='ocrx_word' id='word_1_266' title='bbox 1943 832 2061 870; x_wconf 90' lang='lat' dir='ltr'><strong>rum</strong></span> <span class='ocrx_word' id='word_1_267' title='bbox 2106 821 2424 876; x_wconf 87' lang='lat' dir='ltr'><strong>imitantium</strong></span> <span class='ocrx_word' id='word_1_268' title='bbox 2462 838 2629 891; x_wconf 84' lang='lat' dir='ltr'><strong>aquas</strong></span> <span class='ocrx_word' id='word_1_269' title='bbox 2670 825 3021 894; x_wconf 83' lang='lat' dir='ltr'><strong>baptismatis.</strong></span> <span class='ocrx_word' id='word_1_270' title='bbox 3060 833 3159 898; x_wconf 88' lang='lat' dir='ltr'><strong>Qui</strong></span> <span class='ocrx_word' id='word_1_271' title='bbox 3197 846 3375 891; x_wconf 88' lang='lat' dir='ltr'><strong>autem</strong></span> <span class='ocrx_word' id='word_1_272' title='bbox 3406 840 3508 895; x_wconf 86' lang='lat' dir='ltr'><strong>hoc</strong></span> 
     </span>
    </p>
   </div>
   <div class='ocr_carea' id='block_1_37' title="bbox 1942 908 3507 986">
    <p class='ocr_par' dir='ltr' id='par_1_37' title="bbox 1942 908 3507 986">
     <span class='ocr_line' id='line_1_37' title="bbox 1942 908 3507 986; baseline 0.016 -27"><span class='ocrx_word' id='word_1_273' title='bbox 1942 923 2047 961; x_wconf 90' lang='lat' dir='ltr'><strong>non</strong></span> <span class='ocrx_word' id='word_1_274' title='bbox 2077 908 2231 975; x_wconf 81' lang='lat' dir='ltr'><strong>facit,</strong></span> <span class='ocrx_word' id='word_1_275' title='bbox 2259 916 2489 981; x_wconf 78' lang='lat' dir='ltr'><strong>portibit</strong></span> <span class='ocrx_word' id='word_1_276' title='bbox 2515 916 2848 984; x_wconf 85' lang='lat' dir='ltr'><strong>iniquitatem</strong></span> <span class='ocrx_word' id='word_1_277' title='bbox 2877 936 3027 975; x_wconf 84' lang='lat' dir='ltr'><strong>suam</strong></span> <span class='ocrx_word' id='word_1_278' title='bbox 3052 964 3064 986; x_wconf 89' lang='lat'><strong>,</strong></span> <span class='ocrx_word' id='word_1_279' title='bbox 3100 927 3507 984; x_wconf 88' lang='lat' dir='ltr'><strong>retributionem</strong></span> 
     </span>
    </p>
   </div>
   <div class='ocr_carea' id='block_1_38' title="bbox 1940 999 3505 1086">
    <p class='ocr_par' dir='ltr' id='par_1_38' title="bbox 1940 999 3505 1086">
     <span class='ocr_line' id='line_1_38' title="bbox 1940 999 3505 1086; baseline 0.016 -37"><span class='ocrx_word' id='word_1_280' title='bbox 1940 999 2183 1055; x_wconf 77' lang='lat' dir='ltr'><strong>videlicet</strong></span> <span class='ocrx_word' id='word_1_281' title='bbox 2225 1002 2517 1069; x_wconf 68' lang='lat' dir='ltr'><strong>injustitias.</strong></span> <span class='ocrx_word' id='word_1_282' title='bbox 2550 1004 2640 1061; x_wconf 86' lang='lat' dir='ltr'><strong>Sic</strong></span> <span class='ocrx_word' id='word_1_283' title='bbox 2667 1009 2809 1062; x_wconf 86' lang='lat' dir='ltr'><strong>enim</strong></span> <span class='ocrx_word' id='word_1_284' title='bbox 2836 1010 3066 1065; x_wconf 85' lang='lat' dir='ltr'><strong>divinam</strong></span> <span class='ocrx_word' id='word_1_285' title='bbox 3092 1014 3425 1086; x_wconf 86' lang='lat' dir='ltr'><strong>Scripturam</strong></span> <span class='ocrx_word' id='word_1_286' title='bbox 3454 1022 3505 1074; x_wconf 89' lang='lat' dir='ltr'><strong>in</strong></span> 
     </span>
    </p>
   </div>
   <div class='ocr_carea' id='block_1_39' title="bbox 1940 1090 3501 1162">
    <p class='ocr_par' dir='ltr' id='par_1_39' title="bbox 1940 1090 3501 1162">
     <span class='ocr_line' id='line_1_39' title="bbox 1940 1090 3501 1162; baseline 0.015 -22"><span class='ocrx_word' id='word_1_287' title='bbox 1940 1090 2173 1156; x_wconf 84' lang='lat' dir='ltr'><strong>peccatis</strong></span> <span class='ocrx_word' id='word_1_288' title='bbox 2210 1106 2397 1159; x_wconf 65' lang='lat' dir='ltr'><strong>poenas</strong></span> <span class='ocrx_word' id='word_1_289' title='bbox 2440 1096 2723 1149; x_wconf 82' lang='lat' dir='ltr'><strong>restituere</strong></span> <span class='ocrx_word' id='word_1_290' title='bbox 2772 1099 3008 1153; x_wconf 79' lang='lat' dir='ltr'><strong>invenies</strong></span> <span class='ocrx_word' id='word_1_291' title='bbox 3066 1107 3501 1162; x_wconf 84' lang='lat' dir='ltr'><strong>comminantem.</strong></span> 
     </span>
    </p>
   </div>
   <div class='ocr_carea' id='block_1_40' title="bbox 1942 1179 3502 1267">
    <p class='ocr_par' dir='ltr' id='par_1_40' title="bbox 1942 1179 3502 1267">
     <span class='ocr_line' id='line_1_40' title="bbox 1942 1179 3502 1267; baseline 0.012 -34"><span class='ocrx_word' id='word_1_292' title='bbox 1942 1179 2091 1233; x_wconf 86' lang='lat' dir='ltr'><strong>Unde</strong></span> <span class='ocrx_word' id='word_1_293' title='bbox 2120 1181 2361 1237; x_wconf 82' lang='lat' dir='ltr'><strong>Ezechiel</strong></span> <span class='ocrx_word' id='word_1_294' title='bbox 2391 1186 2556 1240; x_wconf 84' lang='lat' dir='ltr'><strong>Deum</strong></span> <span class='ocrx_word' id='word_1_295' title='bbox 2587 1189 2795 1242; x_wconf 66' lang='lat' dir='ltr'><strong>liltiih’ll</strong></span> <span class='ocrx_word' id='word_1_296' title='bbox 2824 1192 3084 1244; x_wconf 80' lang='lat' dir='ltr'><strong>dicentem</strong></span> <span class='ocrx_word' id='word_1_297' title='bbox 3119 1212 3130 1245; x_wconf 91' lang='lat'><strong>:</strong></span> <span class='ocrx_word' id='word_1_298' title='bbox 3171 1214 3187 1245; x_wconf 74' lang='grc' dir='ltr'><strong><em>ι</em></strong></span> <span class='ocrx_word' id='word_1_299' title='bbox 3236 1195 3348 1249; x_wconf 81' lang='lat' dir='ltr'><strong>Non</strong></span> <span class='ocrx_word' id='word_1_300' title='bbox 3384 1214 3502 1267; x_wconf 83' lang='lat' dir='ltr'><strong>par-</strong></span> 
     </span>
    </p>
   </div>
   <div class='ocr_carea' id='block_1_41' title="bbox 1936 1273 3501 1353">
    <p class='ocr_par' dir='ltr' id='par_1_41' title="bbox 1936 1273 3501 1353">
     <span class='ocr_line' id='line_1_41' title="bbox 1936 1273 3501 1353; baseline 0.012 -29"><span class='ocrx_word' id='word_1_301' title='bbox 1936 1278 2021 1324; x_wconf 84' lang='lat' dir='ltr'><strong>cet</strong></span> <span class='ocrx_word' id='word_1_302' title='bbox 2057 1273 2243 1326; x_wconf 87' lang='lat' dir='ltr'><strong>oculus</strong></span> <span class='ocrx_word' id='word_1_303' title='bbox 2271 1290 2419 1329; x_wconf 88' lang='lat' dir='ltr'><strong>meus</strong></span> <span class='ocrx_word' id='word_1_304' title='bbox 2457 1294 2616 1346; x_wconf 85' lang='lat' dir='ltr'><strong>super</strong></span> <span class='ocrx_word' id='word_1_305' title='bbox 2651 1288 2719 1342; x_wconf 80' lang='lat' dir='ltr'><strong>te,</strong></span> <span class='ocrx_word' id='word_1_306' title='bbox 2766 1291 2817 1333; x_wconf 88' lang='lat' dir='ltr'><strong>ct</strong></span> <span class='ocrx_word' id='word_1_307' title='bbox 2850 1298 2951 1333; x_wconf 87' lang='lat' dir='ltr'><strong>non</strong></span> <span class='ocrx_word' id='word_1_308' title='bbox 2986 1286 3362 1353; x_wconf 69' lang='lat' dir='ltr'><strong>miserebitur;</strong></span> <span class='ocrx_word' id='word_1_309' title='bbox 3410 1292 3501 1342; x_wconf 79' lang='lat' dir='ltr'><strong>sed</strong></span> 
     </span>
    </p>
   </div>
   <div class='ocr_carea' id='block_1_42' title="bbox 1935 1361 3501 1435">
    <p class='ocr_par' dir='ltr' id='par_1_42' title="bbox 1935 1361 3501 1435">
     <span class='ocr_line' id='line_1_42' title="bbox 1935 1361 3501 1435; baseline 0.011 -21"><span class='ocrx_word' id='word_1_310' title='bbox 1935 1361 2051 1415; x_wconf 89' lang='lat' dir='ltr'><strong>vias</strong></span> <span class='ocrx_word' id='word_1_311' title='bbox 2083 1370 2200 1415; x_wconf 88' lang='lat' dir='ltr'><strong>tuas</strong></span> <span class='ocrx_word' id='word_1_312' title='bbox 2227 1379 2422 1433; x_wconf 87' lang='lat' dir='ltr'><strong>ponam</strong></span> <span class='ocrx_word' id='word_1_313' title='bbox 2453 1383 2612 1435; x_wconf 83' lang='lat' dir='ltr'><strong>super</strong></span> <span class='ocrx_word' id='word_1_314' title='bbox 2658 1378 2727 1431; x_wconf 83' lang='lat' dir='ltr'><strong>te,</strong></span> <span class='ocrx_word' id='word_1_315' title='bbox 2771 1382 2827 1423; x_wconf 86' lang='lat' dir='ltr'><strong>et</strong></span> <span class='ocrx_word' id='word_1_316' title='bbox 2863 1372 3287 1430; x_wconf 85' lang='lat' dir='ltr'><strong>abominationes</strong></span> <span class='ocrx_word' id='word_1_317' title='bbox 3318 1384 3420 1430; x_wconf 70' lang='lat' dir='ltr'><strong>tote</strong></span> <span class='ocrx_word' id='word_1_318' title='bbox 3450 1379 3501 1432; x_wconf 89' lang='lat' dir='ltr'><strong>in</strong></span> 
     </span>
    </p>
   </div>
   <div class='ocr_carea' id='block_1_43' title="bbox 1934 1452 2824 1528">
    <p class='ocr_par' dir='ltr' id='par_1_43' title="bbox 1934 1452 2824 1528">
     <span class='ocr_line' id='line_1_43' title="bbox 1934 1452 2824 1528; baseline 0.003 -24"><span class='ocrx_word' id='word_1_319' title='bbox 1934 1452 2111 1505; x_wconf 85' lang='lat' dir='ltr'><strong>medio</strong></span> <span class='ocrx_word' id='word_1_320' title='bbox 2133 1454 2205 1505; x_wconf 89' lang='lat' dir='ltr'><strong>tui</strong></span> <span class='ocrx_word' id='word_1_321' title='bbox 2233 1464 2391 1507; x_wconf 85' lang='lat' dir='ltr'><strong>erunt</strong></span> <span class='ocrx_word' id='word_1_322' title='bbox 2422 1455 2639 1526; x_wconf 73' lang='lat' dir='ltr'><strong>(IL&#39;zcc/i.</strong></span> <span class='ocrx_word' id='word_1_323' title='bbox 2672 1457 2766 1528; x_wconf 63' lang='lat' dir='ltr'><strong>vi}.</strong></span> <span class='ocrx_word' id='word_1_324' title='bbox 2806 1478 2824 1507; x_wconf 82' lang='lat'><strong>)</strong></span> 
     </span>
    </p>
   </div>
   <div class='ocr_carea' id='block_1_44' title="bbox 2497 1545 2924 1601">
    <p class='ocr_par' dir='ltr' id='par_1_44' title="bbox 2497 1545 2924 1601">
     <span class='ocr_line' id='line_1_44' title="bbox 2497 1545 2924 1601; baseline 0.002 -3"><span class='ocrx_word' id='word_1_325' title='bbox 2497 1545 2723 1600; x_wconf 77' lang='lat' dir='ltr'><strong>CAPUT</strong></span> <span class='ocrx_word' id='word_1_326' title='bbox 2766 1547 2924 1601; x_wconf 72' lang='lat' dir='ltr'><strong>XLV.</strong></span> 
     </span>
    </p>
   </div>
   <div class='ocr_carea' id='block_1_45' title="bbox 1932 1632 3497 1704">
    <p class='ocr_par' dir='ltr' id='par_1_45' title="bbox 1932 1632 3497 1704">
     <span class='ocr_line' id='line_1_45' title="bbox 1932 1632 3497 1704; baseline 0.008 -17"><span class='ocrx_word' id='word_1_327' title='bbox 1932 1632 2007 1687; x_wconf 82' lang='lat' dir='ltr'><strong>De</strong></span> <span class='ocrx_word' id='word_1_328' title='bbox 2031 1632 2142 1687; x_wconf 80' lang='lat' dir='ltr'><strong>loco</strong></span> <span class='ocrx_word' id='word_1_329' title='bbox 2163 1635 2507 1701; x_wconf 78' lang='lat' dir='ltr'><strong>sanctiﬁcata,</strong></span> <span class='ocrx_word' id='word_1_330' title='bbox 2532 1639 2585 1687; x_wconf 75' lang='lat' dir='ltr'><strong>in</strong></span> <span class='ocrx_word' id='word_1_331' title='bbox 2616 1654 2716 1704; x_wconf 78' lang='lat' dir='ltr'><strong>quo</strong></span> <span class='ocrx_word' id='word_1_332' title='bbox 2744 1649 2861 1689; x_wconf 74' lang='lat' dir='ltr'><strong>sunt</strong></span> <span class='ocrx_word' id='word_1_333' title='bbox 2895 1640 3087 1693; x_wconf 71' lang='lat' dir='ltr'><strong>Snnrfa</strong></span> <span class='ocrx_word' id='word_1_334' title='bbox 3136 1656 3427 1697; x_wconf 71' lang='lat' dir='ltr'><strong>sanctorum</strong></span> <span class='ocrx_word' id='word_1_335' title='bbox 3450 1659 3497 1699; x_wconf 81' lang='lat' dir='ltr'><strong>et</strong></span> 
     </span>
    </p>
   </div>
   <div class='ocr_carea' id='block_1_46' title="bbox 1998 1704 3499 1779">
    <p class='ocr_par' dir='ltr' id='par_1_46' title="bbox 1998 1704 3499 1779">
     <span class='ocr_line' id='line_1_46' title="bbox 1998 1704 3499 1779; baseline 0.007 -26"><span class='ocrx_word' id='word_1_336' title='bbox 1998 1704 2246 1755; x_wconf 77' lang='lat' dir='ltr'><strong>habitatio</strong></span> <span class='ocrx_word' id='word_1_337' title='bbox 2270 1716 2598 1779; x_wconf 71' lang='lat' dir='ltr'><strong>sanctorum;</strong></span> <span class='ocrx_word' id='word_1_338' title='bbox 2616 1710 2891 1779; x_wconf 60' lang='lat' dir='ltr'><strong>dejusfitiu</strong></span> <span class='ocrx_word' id='word_1_339' title='bbox 2905 1712 3143 1775; x_wconf 76' lang='lat' dir='ltr'><strong>ponderis</strong></span> <span class='ocrx_word' id='word_1_340' title='bbox 3158 1724 3201 1764; x_wconf 81' lang='lat' dir='ltr'><strong>et</strong></span> <span class='ocrx_word' id='word_1_341' title='bbox 3215 1730 3499 1779; x_wconf 77' lang='lat' dir='ltr'><strong>mensurar;</strong></span> 
     </span>
    </p>
   </div>
   <div class='ocr_carea' id='block_1_47' title="bbox 1996 1775 3493 1847">
    <p class='ocr_par' dir='ltr' id='par_1_47' title="bbox 1996 1775 3493 1847">
     <span class='ocr_line' id='line_1_47' title="bbox 1996 1775 3493 1847; baseline 0.007 -23"><span class='ocrx_word' id='word_1_342' title='bbox 1996 1778 2059 1825; x_wconf 80' lang='lat' dir='ltr'><strong>de</strong></span> <span class='ocrx_word' id='word_1_343' title='bbox 2080 1775 2366 1847; x_wconf 74' lang='lat' dir='ltr'><strong>qttuntitutc</strong></span> <span class='ocrx_word' id='word_1_344' title='bbox 2391 1775 2768 1847; x_wconf 68' lang='lat' dir='ltr'><strong>p_t&#39;iutit.&#39;a_:°tmt;</strong></span> <span class='ocrx_word' id='word_1_345' title='bbox 2791 1778 2851 1828; x_wconf 81' lang='lat' dir='ltr'><strong>dc</strong></span> <span class='ocrx_word' id='word_1_346' title='bbox 2881 1779 3079 1832; x_wconf 59' lang='lat' dir='ltr'><strong>duabus</strong></span> <span class='ocrx_word' id='word_1_347' title='bbox 3109 1784 3286 1847; x_wconf 69' lang='lat' dir='ltr'><strong>piimis</strong></span> <span class='ocrx_word' id='word_1_348' title='bbox 3308 1775 3493 1835; x_wconf 51' lang='lat' dir='ltr'><strong>solum;</strong></span> 
     </span>
    </p>
   </div>
   <div class='ocr_carea' id='block_1_48' title="bbox 2001 1842 3498 1920">
    <p class='ocr_par' dir='ltr' id='par_1_48' title="bbox 2001 1842 3498 1920">
     <span class='ocr_line' id='line_1_48' title="bbox 2001 1842 3498 1920; baseline 0.01 -29"><span class='ocrx_word' id='word_1_349' title='bbox 2001 1842 2428 1920; x_wconf 49' lang='lat' dir='ltr'><strong>uitalibusprinii</strong></span> <span class='ocrx_word' id='word_1_350' title='bbox 2469 1845 2672 1920; x_wconf 62' lang='lat' dir='ltr'><strong>mensis,</strong></span> <span class='ocrx_word' id='word_1_351' title='bbox 2714 1863 2820 1893; x_wconf 59' lang='lat' dir='ltr'><strong>&quot;om</strong></span> <span class='ocrx_word' id='word_1_352' title='bbox 2864 1863 2963 1897; x_wconf 79' lang='lat' dir='ltr'><strong>mm</strong></span> <span class='ocrx_word' id='word_1_353' title='bbox 3003 1842 3120 1920; x_wconf 55' lang='lat' dir='ltr'><strong>sunt</strong></span> <span class='ocrx_word' id='word_1_354' title='bbox 3162 1852 3213 1903; x_wconf 83' lang='lat' dir='ltr'><strong>in</strong></span> <span class='ocrx_word' id='word_1_355' title='bbox 3243 1848 3410 1920; x_wconf 75' lang='lat' dir='ltr'><strong>Lege;</strong></span> <span class='ocrx_word' id='word_1_356' title='bbox 3436 1854 3498 1906; x_wconf 81' lang='lat' dir='ltr'><strong>de</strong></span> 
     </span>
    </p>
   </div>
   <div class='ocr_carea' id='block_1_49' title="bbox 1996 1910 3413 1991">
    <p class='ocr_par' dir='ltr' id='par_1_49' title="bbox 1996 1910 3413 1991">
     <span class='ocr_line' id='line_1_49' title="bbox 1996 1910 3413 1991; baseline 0.011 -29"><span class='ocrx_word' id='word_1_357' title='bbox 1996 1910 2339 1963; x_wconf 75' lang='lat' dir='ltr'><strong>oblationibus</strong></span> <span class='ocrx_word' id='word_1_358' title='bbox 2370 1911 2609 1975; x_wconf 75' lang='lat' dir='ltr'><strong>PuSChtL’,</strong></span> <span class='ocrx_word' id='word_1_359' title='bbox 2640 1911 2956 1967; x_wconf 72' lang='lat' dir='ltr'><strong>Pentecostes</strong></span> <span class='ocrx_word' id='word_1_360' title='bbox 2985 1926 3033 1968; x_wconf 82' lang='lat' dir='ltr'><strong>et</strong></span> <span class='ocrx_word' id='word_1_361' title='bbox 3068 1910 3413 1991; x_wconf 57' lang='lat' dir='ltr'><strong>Scenopcyia.</strong></span> 
     </span>
    </p>
   </div>
   <div class='ocr_carea' id='block_1_50' title="bbox 1998 1998 3498 2076">
    <p class='ocr_par' dir='ltr' id='par_1_50' title="bbox 1998 1998 3498 2076">
     <span class='ocr_line' id='line_1_50' title="bbox 1998 1998 3498 2076; baseline 0.011 -26"><span class='ocrx_word' id='word_1_362' title='bbox 1998 2018 2015 2050; x_wconf 74' lang='grc' dir='ltr'>ι</span> <span class='ocrx_word' id='word_1_363' title='bbox 2063 1998 2301 2067; x_wconf 88' lang='lat' dir='ltr'><strong>Cumque</strong></span> <span class='ocrx_word' id='word_1_364' title='bbox 2328 2002 2597 2067; x_wconf 87' lang='lat' dir='ltr'><strong>coeperitis</strong></span> <span class='ocrx_word' id='word_1_365' title='bbox 2629 2010 2828 2055; x_wconf 90' lang='lat' dir='ltr'><strong>terram</strong></span> <span class='ocrx_word' id='word_1_366' title='bbox 2859 2004 3097 2059; x_wconf 80' lang='lat' dir='ltr'><strong>dividere</strong></span> <span class='ocrx_word' id='word_1_367' title='bbox 3121 2008 3171 2059; x_wconf 91' lang='lat' dir='ltr'><strong>in</strong></span> <span class='ocrx_word' id='word_1_368' title='bbox 3207 2012 3498 2076; x_wconf 84' lang='lat' dir='ltr'><strong>possessio-</strong></span> 
     </span>
    </p>
   </div>
   <div class='ocr_carea' id='block_1_51' title="bbox 1927 2092 3492 2160">
    <p class='ocr_par' dir='ltr' id='par_1_51' title="bbox 1927 2092 3492 2160">
     <span class='ocr_line' id='line_1_51' title="bbox 1927 2092 3492 2160; baseline 0.01 -18"><span class='ocrx_word' id='word_1_369' title='bbox 1927 2108 1946 2142; x_wconf 84' lang='grc'><strong>‹</strong></span> <span class='ocrx_word' id='word_1_370' title='bbox 1990 2105 2134 2157; x_wconf 89' lang='lat' dir='ltr'><strong>nem,</strong></span> <span class='ocrx_word' id='word_1_371' title='bbox 2158 2102 2402 2159; x_wconf 87' lang='lat' dir='ltr'><strong>separate</strong></span> <span class='ocrx_word' id='word_1_372' title='bbox 2434 2092 2697 2160; x_wconf 89' lang='lat' dir='ltr'><strong>primitias</strong></span> <span class='ocrx_word' id='word_1_373' title='bbox 2730 2093 2969 2158; x_wconf 91' lang='lat' dir='ltr'><strong>Domino,</strong></span> <span class='ocrx_word' id='word_1_374' title='bbox 3000 2097 3394 2153; x_wconf 77' lang='lat' dir='ltr'><strong>sanctificatum</strong></span> <span class='ocrx_word' id='word_1_375' title='bbox 3427 2102 3492 2157; x_wconf 88' lang='lat' dir='ltr'><strong>de</strong></span> 
     </span>
    </p>
   </div>
   <div class='ocr_carea' id='block_1_52' title="bbox 1927 2180 3496 2251">
    <p class='ocr_par' dir='ltr' id='par_1_52' title="bbox 1927 2180 3496 2251">
     <span class='ocr_line' id='line_1_52' title="bbox 1927 2180 3496 2251; baseline 0.009 -22"><span class='ocrx_word' id='word_1_376' title='bbox 1927 2197 1945 2229; x_wconf 83' lang='grc'>‹</span> <span class='ocrx_word' id='word_1_377' title='bbox 1992 2189 2135 2233; x_wconf 89' lang='lat' dir='ltr'><strong>terra</strong></span> <span class='ocrx_word' id='word_1_378' title='bbox 2160 2180 2508 2249; x_wconf 77' lang='lat' dir='ltr'><strong>longitudinis</strong></span> <span class='ocrx_word' id='word_1_379' title='bbox 2541 2182 2726 2250; x_wconf 80' lang='lat' dir='ltr'><strong>viginti</strong></span> <span class='ocrx_word' id='word_1_380' title='bbox 2756 2183 2990 2251; x_wconf 84' lang='lat' dir='ltr'><strong>quinque</strong></span> <span class='ocrx_word' id='word_1_381' title='bbox 3019 2186 3202 2249; x_wconf 88' lang='lat' dir='ltr'><strong>millia,</strong></span> <span class='ocrx_word' id='word_1_382' title='bbox 3234 2196 3287 2240; x_wconf 89' lang='lat' dir='ltr'><strong>et</strong></span> <span class='ocrx_word' id='word_1_383' title='bbox 3315 2187 3496 2243; x_wconf 90' lang='lat' dir='ltr'><strong>latitu-</strong></span> 
     </span>
    </p>
   </div>
   <div class='ocr_carea' id='block_1_53' title="bbox 1927 2270 3490 2332">
    <p class='ocr_par' dir='ltr' id='par_1_53' title="bbox 1927 2270 3490 2332">
     <span class='ocr_line' id='line_1_53' title="bbox 1927 2270 3490 2332; baseline 0.008 -12"><span class='ocrx_word' id='word_1_384' title='bbox 1927 2288 1945 2320; x_wconf 72' lang='grc' dir='ltr'>ί</span> <span class='ocrx_word' id='word_1_385' title='bbox 1986 2270 2126 2324; x_wconf 85' lang='lat' dir='ltr'><strong>diuis</strong></span> <span class='ocrx_word' id='word_1_386' title='bbox 2150 2270 2330 2324; x_wconf 87' lang='lat' dir='ltr'><strong>decem</strong></span> <span class='ocrx_word' id='word_1_387' title='bbox 2358 2270 2539 2323; x_wconf 89' lang='lat' dir='ltr'><strong>millia.</strong></span> <span class='ocrx_word' id='word_1_388' title='bbox 2574 2271 2979 2325; x_wconf 85' lang='lat' dir='ltr'><strong>Sanctificatum</strong></span> <span class='ocrx_word' id='word_1_389' title='bbox 3008 2275 3110 2327; x_wconf 92' lang='lat' dir='ltr'><strong>erit</strong></span> <span class='ocrx_word' id='word_1_390' title='bbox 3132 2275 3182 2328; x_wconf 92' lang='lat' dir='ltr'><strong>in</strong></span> <span class='ocrx_word' id='word_1_391' title='bbox 3206 2280 3350 2330; x_wconf 88' lang='lat' dir='ltr'><strong>omni</strong></span> <span class='ocrx_word' id='word_1_392' title='bbox 3384 2286 3490 2332; x_wconf 89' lang='lat' dir='ltr'><strong>ter-</strong></span> 
     </span>
    </p>
   </div>
   <div class='ocr_carea' id='block_1_54' title="bbox 1927 2360 3493 2429">
    <p class='ocr_par' dir='ltr' id='par_1_54' title="bbox 1927 2360 3493 2429">
     <span class='ocr_line' id='line_1_54' title="bbox 1927 2360 3493 2429; baseline 0.006 -18"><span class='ocrx_word' id='word_1_393' title='bbox 1927 2378 1945 2411; x_wconf 78' lang='grc' dir='ltr'><strong><em>ι</em></strong></span> <span class='ocrx_word' id='word_1_394' title='bbox 1990 2360 2137 2414; x_wconf 89' lang='lat' dir='ltr'><strong>mino</strong></span> <span class='ocrx_word' id='word_1_395' title='bbox 2159 2360 2273 2428; x_wconf 87' lang='lat' dir='ltr'><strong>ejus</strong></span> <span class='ocrx_word' id='word_1_396' title='bbox 2300 2376 2394 2429; x_wconf 90' lang='lat' dir='ltr'><strong>per</strong></span> <span class='ocrx_word' id='word_1_397' title='bbox 2417 2362 2718 2415; x_wconf 87' lang='lat' dir='ltr'><strong>circuitum.</strong></span> <span class='ocrx_word' id='word_1_398' title='bbox 2749 2363 2814 2416; x_wconf 80' lang='lat' dir='ltr'><strong>Et</strong></span> <span class='ocrx_word' id='word_1_399' title='bbox 2840 2362 2943 2417; x_wconf 86' lang='lat' dir='ltr'><strong>erit</strong></span> <span class='ocrx_word' id='word_1_400' title='bbox 2968 2378 3033 2418; x_wconf 78' lang='lat' dir='ltr'><strong>ex</strong></span> <span class='ocrx_word' id='word_1_401' title='bbox 3066 2366 3165 2420; x_wconf 89' lang='lat' dir='ltr'><strong>hoc</strong></span> <span class='ocrx_word' id='word_1_402' title='bbox 3191 2368 3493 2423; x_wconf 86' lang='lat' dir='ltr'><strong>sanctifica-</strong></span> 
     </span>
    </p>
   </div>
   <div class='ocr_carea' id='block_1_55' title="bbox 1928 2452 3491 2527">
    <p class='ocr_par' dir='ltr' id='par_1_55' title="bbox 1928 2452 3491 2527">
     <span class='ocr_line' id='line_1_55' title="bbox 1928 2452 3491 2527; baseline 0.007 -26"><span class='ocrx_word' id='word_1_403' title='bbox 1928 2468 1946 2501; x_wconf 72' lang='grc' dir='ltr'>ι</span> <span class='ocrx_word' id='word_1_404' title='bbox 1993 2457 2128 2514; x_wconf 88' lang='lat' dir='ltr'><strong>tum,</strong></span> <span class='ocrx_word' id='word_1_405' title='bbox 2155 2452 2475 2521; x_wconf 86' lang='lat' dir='ltr'><strong>quingentos</strong></span> <span class='ocrx_word' id='word_1_406' title='bbox 2509 2465 2607 2521; x_wconf 85' lang='lat' dir='ltr'><strong>per</strong></span> <span class='ocrx_word' id='word_1_407' title='bbox 2622 2452 2957 2523; x_wconf 85' lang='lat' dir='ltr'><strong>quingentos,</strong></span> <span class='ocrx_word' id='word_1_408' title='bbox 2983 2456 3364 2521; x_wconf 80' lang='lat' dir='ltr'><strong>quadrifariam</strong></span> <span class='ocrx_word' id='word_1_409' title='bbox 3395 2474 3491 2527; x_wconf 88' lang='lat' dir='ltr'><strong>per</strong></span> 
     </span>
    </p>
   </div>
   <div class='ocr_carea' id='block_1_56' title="bbox 1926 2543 3489 2620">
    <p class='ocr_par' dir='ltr' id='par_1_56' title="bbox 1926 2543 3489 2620">
     <span class='ocr_line' id='line_1_56' title="bbox 1926 2543 3489 2620; baseline 0.008 -27"><span class='ocrx_word' id='word_1_410' title='bbox 1926 2559 1945 2593; x_wconf 72' lang='grc' dir='ltr'>ι</span> <span class='ocrx_word' id='word_1_411' title='bbox 1987 2543 2291 2608; x_wconf 90' lang='lat' dir='ltr'><strong>circuitum,</strong></span> <span class='ocrx_word' id='word_1_412' title='bbox 2319 2552 2373 2598; x_wconf 90' lang='lat' dir='ltr'><strong>et</strong></span> <span class='ocrx_word' id='word_1_413' title='bbox 2396 2544 2779 2613; x_wconf 80' lang='lat' dir='ltr'><strong>quinquaginta</strong></span> <span class='ocrx_word' id='word_1_414' title='bbox 2810 2546 3005 2601; x_wconf 89' lang='lat' dir='ltr'><strong>cubitis</strong></span> <span class='ocrx_word' id='word_1_415' title='bbox 3034 2548 3337 2604; x_wconf 85' lang='lat' dir='ltr'><strong>suburbana</strong></span> <span class='ocrx_word' id='word_1_416' title='bbox 3373 2552 3489 2620; x_wconf 88' lang='lat' dir='ltr'><strong>ejus</strong></span> 
     </span>
    </p>
   </div>
   <div class='ocr_carea' id='block_1_57' title="bbox 1925 2632 3489 2708">
    <p class='ocr_par' dir='ltr' id='par_1_57' title="bbox 1925 2632 3489 2708">
     <span class='ocr_line' id='line_1_57' title="bbox 1925 2632 3489 2708; baseline 0.008 -27"><span class='ocrx_word' id='word_1_417' title='bbox 1925 2648 1944 2681; x_wconf 86' lang='grc'><strong>‹</strong></span> <span class='ocrx_word' id='word_1_418' title='bbox 1986 2646 2082 2700; x_wconf 89' lang='lat' dir='ltr'><strong>per</strong></span> <span class='ocrx_word' id='word_1_419' title='bbox 2110 2646 2319 2701; x_wconf 83' lang='lat' dir='ltr'><strong>gyrum.</strong></span> <span class='ocrx_word' id='word_1_420' title='bbox 2353 2632 2419 2685; x_wconf 89' lang='lat' dir='ltr'><strong>Et</strong></span> <span class='ocrx_word' id='word_1_421' title='bbox 2439 2648 2469 2686; x_wconf 88' lang='lat' dir='ltr'><strong>a</strong></span> <span class='ocrx_word' id='word_1_422' title='bbox 2498 2647 2747 2686; x_wconf 88' lang='lat' dir='ltr'><strong>mensura</strong></span> <span class='ocrx_word' id='word_1_423' title='bbox 2776 2634 2876 2688; x_wconf 88' lang='lat' dir='ltr'><strong>ista</strong></span> <span class='ocrx_word' id='word_1_424' title='bbox 2913 2637 3243 2692; x_wconf 89' lang='lat' dir='ltr'><strong>mensurabis</strong></span> <span class='ocrx_word' id='word_1_425' title='bbox 3264 2638 3489 2708; x_wconf 89' lang='lat' dir='ltr'><strong>longitu-</strong></span> 
     </span>
    </p>
   </div>
   <div class='ocr_carea' id='block_1_58' title="bbox 1925 2721 3487 2790">
    <p class='ocr_par' dir='ltr' id='par_1_58' title="bbox 1925 2721 3487 2790">
     <span class='ocr_line' id='line_1_58' title="bbox 1925 2721 3487 2790; baseline 0.007 -18"><span class='ocrx_word' id='word_1_426' title='bbox 1925 2740 1943 2772; x_wconf 86' lang='grc'><strong>‹</strong></span> <span class='ocrx_word' id='word_1_427' title='bbox 1989 2721 2166 2776; x_wconf 92' lang='lat' dir='ltr'><strong>dinem</strong></span> <span class='ocrx_word' id='word_1_428' title='bbox 2198 2721 2383 2790; x_wconf 79' lang='lat' dir='ltr'><strong>viginti</strong></span> <span class='ocrx_word' id='word_1_429' title='bbox 2420 2722 2651 2790; x_wconf 90' lang='lat' dir='ltr'><strong>quinque</strong></span> <span class='ocrx_word' id='word_1_430' title='bbox 2687 2724 3009 2788; x_wconf 86' lang='lat' dir='ltr'><strong>mlllium,et</strong></span> <span class='ocrx_word' id='word_1_431' title='bbox 3034 2725 3367 2781; x_wconf 84' lang='lat' dir='ltr'><strong>latitudinem</strong></span> <span class='ocrx_word' id='word_1_432' title='bbox 3395 2730 3487 2783; x_wconf 90' lang='lat' dir='ltr'><strong>de-</strong></span> 
     </span>
    </p>
   </div>
   <div class='ocr_carea' id='block_1_59' title="bbox 1923 2810 3483 2886">
    <p class='ocr_par' dir='ltr' id='par_1_59' title="bbox 1923 2810 3483 2886">
     <span class='ocr_line' id='line_1_59' title="bbox 1923 2810 3483 2886; baseline 0.006 -25"><span class='ocrx_word' id='word_1_433' title='bbox 1923 2828 1942 2861; x_wconf 78' lang='grc'><strong><em>‹</em></strong></span> <span class='ocrx_word' id='word_1_434' title='bbox 1986 2825 2104 2865; x_wconf 88' lang='lat' dir='ltr'><strong>cem</strong></span> <span class='ocrx_word' id='word_1_435' title='bbox 2132 2810 2375 2864; x_wconf 89' lang='lat' dir='ltr'><strong>millium.</strong></span> <span class='ocrx_word' id='word_1_436' title='bbox 2402 2811 2464 2863; x_wconf 85' lang='lat' dir='ltr'><strong>Et</strong></span> <span class='ocrx_word' id='word_1_437' title='bbox 2488 2812 2539 2864; x_wconf 92' lang='lat' dir='ltr'><strong>in</strong></span> <span class='ocrx_word' id='word_1_438' title='bbox 2577 2814 2689 2879; x_wconf 89' lang='lat' dir='ltr'><strong>ipso</strong></span> <span class='ocrx_word' id='word_1_439' title='bbox 2719 2814 2821 2865; x_wconf 90' lang='lat' dir='ltr'><strong>erit</strong></span> <span class='ocrx_word' id='word_1_440' title='bbox 2845 2814 3100 2882; x_wconf 88' lang='lat' dir='ltr'><strong>templum</strong></span> <span class='ocrx_word' id='word_1_441' title='bbox 3130 2825 3483 2886; x_wconf 87' lang='lat' dir='ltr'><strong>sanctumque</strong></span> 
     </span>
    </p>
   </div>
   <div class='ocr_carea' id='block_1_60' title="bbox 1924 2894 3484 2959">
    <p class='ocr_par' dir='ltr' id='par_1_60' title="bbox 1924 2894 3484 2959">
     <span class='ocr_line' id='line_1_60' title="bbox 1924 2894 3484 2959; baseline 0.007 -11"><span class='ocrx_word' id='word_1_442' title='bbox 1924 2915 1943 2948; x_wconf 85' lang='grc'><em>‹</em></span> <span class='ocrx_word' id='word_1_443' title='bbox 1988 2906 2324 2953; x_wconf 86' lang='lat' dir='ltr'><strong>sanctorum:</strong></span> <span class='ocrx_word' id='word_1_444' title='bbox 2343 2898 2727 2954; x_wconf 87' lang='lat' dir='ltr'><strong>sanctificatum</strong></span> <span class='ocrx_word' id='word_1_445' title='bbox 2744 2900 2810 2954; x_wconf 91' lang='lat' dir='ltr'><strong>de</strong></span> <span class='ocrx_word' id='word_1_446' title='bbox 2824 2908 2965 2955; x_wconf 89' lang='lat' dir='ltr'><strong>terra</strong></span> <span class='ocrx_word' id='word_1_447' title='bbox 2982 2894 3092 2955; x_wconf 88' lang='lat' dir='ltr'><strong>erit</strong></span> <span class='ocrx_word' id='word_1_448' title='bbox 3114 2904 3484 2959; x_wconf 86' lang='lat' dir='ltr'><strong>sacerdotibus</strong></span> 
     </span>
    </p>
   </div>
   <div class='ocr_carea' id='block_1_61' title="bbox 1922 2990 3482 3060">
    <p class='ocr_par' dir='ltr' id='par_1_61' title="bbox 1922 2990 3482 3060">
     <span class='ocr_line' id='line_1_61' title="bbox 1922 2990 3482 3060; baseline 0.005 -19"><span class='ocrx_word' id='word_1_449' title='bbox 1922 3007 1941 3041; x_wconf 74' lang='grc' dir='ltr'>ι</span> <span class='ocrx_word' id='word_1_450' title='bbox 1986 2990 2246 3045; x_wconf 89' lang='lat' dir='ltr'><strong>ministris</strong></span> <span class='ocrx_word' id='word_1_451' title='bbox 2275 2990 2560 3045; x_wconf 88' lang='lat' dir='ltr'><strong>sanctuarii</strong></span> <span class='ocrx_word' id='word_1_452' title='bbox 2588 2993 2679 3060; x_wconf 89' lang='lat' dir='ltr'><strong>qui</strong></span> <span class='ocrx_word' id='word_1_453' title='bbox 2720 2995 2981 3047; x_wconf 89' lang='lat' dir='ltr'><strong>accedunt</strong></span> <span class='ocrx_word' id='word_1_454' title='bbox 3022 2993 3091 3047; x_wconf 90' lang='lat' dir='ltr'><strong>ad</strong></span> <span class='ocrx_word' id='word_1_455' title='bbox 3124 2994 3482 3057; x_wconf 84' lang='lat' dir='ltr'><strong>ministerium</strong></span> 
     </span>
    </p>
   </div>
   <div class='ocr_carea' id='block_1_62' title="bbox 1922 3082 3482 3142">
    <p class='ocr_par' dir='ltr' id='par_1_62' title="bbox 1922 3082 3482 3142">
     <span class='ocr_line' id='line_1_62' title="bbox 1922 3082 3482 3142; baseline 0.004 -7"><span class='ocrx_word' id='word_1_456' title='bbox 1922 3102 1940 3135; x_wconf 71' lang='grc' dir='ltr'>α</span> <span class='ocrx_word' id='word_1_457' title='bbox 1984 3082 2215 3138; x_wconf 90' lang='lat' dir='ltr'><strong>Domini.</strong></span> <span class='ocrx_word' id='word_1_458' title='bbox 2253 3085 2319 3138; x_wconf 86' lang='lat' dir='ltr'><strong>Et</strong></span> <span class='ocrx_word' id='word_1_459' title='bbox 2346 3086 2450 3139; x_wconf 89' lang='lat' dir='ltr'><strong>erit</strong></span> <span class='ocrx_word' id='word_1_460' title='bbox 2471 3084 2713 3138; x_wconf 88' lang='lat' dir='ltr'><strong>eislocus</strong></span> <span class='ocrx_word' id='word_1_461' title='bbox 2745 3085 2795 3138; x_wconf 92' lang='lat' dir='ltr'><strong>in</strong></span> <span class='ocrx_word' id='word_1_462' title='bbox 2825 3085 3012 3140; x_wconf 87' lang='lat' dir='ltr'><strong>domos</strong></span> <span class='ocrx_word' id='word_1_463' title='bbox 3040 3093 3095 3140; x_wconf 83' lang='lat' dir='ltr'><strong>et</strong></span> <span class='ocrx_word' id='word_1_464' title='bbox 3144 3087 3199 3139; x_wconf 86' lang='lat' dir='ltr'><strong>in</strong></span> <span class='ocrx_word' id='word_1_465' title='bbox 3230 3096 3482 3142; x_wconf 84' lang='lat' dir='ltr'><strong>sanctua-</strong></span> 
     </span>
    </p>
   </div>
   <div class='ocr_carea' id='block_1_63' title="bbox 1922 3174 3481 3246">
    <p class='ocr_par' dir='ltr' id='par_1_63' title="bbox 1922 3174 3481 3246">
     <span class='ocr_line' id='line_1_63' title="bbox 1922 3174 3481 3246; baseline 0.004 -22"><span class='ocrx_word' id='word_1_466' title='bbox 1922 3192 1940 3224; x_wconf 75' lang='grc' dir='ltr'>ι</span> <span class='ocrx_word' id='word_1_467' title='bbox 1986 3174 2123 3227; x_wconf 90' lang='lat' dir='ltr'><strong>rium</strong></span> <span class='ocrx_word' id='word_1_468' title='bbox 2154 3174 2474 3237; x_wconf 87' lang='lat' dir='ltr'><strong>sanctitatis,</strong></span> <span class='ocrx_word' id='word_1_469' title='bbox 2505 3174 2691 3244; x_wconf 80' lang='lat' dir='ltr'><strong>viginti</strong></span> <span class='ocrx_word' id='word_1_470' title='bbox 2722 3175 2959 3243; x_wconf 89' lang='lat' dir='ltr'><strong>quinque</strong></span> <span class='ocrx_word' id='word_1_471' title='bbox 2992 3174 3159 3229; x_wconf 89' lang='lat' dir='ltr'><strong>millia</strong></span> <span class='ocrx_word' id='word_1_472' title='bbox 3189 3176 3481 3246; x_wconf 84' lang='lat' dir='ltr'><strong>longitudi-</strong></span> 
     </span>
    </p>
   </div>
   <div class='ocr_carea' id='block_1_64' title="bbox 236 3257 1818 3339">
    <p class='ocr_par' dir='ltr' id='par_1_64' title="bbox 236 3267 1811 3339">
     <span class='ocr_line' id='line_1_64' title="bbox 236 3267 1811 3339; baseline 0.011 -26"><span class='ocrx_word' id='word_1_473' title='bbox 236 3267 406 3314; x_wconf 81' lang='lat' dir='ltr'><strong>latem</strong></span> <span class='ocrx_word' id='word_1_474' title='bbox 433 3276 605 3327; x_wconf 88' lang='lat' dir='ltr'><strong>suam,</strong></span> <span class='ocrx_word' id='word_1_475' title='bbox 630 3273 684 3319; x_wconf 91' lang='lat' dir='ltr'><strong>et</strong></span> <span class='ocrx_word' id='word_1_476' title='bbox 722 3281 859 3320; x_wconf 77' lang='lat' dir='ltr'><strong>ursa:</strong></span> <span class='ocrx_word' id='word_1_477' title='bbox 891 3282 1008 3336; x_wconf 73' lang='lat' dir='ltr'><strong>quae</strong></span> <span class='ocrx_word' id='word_1_478' title='bbox 1036 3270 1202 3339; x_wconf 87' lang='lat' dir='ltr'><strong>raptis</strong></span> <span class='ocrx_word' id='word_1_479' title='bbox 1230 3272 1382 3325; x_wconf 76' lang='lat' dir='ltr'><strong>saevit</strong></span> <span class='ocrx_word' id='word_1_480' title='bbox 1409 3273 1618 3338; x_wconf 89' lang='lat' dir='ltr'><strong>catulis,</strong></span> <span class='ocrx_word' id='word_1_481' title='bbox 1653 3284 1706 3329; x_wconf 91' lang='lat' dir='ltr'><strong>et</strong></span> <span class='ocrx_word' id='word_1_482' title='bbox 1735 3275 1811 3329; x_wconf 88' lang='lat' dir='ltr'><strong>lu-</strong></span> 
     </span>
    </p>
   </div>
   <div class='ocr_carea' id='block_1_65' title="bbox 1932 3257 3477 3339">
    <p class='ocr_par' dir='ltr' id='par_1_65' title="bbox 1932 3260 3477 3333">
     <span class='ocr_line' id='line_1_65' title="bbox 1932 3260 3477 3333; baseline 0.005 -23"><span class='ocrx_word' id='word_1_483' title='bbox 1932 3278 1937 3310; x_wconf 78' lang='grc' dir='ltr'>ι</span> <span class='ocrx_word' id='word_1_484' title='bbox 1985 3261 2090 3324; x_wconf 87' lang='lat' dir='ltr'><strong>nis,</strong></span> <span class='ocrx_word' id='word_1_485' title='bbox 2120 3268 2173 3313; x_wconf 91' lang='lat' dir='ltr'><strong>et</strong></span> <span class='ocrx_word' id='word_1_486' title='bbox 2196 3261 2379 3315; x_wconf 76' lang='lat' dir='ltr'><strong>decem</strong></span> <span class='ocrx_word' id='word_1_487' title='bbox 2406 3260 2569 3314; x_wconf 90' lang='lat' dir='ltr'><strong>millia</strong></span> <span class='ocrx_word' id='word_1_488' title='bbox 2599 3261 2913 3315; x_wconf 89' lang='lat' dir='ltr'><strong>latitudinis.</strong></span> <span class='ocrx_word' id='word_1_489' title='bbox 2948 3260 3147 3315; x_wconf 71' lang='lat' dir='ltr'><strong>Levitaa</strong></span> <span class='ocrx_word' id='word_1_490' title='bbox 3179 3273 3358 3317; x_wconf 89' lang='lat' dir='ltr'><strong>autem</strong></span> <span class='ocrx_word' id='word_1_491' title='bbox 3385 3266 3477 3333; x_wconf 88' lang='lat' dir='ltr'><strong>qui</strong></span> 
     </span>
    </p>
   </div>
   <div class='ocr_carea' id='block_1_66' title="bbox 232 3350 1812 3429">
    <p class='ocr_par' dir='ltr' id='par_1_66' title="bbox 232 3350 1812 3429">
     <span class='ocr_line' id='line_1_66' title="bbox 232 3350 1812 3429; baseline 0.011 -30"><span class='ocrx_word' id='word_1_492' title='bbox 232 3360 431 3418; x_wconf 89' lang='lat' dir='ltr'><strong>porum</strong></span> <span class='ocrx_word' id='word_1_493' title='bbox 468 3350 617 3405; x_wconf 86' lang='lat' dir='ltr'><strong>rabie</strong></span> <span class='ocrx_word' id='word_1_494' title='bbox 654 3360 708 3405; x_wconf 92' lang='lat' dir='ltr'><strong>et</strong></span> <span class='ocrx_word' id='word_1_495' title='bbox 743 3351 1071 3422; x_wconf 88' lang='lat' dir='ltr'><strong>reliquarum</strong></span> <span class='ocrx_word' id='word_1_496' title='bbox 1099 3355 1425 3423; x_wconf 89' lang='lat' dir='ltr'><strong>bestiarum,</strong></span> <span class='ocrx_word' id='word_1_497' title='bbox 1468 3375 1602 3429; x_wconf 88' lang='lat' dir='ltr'><strong>quas</strong></span> <span class='ocrx_word' id='word_1_498' title='bbox 1632 3364 1685 3415; x_wconf 91' lang='lat' dir='ltr'><strong>in</strong></span> <span class='ocrx_word' id='word_1_499' title='bbox 1720 3379 1812 3416; x_wconf 90' lang='lat' dir='ltr'><strong>va-</strong></span> 
     </span>
    </p>
   </div>
   <div class='ocr_carea' id='block_1_67' title="bbox 235 3437 1810 3515">
    <p class='ocr_par' dir='ltr' id='par_1_67' title="bbox 235 3437 1810 3515">
     <span class='ocr_line' id='line_1_67' title="bbox 235 3437 1810 3515; baseline 0.011 -24"><span class='ocrx_word' id='word_1_500' title='bbox 235 3437 431 3494; x_wconf 87' lang='lat' dir='ltr'><strong>rietate</strong></span> <span class='ocrx_word' id='word_1_501' title='bbox 443 3441 740 3497; x_wconf 85' lang='lat' dir='ltr'><strong>daemonum</strong></span> <span class='ocrx_word' id='word_1_502' title='bbox 758 3446 1068 3515; x_wconf 89' lang='lat' dir='ltr'><strong>accipimus.</strong></span> <span class='ocrx_word' id='word_1_503' title='bbox 1083 3449 1223 3503; x_wconf 87' lang='lat' dir='ltr'><strong>Aves</strong></span> <span class='ocrx_word' id='word_1_504' title='bbox 1240 3458 1419 3506; x_wconf 83' lang='lat' dir='ltr'><strong>autem</strong></span> <span class='ocrx_word' id='word_1_505' title='bbox 1436 3452 1552 3507; x_wconf 90' lang='lat' dir='ltr'><strong>illas</strong></span> <span class='ocrx_word' id='word_1_506' title='bbox 1571 3453 1810 3509; x_wconf 89' lang='lat' dir='ltr'><strong>dicemus</strong></span> 
     </span>
    </p>
   </div>
   <div class='ocr_carea' id='block_1_68' title="bbox 232 3533 1808 3611">
    <p class='ocr_par' dir='ltr' id='par_1_68' title="bbox 232 3533 1808 3611">
     <span class='ocr_line' id='line_1_68' title="bbox 232 3533 1808 3611; baseline 0.009 -29"><span class='ocrx_word' id='word_1_507' title='bbox 232 3544 356 3597; x_wconf 70' lang='lat' dir='ltr'><strong>qum</strong></span> <span class='ocrx_word' id='word_1_508' title='bbox 376 3539 579 3598; x_wconf 87' lang='lat' dir='ltr'><strong>ponunt</strong></span> <span class='ocrx_word' id='word_1_509' title='bbox 596 3533 645 3585; x_wconf 90' lang='lat' dir='ltr'><strong>in</strong></span> <span class='ocrx_word' id='word_1_510' title='bbox 663 3533 799 3587; x_wconf 77' lang='lat' dir='ltr'><strong>ctelo</strong></span> <span class='ocrx_word' id='word_1_511' title='bbox 821 3550 879 3589; x_wconf 91' lang='lat' dir='ltr'><strong>os</strong></span> <span class='ocrx_word' id='word_1_512' title='bbox 899 3552 1055 3591; x_wconf 90' lang='lat' dir='ltr'><strong>suum</strong></span> <span class='ocrx_word' id='word_1_513' title='bbox 1075 3555 1087 3590; x_wconf 88' lang='lat'><strong>:</strong></span> <span class='ocrx_word' id='word_1_514' title='bbox 1113 3546 1164 3591; x_wconf 89' lang='lat' dir='ltr'><strong>et</strong></span> <span class='ocrx_word' id='word_1_515' title='bbox 1184 3538 1271 3591; x_wconf 90' lang='lat' dir='ltr'><strong>illa</strong></span> <span class='ocrx_word' id='word_1_516' title='bbox 1289 3554 1481 3607; x_wconf 89' lang='lat' dir='ltr'><strong>pecora</strong></span> <span class='ocrx_word' id='word_1_517' title='bbox 1503 3557 1620 3610; x_wconf 79' lang='lat' dir='ltr'><strong>quae</strong></span> <span class='ocrx_word' id='word_1_518' title='bbox 1642 3558 1808 3611; x_wconf 87' lang='lat' dir='ltr'><strong>prona</strong></span> 
     </span>
    </p>
   </div>
   <div class='ocr_carea' id='block_1_69' title="bbox 235 3618 1809 3701">
    <p class='ocr_par' dir='ltr' id='par_1_69' title="bbox 235 3618 1809 3701">
     <span class='ocr_line' id='line_1_69' title="bbox 235 3618 1809 3701; baseline 0.01 -30"><span class='ocrx_word' id='word_1_519' title='bbox 235 3618 292 3671; x_wconf 88' lang='lat' dir='ltr'><strong>in</strong></span> <span class='ocrx_word' id='word_1_520' title='bbox 312 3626 621 3691; x_wconf 88' lang='lat' dir='ltr'><strong>terramque</strong></span> <span class='ocrx_word' id='word_1_521' title='bbox 642 3625 915 3692; x_wconf 78' lang='lat' dir='ltr'><strong>vergentia</strong></span> <span class='ocrx_word' id='word_1_522' title='bbox 940 3627 1116 3680; x_wconf 85' lang='lat' dir='ltr'><strong>ventri</strong></span> <span class='ocrx_word' id='word_1_523' title='bbox 1141 3629 1371 3693; x_wconf 74' lang='lat' dir='ltr'><strong>tantum,</strong></span> <span class='ocrx_word' id='word_1_524' title='bbox 1392 3638 1447 3682; x_wconf 90' lang='lat' dir='ltr'><strong>et</strong></span> <span class='ocrx_word' id='word_1_525' title='bbox 1466 3630 1547 3683; x_wconf 91' lang='lat' dir='ltr'><strong>his</strong></span> <span class='ocrx_word' id='word_1_526' title='bbox 1572 3647 1690 3701; x_wconf 71' lang='lat' dir='ltr'><strong>qua:</strong></span> <span class='ocrx_word' id='word_1_527' title='bbox 1710 3633 1809 3687; x_wconf 89' lang='lat' dir='ltr'><strong>sub</strong></span> 
     </span>
    </p>
   </div>
   <div class='ocr_carea' id='block_1_70' title="bbox 230 3711 1805 3785">
    <p class='ocr_par' dir='ltr' id='par_1_70' title="bbox 230 3711 1805 3785">
     <span class='ocr_line' id='line_1_70' title="bbox 230 3711 1805 3785; baseline 0.009 -26"><span class='ocrx_word' id='word_1_528' title='bbox 230 3716 423 3761; x_wconf 84' lang='lat' dir='ltr'><strong>ventre</strong></span> <span class='ocrx_word' id='word_1_529' title='bbox 448 3718 575 3762; x_wconf 87' lang='lat' dir='ltr'><strong>sunt</strong></span> <span class='ocrx_word' id='word_1_530' title='bbox 594 3711 1050 3784; x_wconf 83' lang='lat' dir='ltr'><strong>serviunt.(Isid.)</strong></span> <span class='ocrx_word' id='word_1_531' title='bbox 1080 3714 1211 3768; x_wconf 89' lang='lat' dir='ltr'><strong>Item</strong></span> <span class='ocrx_word' id='word_1_532' title='bbox 1241 3731 1525 3785; x_wconf 71' lang='lat' dir='ltr'><strong>possumus</strong></span> <span class='ocrx_word' id='word_1_533' title='bbox 1566 3721 1805 3775; x_wconf 79' lang='lat' dir='ltr'><strong>mortici-</strong></span> 
     </span>
    </p>
   </div>
   <div class='ocr_carea' id='block_1_71' title="bbox 232 3802 1806 3875">
    <p class='ocr_par' dir='ltr' id='par_1_71' title="bbox 232 3802 1806 3875">
     <span class='ocr_line' id='line_1_71' title="bbox 232 3802 1806 3875; baseline 0.008 -25"><span class='ocrx_word' id='word_1_534' title='bbox 232 3813 363 3851; x_wconf 90' lang='lat' dir='ltr'><strong>num</strong></span> <span class='ocrx_word' id='word_1_535' title='bbox 385 3812 503 3854; x_wconf 87' lang='lat' dir='ltr'><strong>esse</strong></span> <span class='ocrx_word' id='word_1_536' title='bbox 522 3810 859 3871; x_wconf 87' lang='lat' dir='ltr'><strong>peccatorem</strong></span> <span class='ocrx_word' id='word_1_537' title='bbox 882 3802 1198 3874; x_wconf 79' lang='lat' dir='ltr'><strong>intelligere,</strong></span> <span class='ocrx_word' id='word_1_538' title='bbox 1216 3813 1399 3874; x_wconf 90' lang='lat' dir='ltr'><strong>utpote</strong></span> <span class='ocrx_word' id='word_1_539' title='bbox 1423 3809 1511 3875; x_wconf 84' lang='lat' dir='ltr'><strong>qui</strong></span> <span class='ocrx_word' id='word_1_540' title='bbox 1538 3810 1806 3863; x_wconf 86' lang='lat' dir='ltr'><strong>crudelem</strong></span> 
     </span>
    </p>
   </div>
   <div class='ocr_carea' id='block_1_72' title="bbox 228 3893 1805 3968">
    <p class='ocr_par' dir='ltr' id='par_1_72' title="bbox 228 3893 1805 3968">
     <span class='ocr_line' id='line_1_72' title="bbox 228 3893 1805 3968; baseline 0.007 -23"><span class='ocrx_word' id='word_1_541' title='bbox 228 3893 442 3964; x_wconf 82' lang='lat' dir='ltr'><strong>peccati</strong></span> <span class='ocrx_word' id='word_1_542' title='bbox 462 3895 689 3949; x_wconf 86' lang='lat' dir='ltr'><strong>sustinet</strong></span> <span class='ocrx_word' id='word_1_543' title='bbox 712 3904 962 3962; x_wconf 88' lang='lat' dir='ltr'><strong>mortem,</strong></span> <span class='ocrx_word' id='word_1_544' title='bbox 991 3912 1022 3952; x_wconf 91' lang='lat' dir='ltr'><strong>a</strong></span> <span class='ocrx_word' id='word_1_545' title='bbox 1042 3898 1230 3952; x_wconf 89' lang='lat' dir='ltr'><strong>bestiis</strong></span> <span class='ocrx_word' id='word_1_546' title='bbox 1256 3908 1435 3953; x_wconf 89' lang='lat' dir='ltr'><strong>autem</strong></span> <span class='ocrx_word' id='word_1_547' title='bbox 1462 3912 1674 3968; x_wconf 88' lang='lat' dir='ltr'><strong>captum</strong></span> <span class='ocrx_word' id='word_1_548' title='bbox 1701 3917 1805 3956; x_wconf 89' lang='lat' dir='ltr'><strong>non</strong></span> 
     </span>
    </p>
   </div>
   <div class='ocr_carea' id='block_1_73' title="bbox 232 3984 1806 4059">
    <p class='ocr_par' dir='ltr' id='par_1_73' title="bbox 232 3984 1806 4059">
     <span class='ocr_line' id='line_1_73' title="bbox 232 3984 1806 4059; baseline 0.008 -24"><span class='ocrx_word' id='word_1_549' title='bbox 232 3990 444 4037; x_wconf 88' lang='lat' dir='ltr'><strong>tantum</strong></span> <span class='ocrx_word' id='word_1_550' title='bbox 470 3984 803 4055; x_wconf 88' lang='lat' dir='ltr'><strong>simpliciter,</strong></span> <span class='ocrx_word' id='word_1_551' title='bbox 835 3988 929 4042; x_wconf 88' lang='lat' dir='ltr'><strong>sed</strong></span> <span class='ocrx_word' id='word_1_552' title='bbox 956 3986 1111 4043; x_wconf 87' lang='lat' dir='ltr'><strong>valde</strong></span> <span class='ocrx_word' id='word_1_553' title='bbox 1141 3999 1499 4059; x_wconf 89' lang='lat' dir='ltr'><strong>peccatorem,</strong></span> <span class='ocrx_word' id='word_1_554' title='bbox 1518 3992 1569 4045; x_wconf 89' lang='lat' dir='ltr'><strong>in</strong></span> <span class='ocrx_word' id='word_1_555' title='bbox 1600 4001 1806 4049; x_wconf 89' lang='lat' dir='ltr'><strong>tantum</strong></span> 
     </span>
    </p>
   </div>
   <div class='ocr_carea' id='block_1_74' title="bbox 231 4072 1805 4145">
    <p class='ocr_par' dir='ltr' id='par_1_74' title="bbox 231 4072 1805 4145">
     <span class='ocr_line' id='line_1_74' title="bbox 231 4072 1805 4145; baseline 0.009 -21"><span class='ocrx_word' id='word_1_556' title='bbox 231 4080 294 4126; x_wconf 91' lang='lat' dir='ltr'><strong>ut</strong></span> <span class='ocrx_word' id='word_1_557' title='bbox 324 4072 539 4143; x_wconf 77' lang='lat' dir='ltr'><strong>maligni</strong></span> <span class='ocrx_word' id='word_1_558' title='bbox 558 4074 610 4127; x_wconf 92' lang='lat' dir='ltr'><strong>in</strong></span> <span class='ocrx_word' id='word_1_559' title='bbox 637 4088 701 4130; x_wconf 90' lang='lat' dir='ltr'><strong>eo</strong></span> <span class='ocrx_word' id='word_1_560' title='bbox 723 4084 1010 4145; x_wconf 88' lang='lat' dir='ltr'><strong>operentur</strong></span> <span class='ocrx_word' id='word_1_561' title='bbox 1033 4078 1321 4143; x_wconf 64' lang='lat' dir='ltr'><strong>daimones,</strong></span> <span class='ocrx_word' id='word_1_562' title='bbox 1351 4081 1490 4135; x_wconf 88' lang='lat' dir='ltr'><strong>sicut</strong></span> <span class='ocrx_word' id='word_1_563' title='bbox 1517 4081 1619 4136; x_wconf 92' lang='lat' dir='ltr'><strong>fuit</strong></span> <span class='ocrx_word' id='word_1_564' title='bbox 1638 4081 1805 4139; x_wconf 86' lang='lat' dir='ltr'><strong>Judas</strong></span> 
     </span>
    </p>
   </div>
   <div class='ocr_carea' id='block_1_75' title="bbox 231 4160 1801 4234">
    <p class='ocr_par' dir='ltr' id='par_1_75' title="bbox 231 4160 1801 4234">
     <span class='ocr_line' id='line_1_75' title="bbox 231 4160 1801 4234; baseline 0.01 -21"><span class='ocrx_word' id='word_1_565' title='bbox 231 4160 325 4230; x_wconf 88' lang='lat' dir='ltr'><strong>qui</strong></span> <span class='ocrx_word' id='word_1_566' title='bbox 358 4161 573 4216; x_wconf 85' lang='lat' dir='ltr'><strong>diabolo</strong></span> <span class='ocrx_word' id='word_1_567' title='bbox 607 4163 942 4234; x_wconf 72' lang='lat' dir='ltr'><strong>ingrediente</strong></span> <span class='ocrx_word' id='word_1_568' title='bbox 979 4168 1031 4222; x_wconf 92' lang='lat' dir='ltr'><strong>in</strong></span> <span class='ocrx_word' id='word_1_569' title='bbox 1072 4170 1233 4225; x_wconf 90' lang='lat' dir='ltr'><strong>corde</strong></span> <span class='ocrx_word' id='word_1_570' title='bbox 1264 4186 1361 4225; x_wconf 88' lang='lat' dir='ltr'><strong>suo</strong></span> <span class='ocrx_word' id='word_1_571' title='bbox 1390 4171 1662 4228; x_wconf 84' lang='lat' dir='ltr'><strong>Christum</strong></span> <span class='ocrx_word' id='word_1_572' title='bbox 1692 4183 1801 4229; x_wconf 90' lang='lat' dir='ltr'><strong>tra-</strong></span> 
     </span>
    </p>
   </div>
   <div class='ocr_carea' id='block_1_76' title="bbox 230 4250 1797 4328">
    <p class='ocr_par' dir='ltr' id='par_1_76' title="bbox 230 4250 1797 4328">
     <span class='ocr_line' id='line_1_76' title="bbox 230 4250 1797 4328; baseline 0.009 -25"><span class='ocrx_word' id='word_1_573' title='bbox 230 4250 391 4316; x_wconf 88' lang='lat' dir='ltr'><strong>didit,</strong></span> <span class='ocrx_word' id='word_1_574' title='bbox 419 4250 559 4309; x_wconf 86' lang='lat' dir='ltr'><strong>sicut</strong></span> <span class='ocrx_word' id='word_1_575' title='bbox 584 4252 709 4307; x_wconf 88' lang='lat' dir='ltr'><strong>olim</strong></span> <span class='ocrx_word' id='word_1_576' title='bbox 735 4255 988 4321; x_wconf 82' lang='lat' dir='ltr'><strong>diximus,</strong></span> <span class='ocrx_word' id='word_1_577' title='bbox 1016 4272 1135 4312; x_wconf 90' lang='lat' dir='ltr'><strong>cum</strong></span> <span class='ocrx_word' id='word_1_578' title='bbox 1159 4259 1511 4328; x_wconf 88' lang='lat' dir='ltr'><strong>pollutionum</strong></span> <span class='ocrx_word' id='word_1_579' title='bbox 1539 4264 1797 4319; x_wconf 73' lang='lat' dir='ltr'><strong>sacrificia</strong></span> 
     </span>
    </p>
   </div>
   <div class='ocr_carea' id='block_1_77' title="bbox 1914 3349 3480 3421">
    <p class='ocr_par' dir='ltr' id='par_1_77' title="bbox 1914 3349 3480 3421">
     <span class='ocr_line' id='line_1_77' title="bbox 1914 3349 3480 3421; baseline 0.001 -18"><span class='ocrx_word' id='word_1_580' title='bbox 1914 3368 1933 3401; x_wconf 88' lang='grc'><em>‹</em></span> <span class='ocrx_word' id='word_1_581' title='bbox 1980 3350 2289 3403; x_wconf 88' lang='lat' dir='ltr'><strong>ministrant</strong></span> <span class='ocrx_word' id='word_1_582' title='bbox 2336 3350 2535 3413; x_wconf 91' lang='lat' dir='ltr'><strong>domui,</strong></span> <span class='ocrx_word' id='word_1_583' title='bbox 2565 3350 2664 3417; x_wconf 88' lang='lat' dir='ltr'><strong>ipsi</strong></span> <span class='ocrx_word' id='word_1_584' title='bbox 2703 3349 3053 3417; x_wconf 88' lang='lat' dir='ltr'><strong>possidebunt</strong></span> <span class='ocrx_word' id='word_1_585' title='bbox 3092 3350 3280 3421; x_wconf 77' lang='lat' dir='ltr'><strong>viginti</strong></span> <span class='ocrx_word' id='word_1_586' title='bbox 3324 3366 3480 3421; x_wconf 84' lang='lat' dir='ltr'><strong>gazo-</strong></span> 
     </span>
    </p>
   </div>
   <div class='ocr_carea' id='block_1_78' title="bbox 1913 3438 3478 3511">
    <p class='ocr_par' dir='ltr' id='par_1_78' title="bbox 1913 3438 3478 3511">
     <span class='ocr_line' id='line_1_78' title="bbox 1913 3438 3478 3511; baseline 0.003 -20"><span class='ocrx_word' id='word_1_587' title='bbox 1913 3459 1932 3491; x_wconf 86' lang='grc'><strong>‹</strong></span> <span class='ocrx_word' id='word_1_588' title='bbox 1972 3440 2235 3511; x_wconf 85' lang='lat' dir='ltr'><strong>pbylacia.</strong></span> <span class='ocrx_word' id='word_1_589' title='bbox 2267 3441 2331 3494; x_wconf 82' lang='lat' dir='ltr'><strong>Et</strong></span> <span class='ocrx_word' id='word_1_590' title='bbox 2356 3442 2749 3509; x_wconf 86' lang='lat' dir='ltr'><strong>possessionem</strong></span> <span class='ocrx_word' id='word_1_591' title='bbox 2772 3438 3005 3495; x_wconf 75' lang='lat' dir='ltr'><strong>civitatis</strong></span> <span class='ocrx_word' id='word_1_592' title='bbox 3035 3440 3230 3495; x_wconf 81' lang='lat' dir='ltr'><strong>dabitis</strong></span> <span class='ocrx_word' id='word_1_593' title='bbox 3245 3442 3478 3510; x_wconf 88' lang='lat' dir='ltr'><strong>quinque</strong></span> 
     </span>
    </p>
   </div>
   <div class='ocr_carea' id='block_1_79' title="bbox 1914 3529 3477 3600">
    <p class='ocr_par' dir='ltr' id='par_1_79' title="bbox 1914 3529 3477 3600">
     <span class='ocr_line' id='line_1_79' title="bbox 1914 3529 3477 3600; baseline 0.004 -19"><span class='ocrx_word' id='word_1_594' title='bbox 1914 3549 1931 3581; x_wconf 69' lang='grc' dir='ltr'>ς</span> <span class='ocrx_word' id='word_1_595' title='bbox 1974 3530 2207 3584; x_wconf 88' lang='lat' dir='ltr'><strong>millibus</strong></span> <span class='ocrx_word' id='word_1_596' title='bbox 2255 3530 2579 3594; x_wconf 88' lang='lat' dir='ltr'><strong>latitudinis,</strong></span> <span class='ocrx_word' id='word_1_597' title='bbox 2614 3540 2668 3585; x_wconf 90' lang='lat' dir='ltr'><strong>et</strong></span> <span class='ocrx_word' id='word_1_598' title='bbox 2702 3529 3044 3598; x_wconf 84' lang='lat' dir='ltr'><strong>longitudinis</strong></span> <span class='ocrx_word' id='word_1_599' title='bbox 3091 3532 3278 3599; x_wconf 90' lang='lat' dir='ltr'><strong>viginti</strong></span> <span class='ocrx_word' id='word_1_600' title='bbox 3324 3534 3477 3600; x_wconf 84' lang='lat' dir='ltr'><strong>quin-</strong></span> 
     </span>
    </p>
   </div>
   <div class='ocr_carea' id='block_1_80' title="bbox 1914 3619 3476 3687">
    <p class='ocr_par' dir='ltr' id='par_1_80' title="bbox 1914 3619 3476 3687">
     <span class='ocr_line' id='line_1_80' title="bbox 1914 3619 3476 3687; baseline 0.005 -19"><span class='ocrx_word' id='word_1_601' title='bbox 1914 3638 1931 3668; x_wconf 73' lang='grc' dir='ltr'><strong>ε</strong></span> <span class='ocrx_word' id='word_1_602' title='bbox 1978 3634 2078 3687; x_wconf 89' lang='lat' dir='ltr'><strong>que</strong></span> <span class='ocrx_word' id='word_1_603' title='bbox 2126 3619 2358 3673; x_wconf 80' lang='lat' dir='ltr'><strong>millibus</strong></span> <span class='ocrx_word' id='word_1_604' title='bbox 2403 3619 2693 3672; x_wconf 90' lang='lat' dir='ltr'><strong>secundum</strong></span> <span class='ocrx_word' id='word_1_605' title='bbox 2745 3620 3135 3686; x_wconf 88' lang='lat' dir='ltr'><strong>separationem</strong></span> <span class='ocrx_word' id='word_1_606' title='bbox 3185 3623 3476 3677; x_wconf 87' lang='lat' dir='ltr'><strong>sanctuarii</strong></span> 
     </span>
    </p>
   </div>
   <div class='ocr_carea' id='block_1_81' title="bbox 1913 3707 3476 3776">
    <p class='ocr_par' dir='ltr' id='par_1_81' title="bbox 1913 3707 3476 3776">
     <span class='ocr_line' id='line_1_81' title="bbox 1913 3707 3476 3776; baseline 0.006 -20"><span class='ocrx_word' id='word_1_607' title='bbox 1913 3724 1931 3756; x_wconf 90' lang='grc'><strong>‹</strong></span> <span class='ocrx_word' id='word_1_608' title='bbox 1974 3709 2119 3761; x_wconf 89' lang='lat' dir='ltr'><strong>omni</strong></span> <span class='ocrx_word' id='word_1_609' title='bbox 2156 3708 2335 3761; x_wconf 89' lang='lat' dir='ltr'><strong>domui</strong></span> <span class='ocrx_word' id='word_1_610' title='bbox 2373 3707 2548 3761; x_wconf 87' lang='lat' dir='ltr'><strong>lsrael.</strong></span> <span class='ocrx_word' id='word_1_611' title='bbox 2598 3708 2831 3776; x_wconf 87' lang='lat' dir='ltr'><strong>Principi</strong></span> <span class='ocrx_word' id='word_1_612' title='bbox 2861 3723 3073 3776; x_wconf 90' lang='lat' dir='ltr'><strong>quoque</strong></span> <span class='ocrx_word' id='word_1_613' title='bbox 3105 3709 3228 3764; x_wconf 87' lang='lat' dir='ltr'><strong>hinc</strong></span> <span class='ocrx_word' id='word_1_614' title='bbox 3260 3718 3314 3764; x_wconf 85' lang='lat' dir='ltr'><strong>ct</strong></span> <span class='ocrx_word' id='word_1_615' title='bbox 3352 3712 3476 3766; x_wconf 90' lang='lat' dir='ltr'><strong>inde</strong></span> 
     </span>
    </p>
   </div>
   <div class='ocr_carea' id='block_1_82' title="bbox 1912 3800 3477 3871">
    <p class='ocr_par' dir='ltr' id='par_1_82' title="bbox 1912 3800 3477 3871">
     <span class='ocr_line' id='line_1_82' title="bbox 1912 3800 3477 3871; baseline -0.001 -13"><span class='ocrx_word' id='word_1_616' title='bbox 1912 3823 1929 3857; x_wconf 72' lang='grc' dir='ltr'>ι</span> <span class='ocrx_word' id='word_1_617' title='bbox 1974 3805 2039 3858; x_wconf 90' lang='lat' dir='ltr'><strong>de</strong></span> <span class='ocrx_word' id='word_1_618' title='bbox 2077 3802 2410 3871; x_wconf 86' lang='lat' dir='ltr'><strong>separatione</strong></span> <span class='ocrx_word' id='word_1_619' title='bbox 2462 3801 2543 3853; x_wconf 88' lang='lat' dir='ltr'><strong>vel</strong></span> <span class='ocrx_word' id='word_1_620' title='bbox 2595 3800 2847 3869; x_wconf 88' lang='lat' dir='ltr'><strong>primitiis</strong></span> <span class='ocrx_word' id='word_1_621' title='bbox 2909 3801 3199 3854; x_wconf 87' lang='lat' dir='ltr'><strong>sanctuarii</strong></span> <span class='ocrx_word' id='word_1_622' title='bbox 3249 3803 3302 3855; x_wconf 92' lang='lat' dir='ltr'><strong>in</strong></span> <span class='ocrx_word' id='word_1_623' title='bbox 3354 3818 3477 3871; x_wconf 91' lang='lat' dir='ltr'><strong>pos-</strong></span> 
     </span>
    </p>
   </div>
   <div class='ocr_carea' id='block_1_83' title="bbox 1911 3888 3477 3959">
    <p class='ocr_par' dir='ltr' id='par_1_83' title="bbox 1911 3888 3477 3959">
     <span class='ocr_line' id='line_1_83' title="bbox 1911 3888 3477 3959; baseline 0.001 -14"><span class='ocrx_word' id='word_1_624' title='bbox 1911 3914 1929 3945; x_wconf 79' lang='grc'><strong>(</strong></span> <span class='ocrx_word' id='word_1_625' title='bbox 1970 3894 2265 3948; x_wconf 86' lang='lat' dir='ltr'><strong>sessionem</strong></span> <span class='ocrx_word' id='word_1_626' title='bbox 2312 3890 2542 3943; x_wconf 84' lang='lat' dir='ltr'><strong>civitatis</strong></span> <span class='ocrx_word' id='word_1_627' title='bbox 2602 3900 2791 3944; x_wconf 88' lang='lat' dir='ltr'><strong>contra</strong></span> <span class='ocrx_word' id='word_1_628' title='bbox 2860 3888 3049 3943; x_wconf 88' lang='lat' dir='ltr'><strong>faciem</strong></span> <span class='ocrx_word' id='word_1_629' title='bbox 3123 3893 3477 3959; x_wconf 83' lang='lat' dir='ltr'><strong>separationis</strong></span> 
     </span>
    </p>
   </div>
   <div class='ocr_carea' id='block_1_84' title="bbox 1912 3982 3474 4049">
    <p class='ocr_par' dir='ltr' id='par_1_84' title="bbox 1912 3982 3474 4049">
     <span class='ocr_line' id='line_1_84' title="bbox 1912 3982 3474 4049; baseline 0.002 -14"><span class='ocrx_word' id='word_1_630' title='bbox 1912 4003 1929 4035; x_wconf 74' lang='grc' dir='ltr'><strong><em>ι</em></strong></span> <span class='ocrx_word' id='word_1_631' title='bbox 1976 3984 2297 4047; x_wconf 88' lang='lat' dir='ltr'><strong>sanctuarii,</strong></span> <span class='ocrx_word' id='word_1_632' title='bbox 2336 3990 2390 4035; x_wconf 91' lang='lat' dir='ltr'><strong>et</strong></span> <span class='ocrx_word' id='word_1_633' title='bbox 2431 3989 2618 4034; x_wconf 88' lang='lat' dir='ltr'><strong>contra</strong></span> <span class='ocrx_word' id='word_1_634' title='bbox 2647 3982 2842 4035; x_wconf 84' lang='lat' dir='ltr'><strong>faciem</strong></span> <span class='ocrx_word' id='word_1_635' title='bbox 2876 3983 3233 4049; x_wconf 86' lang='lat' dir='ltr'><strong>possessionis</strong></span> <span class='ocrx_word' id='word_1_636' title='bbox 3271 3984 3418 4039; x_wconf 86' lang='lat' dir='ltr'><strong>urbis</strong></span> <span class='ocrx_word' id='word_1_637' title='bbox 3445 4000 3474 4038; x_wconf 89' lang='lat' dir='ltr'><strong>a</strong></span> 
     </span>
    </p>
   </div>
   <div class='ocr_carea' id='block_1_85' title="bbox 1911 4073 3475 4142">
    <p class='ocr_par' dir='ltr' id='par_1_85' title="bbox 1911 4073 3475 4142">
     <span class='ocr_line' id='line_1_85' title="bbox 1911 4073 3475 4142; baseline 0.004 -18"><span class='ocrx_word' id='word_1_638' title='bbox 1911 4092 1929 4124; x_wconf 75' lang='grc' dir='ltr'>ι</span> <span class='ocrx_word' id='word_1_639' title='bbox 1969 4075 2134 4128; x_wconf 87' lang='lat' dir='ltr'><strong>latere</strong></span> <span class='ocrx_word' id='word_1_640' title='bbox 2167 4074 2331 4127; x_wconf 84' lang='lat' dir='ltr'><strong>maris</strong></span> <span class='ocrx_word' id='word_1_641' title='bbox 2372 4088 2538 4142; x_wconf 87' lang='lat' dir='ltr'><strong>usque</strong></span> <span class='ocrx_word' id='word_1_642' title='bbox 2574 4074 2641 4127; x_wconf 89' lang='lat' dir='ltr'><strong>ad</strong></span> <span class='ocrx_word' id='word_1_643' title='bbox 2682 4087 2859 4136; x_wconf 90' lang='lat' dir='ltr'><strong>mare,</strong></span> <span class='ocrx_word' id='word_1_644' title='bbox 2893 4082 2948 4128; x_wconf 87' lang='lat' dir='ltr'><strong>et</strong></span> <span class='ocrx_word' id='word_1_645' title='bbox 2980 4073 3219 4128; x_wconf 16' lang='lat' dir='ltr'><strong>allatere</strong></span> <span class='ocrx_word' id='word_1_646' title='bbox 3253 4076 3475 4130; x_wconf 86' lang='lat' dir='ltr'><strong>orientis</strong></span> 
     </span>
    </p>
   </div>
   <div class='ocr_carea' id='block_1_86' title="bbox 1909 4144 3474 4236">
    <p class='ocr_par' dir='ltr' id='par_1_86' title="bbox 1909 4144 3474 4236">
     <span class='ocr_line' id='line_1_86' title="bbox 1909 4144 3474 4236; baseline 0.001 -18"><span class='ocrx_word' id='word_1_647' title='bbox 1909 4183 1927 4218; x_wconf 73' lang='grc' dir='ltr'>ι</span> <span class='ocrx_word' id='word_1_648' title='bbox 1972 4144 2249 4233; x_wconf 81' lang='lat' dir='ltr'><strong>usquead</strong></span> <span class='ocrx_word' id='word_1_649' title='bbox 2305 4163 2609 4229; x_wconf 89' lang='lat' dir='ltr'><strong>orientem,</strong></span> <span class='ocrx_word' id='word_1_650' title='bbox 2674 4162 3018 4232; x_wconf 86' lang='lat' dir='ltr'><strong>longitudinis</strong></span> <span class='ocrx_word' id='word_1_651' title='bbox 3086 4174 3263 4218; x_wconf 86' lang='lat' dir='ltr'><strong>autem</strong></span> <span class='ocrx_word' id='word_1_652' title='bbox 3320 4164 3474 4236; x_wconf 55' lang='lat' dir='ltr'><strong>iusta</strong></span> 
     </span>
    </p>
   </div>
   <div class='ocr_carea' id='block_1_87' title="bbox 1910 4254 3474 4323">
    <p class='ocr_par' dir='ltr' id='par_1_87' title="bbox 1910 4254 3474 4323">
     <span class='ocr_line' id='line_1_87' title="bbox 1910 4254 3474 4323; baseline 0 -14"><span class='ocrx_word' id='word_1_653' title='bbox 1910 4276 1929 4309; x_wconf 77' lang='grc' dir='ltr'>ι</span> <span class='ocrx_word' id='word_1_654' title='bbox 1974 4270 2407 4323; x_wconf 88' lang='lat' dir='ltr'><strong>unamquamque</strong></span> <span class='ocrx_word' id='word_1_655' title='bbox 2444 4262 2649 4323; x_wconf 87' lang='lat' dir='ltr'><strong>partem</strong></span> <span class='ocrx_word' id='word_1_656' title='bbox 2685 4269 2713 4306; x_wconf 90' lang='lat' dir='ltr'><strong>a</strong></span> <span class='ocrx_word' id='word_1_657' title='bbox 2762 4254 2989 4307; x_wconf 88' lang='lat' dir='ltr'><strong>termino</strong></span> <span class='ocrx_word' id='word_1_658' title='bbox 3024 4254 3339 4309; x_wconf 90' lang='lat' dir='ltr'><strong>occidentali</strong></span> <span class='ocrx_word' id='word_1_659' title='bbox 3386 4270 3474 4309; x_wconf 83' lang='lat' dir='ltr'><strong>us-</strong></span> 
     </span>
    </p>
   </div>
   <div class='ocr_carea' id='block_1_88' title="bbox 228 4338 3472 4420">
    <p class='ocr_par' dir='ltr' id='par_1_88' title="bbox 228 4338 3472 4420">
     <span class='ocr_line' id='line_1_88' title="bbox 228 4338 3472 4420; baseline 0.008 -27"><span class='ocrx_word' id='word_1_660' title='bbox 228 4338 509 4409; x_wconf 86' lang='lat' dir='ltr'><strong>lcgislator</strong></span> <span class='ocrx_word' id='word_1_661' title='bbox 538 4354 846 4410; x_wconf 74' lang='lat' dir='ltr'><strong>exponeret.</strong></span> <span class='ocrx_word' id='word_1_662' title='bbox 886 4343 990 4399; x_wconf 90' lang='lat' dir='ltr'><strong>Sed</strong></span> <span class='ocrx_word' id='word_1_663' title='bbox 1017 4346 1126 4402; x_wconf 90' lang='lat' dir='ltr'><strong>illic</strong></span> <span class='ocrx_word' id='word_1_664' title='bbox 1156 4349 1367 4417; x_wconf 90' lang='lat' dir='ltr'><strong>quidem</strong></span> <span class='ocrx_word' id='word_1_665' title='bbox 1404 4366 1525 4405; x_wconf 91' lang='lat' dir='ltr'><strong>eum</strong></span> <span class='ocrx_word' id='word_1_666' title='bbox 1561 4354 1655 4420; x_wconf 89' lang='lat' dir='ltr'><strong>qui</strong></span> <span class='ocrx_word' id='word_1_667' title='bbox 1683 4355 1804 4407; x_wconf 90' lang='lat' dir='ltr'><strong>teti-</strong></span> <span class='ocrx_word' id='word_1_668' title='bbox 1973 4363 2076 4416; x_wconf 82' lang='lat' dir='ltr'><strong>quc</strong></span> <span class='ocrx_word' id='word_1_669' title='bbox 2117 4348 2183 4400; x_wconf 72' lang='lat' dir='ltr'><strong>ad</strong></span> <span class='ocrx_word' id='word_1_670' title='bbox 2229 4346 2511 4400; x_wconf 67' lang='lat' dir='ltr'><strong>terminum</strong></span> <span class='ocrx_word' id='word_1_671' title='bbox 2558 4344 2870 4399; x_wconf 62' lang='grc' dir='ltr'><strong>οτίθηῑεηθῖη</strong></span> <span class='ocrx_word' id='word_1_672' title='bbox 2926 4354 3079 4399; x_wconf 55' lang='lat' dir='ltr'><strong>term</strong></span> <span class='ocrx_word' id='word_1_673' title='bbox 3115 4345 3217 4399; x_wconf 69' lang='grc' dir='ltr'><strong>θτίι</strong></span> <span class='ocrx_word' id='word_1_674' title='bbox 3255 4347 3303 4399; x_wconf 67' lang='lat' dir='ltr'><strong>ei</strong></span> <span class='ocrx_word' id='word_1_675' title='bbox 3344 4360 3472 4413; x_wconf 73' lang='lat' dir='ltr'><strong>POS‘</strong></span> 
     </span>
    </p>
   </div>
   <div class='ocr_carea' id='block_1_89' title="bbox 231 4428 3473 4510">
    <p class='ocr_par' dir='ltr' id='par_1_89' title="bbox 231 4428 3473 4510">
     <span class='ocr_line' id='line_1_89' title="bbox 231 4428 3473 4510; baseline 0 -20"><span class='ocrx_word' id='word_1_676' title='bbox 231 4428 312 4496; x_wconf 64' lang='lat' dir='ltr'><strong>sit</strong></span> <span class='ocrx_word' id='word_1_677' title='bbox 343 4430 655 4494; x_wconf 61' lang='lat' dir='ltr'><strong>morticina.</strong></span> <span class='ocrx_word' id='word_1_678' title='bbox 689 4440 780 4485; x_wconf 75' lang='lat' dir='ltr'><strong>aut</strong></span> <span class='ocrx_word' id='word_1_679' title='bbox 807 4448 836 4485; x_wconf 83' lang='lat' dir='ltr'><strong>a</strong></span> <span class='ocrx_word' id='word_1_680' title='bbox 870 4434 1057 4489; x_wconf 74' lang='lat' dir='ltr'><strong>bestiis</strong></span> <span class='ocrx_word' id='word_1_681' title='bbox 1088 4445 1271 4505; x_wconf 83' lang='lat' dir='ltr'><strong>capta,</strong></span> <span class='ocrx_word' id='word_1_682' title='bbox 1307 4438 1359 4493; x_wconf 90' lang='lat' dir='ltr'><strong>id</strong></span> <span class='ocrx_word' id='word_1_683' title='bbox 1385 4450 1466 4493; x_wconf 92' lang='lat' dir='ltr'><strong>est</strong></span> <span class='ocrx_word' id='word_1_684' title='bbox 1488 4481 1501 4505; x_wconf 94' lang='lat'><strong>,</strong></span> <span class='ocrx_word' id='word_1_685' title='bbox 1533 4442 1622 4510; x_wconf 89' lang='lat' dir='ltr'><strong>qui</strong></span> <span class='ocrx_word' id='word_1_686' title='bbox 1656 4458 1802 4497; x_wconf 80' lang='lat' dir='ltr'><strong>com-</strong></span> <span class='ocrx_word' id='word_1_687' title='bbox 1909 4457 1927 4490; x_wconf 77' lang='grc' dir='ltr'>ι</span> <span class='ocrx_word' id='word_1_688' title='bbox 1972 4436 2140 4491; x_wconf 91' lang='lat' dir='ltr'><strong>sessio</strong></span> <span class='ocrx_word' id='word_1_689' title='bbox 2162 4436 2213 4491; x_wconf 91' lang='lat' dir='ltr'><strong>in</strong></span> <span class='ocrx_word' id='word_1_690' title='bbox 2244 4434 2425 4489; x_wconf 88' lang='lat' dir='ltr'><strong>lsracl.</strong></span> <span class='ocrx_word' id='word_1_691' title='bbox 2458 4435 2521 4487; x_wconf 84' lang='lat' dir='ltr'><strong>Et</strong></span> <span class='ocrx_word' id='word_1_692' title='bbox 2546 4449 2648 4487; x_wconf 90' lang='lat' dir='ltr'><strong>non</strong></span> <span class='ocrx_word' id='word_1_693' title='bbox 2682 4434 3144 4503; x_wconf 89' lang='lat' dir='ltr'><strong>depopulabuntur</strong></span> <span class='ocrx_word' id='word_1_694' title='bbox 3167 4434 3301 4488; x_wconf 88' lang='lat' dir='ltr'><strong>ultra</strong></span> <span class='ocrx_word' id='word_1_695' title='bbox 3326 4436 3473 4505; x_wconf 87' lang='lat' dir='ltr'><strong>prin-</strong></span> 
     </span>
    </p>
   </div>
   <div class='ocr_carea' id='block_1_90' title="bbox 229 4519 3473 4599">
    <p class='ocr_par' dir='ltr' id='par_1_90' title="bbox 229 4519 3473 4599">
     <span class='ocr_line' id='line_1_90' title="bbox 229 4519 3473 4599; baseline 0.006 -26"><span class='ocrx_word' id='word_1_696' title='bbox 229 4519 527 4573; x_wconf 89' lang='lat' dir='ltr'><strong>mnnicavit</strong></span> <span class='ocrx_word' id='word_1_697' title='bbox 567 4520 679 4576; x_wconf 91' lang='lat' dir='ltr'><strong>sive</strong></span> <span class='ocrx_word' id='word_1_698' title='bbox 711 4524 980 4596; x_wconf 89' lang='lat' dir='ltr'><strong>particeps</strong></span> <span class='ocrx_word' id='word_1_699' title='bbox 1010 4524 1131 4591; x_wconf 89' lang='lat' dir='ltr'><strong>fuit,</strong></span> <span class='ocrx_word' id='word_1_700' title='bbox 1159 4542 1282 4582; x_wconf 92' lang='lat' dir='ltr'><strong>cum</strong></span> <span class='ocrx_word' id='word_1_701' title='bbox 1308 4528 1393 4583; x_wconf 90' lang='lat' dir='ltr'><strong>his</strong></span> <span class='ocrx_word' id='word_1_702' title='bbox 1431 4531 1517 4599; x_wconf 88' lang='lat' dir='ltr'><strong>qui</strong></span> <span class='ocrx_word' id='word_1_703' title='bbox 1556 4532 1801 4599; x_wconf 83' lang='lat' dir='ltr'><strong>praedicti</strong></span> <span class='ocrx_word' id='word_1_704' title='bbox 1835 4594 1871 4599; x_wconf 87' lang='lat'><em>_</em></span> <span class='ocrx_word' id='word_1_705' title='bbox 1912 4549 1929 4582; x_wconf 74' lang='grc' dir='ltr'>ε</span> <span class='ocrx_word' id='word_1_706' title='bbox 1974 4531 2117 4597; x_wconf 87' lang='lat' dir='ltr'><strong>cipes</strong></span> <span class='ocrx_word' id='word_1_707' title='bbox 2146 4528 2397 4597; x_wconf 88' lang='lat' dir='ltr'><strong>populum</strong></span> <span class='ocrx_word' id='word_1_708' title='bbox 2441 4541 2651 4589; x_wconf 82' lang='lat' dir='ltr'><strong>meum.</strong></span> <span class='ocrx_word' id='word_1_709' title='bbox 2700 4527 2792 4580; x_wconf 84' lang='lat' dir='ltr'><strong>sed</strong></span> <span class='ocrx_word' id='word_1_710' title='bbox 2830 4535 3026 4580; x_wconf 71' lang='lat' dir='ltr'><strong>terram</strong></span> <span class='ocrx_word' id='word_1_711' title='bbox 3056 4541 3230 4580; x_wconf 77' lang='lat' dir='ltr'><strong>meam</strong></span> <span class='ocrx_word' id='word_1_712' title='bbox 3270 4528 3473 4581; x_wconf 66' lang='lat' dir='ltr'><strong>dabunt</strong></span> 
     </span>
    </p>
   </div>
   <div class='ocr_carea' id='block_1_91' title="bbox 230 4594 3472 4689">
    <p class='ocr_par' dir='ltr' id='par_1_91' title="bbox 230 4594 3472 4689">
     <span class='ocr_line' id='line_1_91' title="bbox 230 4594 3472 4689; baseline 0.004 -28"><span class='ocrx_word' id='word_1_713' title='bbox 230 4616 392 4672; x_wconf 87' lang='lat' dir='ltr'><strong>sunt,</strong></span> <span class='ocrx_word' id='word_1_714' title='bbox 425 4608 573 4663; x_wconf 91' lang='lat' dir='ltr'><strong>dicit.</strong></span> <span class='ocrx_word' id='word_1_715' title='bbox 612 4610 710 4665; x_wconf 84' lang='lat' dir='ltr'><strong>Hic</strong></span> <span class='ocrx_word' id='word_1_716' title='bbox 755 4594 935 4667; x_wconf 89' lang='lat' dir='ltr'><strong>autem</strong></span> <span class='ocrx_word' id='word_1_717' title='bbox 975 4629 1097 4668; x_wconf 84' lang='lat' dir='ltr'><strong>cum</strong></span> <span class='ocrx_word' id='word_1_718' title='bbox 1125 4617 1214 4688; x_wconf 92' lang='lat' dir='ltr'><strong>qui</strong></span> <span class='ocrx_word' id='word_1_719' title='bbox 1256 4594 1518 4683; x_wconf 83' lang='lat' dir='ltr'><strong>comedit,</strong></span> <span class='ocrx_word' id='word_1_720' title='bbox 1550 4594 1805 4676; x_wconf 78' lang='lat' dir='ltr'><strong>videlicet</strong></span> <span class='ocrx_word' id='word_1_721' title='bbox 1835 4594 1883 4652; x_wconf 82' lang='lat' dir='ltr'><strong>D</strong></span> <span class='ocrx_word' id='word_1_722' title='bbox 1914 4641 1932 4673; x_wconf 71' lang='grc' dir='ltr'>ί</span> <span class='ocrx_word' id='word_1_723' title='bbox 1977 4622 2157 4676; x_wconf 88' lang='lat' dir='ltr'><strong>domui</strong></span> <span class='ocrx_word' id='word_1_724' title='bbox 2196 4621 2390 4684; x_wconf 77' lang='lat' dir='ltr'><strong>lsrael,</strong></span> <span class='ocrx_word' id='word_1_725' title='bbox 2441 4620 2734 4676; x_wconf 89' lang='lat' dir='ltr'><strong>secundum</strong></span> <span class='ocrx_word' id='word_1_726' title='bbox 2781 4621 2953 4674; x_wconf 90' lang='lat' dir='ltr'><strong>tribus</strong></span> <span class='ocrx_word' id='word_1_727' title='bbox 2988 4635 3192 4675; x_wconf 91' lang='lat' dir='ltr'><strong>eorum.</strong></span> <span class='ocrx_word' id='word_1_728' title='bbox 3228 4638 3247 4671; x_wconf 78' lang='grc' dir='ltr'><strong><em>ι</em></strong></span> <span class='ocrx_word' id='word_1_729' title='bbox 3302 4619 3472 4689; x_wconf 83' lang='lat' dir='ltr'><strong>(Hie-</strong></span> 
     </span>
    </p>
   </div>
   <div class='ocr_carea' id='block_1_92' title="bbox 230 4696 3472 4781">
    <p class='ocr_par' dir='ltr' id='par_1_92' title="bbox 230 4696 3472 4781">
     <span class='ocr_line' id='line_1_92' title="bbox 230 4696 3472 4781; baseline 0.006 -34"><span class='ocrx_word' id='word_1_730' title='bbox 230 4696 323 4765; x_wconf 90' lang='lat' dir='ltr'><strong>qui</strong></span> <span class='ocrx_word' id='word_1_731' title='bbox 378 4704 547 4751; x_wconf 86' lang='lat' dir='ltr'><strong>totum</strong></span> <span class='ocrx_word' id='word_1_732' title='bbox 594 4699 735 4755; x_wconf 91' lang='lat' dir='ltr'><strong>illius</strong></span> <span class='ocrx_word' id='word_1_733' title='bbox 786 4711 1063 4770; x_wconf 90' lang='lat' dir='ltr'><strong>peccatum</strong></span> <span class='ocrx_word' id='word_1_734' title='bbox 1114 4720 1268 4766; x_wconf 89' lang='lat' dir='ltr'><strong>suum</strong></span> <span class='ocrx_word' id='word_1_735' title='bbox 1317 4708 1593 4777; x_wconf 87' lang='lat' dir='ltr'><strong>proprium</strong></span> <span class='ocrx_word' id='word_1_736' title='bbox 1653 4708 1801 4773; x_wconf 89' lang='lat' dir='ltr'><strong>fecit,</strong></span> <span class='ocrx_word' id='word_1_737' title='bbox 1906 4714 2046 4781; x_wconf 87' lang='lat' dir='ltr'><strong>ron.)</strong></span> <span class='ocrx_word' id='word_1_738' title='bbox 2096 4712 2222 4767; x_wconf 86' lang='lat' dir='ltr'><strong>Post</strong></span> <span class='ocrx_word' id='word_1_739' title='bbox 2260 4712 2607 4765; x_wconf 74' lang='lat' dir='ltr'><strong>caeremonias</strong></span> <span class='ocrx_word' id='word_1_740' title='bbox 2648 4710 2981 4765; x_wconf 89' lang='lat' dir='ltr'><strong>sacerdotum</strong></span> <span class='ocrx_word' id='word_1_741' title='bbox 3026 4710 3335 4780; x_wconf 87' lang='lat' dir='ltr'><strong>cultumque</strong></span> <span class='ocrx_word' id='word_1_742' title='bbox 3374 4726 3472 4765; x_wconf 89' lang='lat' dir='ltr'><strong>eo-</strong></span> 
     </span>
    </p>
   </div>
   <div class='ocr_carea' id='block_1_93' title="bbox 228 4791 3468 4868">
    <p class='ocr_par' dir='ltr' id='par_1_93' title="bbox 228 4791 3468 4868">
     <span class='ocr_line' id='line_1_93' title="bbox 228 4791 3468 4868; baseline 0.004 -27"><span class='ocrx_word' id='word_1_743' title='bbox 228 4804 492 4859; x_wconf 87' lang='lat' dir='ltr'><strong>suamque</strong></span> <span class='ocrx_word' id='word_1_744' title='bbox 534 4791 818 4862; x_wconf 86' lang='lat' dir='ltr'><strong>malignam</strong></span> <span class='ocrx_word' id='word_1_745' title='bbox 861 4794 1209 4849; x_wconf 87' lang='lat' dir='ltr'><strong>intentionem</strong></span> <span class='ocrx_word' id='word_1_746' title='bbox 1253 4798 1510 4867; x_wconf 81' lang='lat' dir='ltr'><strong>explevit,</strong></span> <span class='ocrx_word' id='word_1_747' title='bbox 1559 4813 1625 4853; x_wconf 87' lang='lat' dir='ltr'><strong>ex</strong></span> <span class='ocrx_word' id='word_1_748' title='bbox 1663 4800 1803 4857; x_wconf 80' lang='lat' dir='ltr'><strong>malo</strong></span> <span class='ocrx_word' id='word_1_749' title='bbox 1907 4816 2025 4854; x_wconf 90' lang='lat' dir='ltr'><strong>rum</strong></span> <span class='ocrx_word' id='word_1_750' title='bbox 2066 4809 2122 4854; x_wconf 90' lang='lat' dir='ltr'><strong>et</strong></span> <span class='ocrx_word' id='word_1_751' title='bbox 2161 4800 2339 4854; x_wconf 87' lang='lat' dir='ltr'><strong>cibum</strong></span> <span class='ocrx_word' id='word_1_752' title='bbox 2374 4815 2493 4868; x_wconf 80' lang='lat' dir='ltr'><strong>quae</strong></span> <span class='ocrx_word' id='word_1_753' title='bbox 2526 4798 2753 4852; x_wconf 88' lang='lat' dir='ltr'><strong>debeant</strong></span> <span class='ocrx_word' id='word_1_754' title='bbox 2794 4813 3007 4853; x_wconf 86' lang='lat' dir='ltr'><strong>sumere</strong></span> <span class='ocrx_word' id='word_1_755' title='bbox 3054 4812 3238 4866; x_wconf 81' lang='lat' dir='ltr'><strong>quaeve</strong></span> <span class='ocrx_word' id='word_1_756' title='bbox 3278 4799 3468 4864; x_wconf 89' lang='lat' dir='ltr'><strong>vitare,</strong></span> 
     </span>
    </p>
   </div>
   <div class='ocr_carea' id='block_1_94' title="bbox 230 4879 3472 4959">
    <p class='ocr_par' dir='ltr' id='par_1_94' title="bbox 230 4879 3472 4959">
     <span class='ocr_line' id='line_1_94' title="bbox 230 4879 3472 4959; baseline 0.004 -28"><span class='ocrx_word' id='word_1_757' title='bbox 230 4879 374 4947; x_wconf 91' lang='lat' dir='ltr'><strong>quod</strong></span> <span class='ocrx_word' id='word_1_758' title='bbox 405 4879 489 4932; x_wconf 89' lang='lat' dir='ltr'><strong>ille</strong></span> <span class='ocrx_word' id='word_1_759' title='bbox 518 4881 804 4947; x_wconf 91' lang='lat' dir='ltr'><strong>commisit,</strong></span> <span class='ocrx_word' id='word_1_760' title='bbox 835 4883 973 4936; x_wconf 92' lang='lat' dir='ltr'><strong>sicut</strong></span> <span class='ocrx_word' id='word_1_761' title='bbox 998 4882 1215 4937; x_wconf 88' lang='lat' dir='ltr'><strong>fuerunt</strong></span> <span class='ocrx_word' id='word_1_762' title='bbox 1236 4884 1439 4950; x_wconf 76' lang='lat' dir='ltr'><strong>Aonas,</strong></span> <span class='ocrx_word' id='word_1_763' title='bbox 1466 4894 1519 4940; x_wconf 87' lang='lat' dir='ltr'><strong>et</strong></span> <span class='ocrx_word' id='word_1_764' title='bbox 1550 4886 1800 4959; x_wconf 90' lang='lat' dir='ltr'><strong>Caiphas,</strong></span> <span class='ocrx_word' id='word_1_765' title='bbox 1906 4904 2046 4947; x_wconf 89' lang='lat' dir='ltr'><strong>nunc</strong></span> <span class='ocrx_word' id='word_1_766' title='bbox 2093 4898 2248 4943; x_wconf 72' lang='lat' dir='ltr'><strong>terra:</strong></span> <span class='ocrx_word' id='word_1_767' title='bbox 2295 4898 2493 4945; x_wconf 73' lang='lat' dir='ltr'><strong>sancta:</strong></span> <span class='ocrx_word' id='word_1_768' title='bbox 2542 4886 2671 4943; x_wconf 83' lang='lat' dir='ltr'><strong>facit</strong></span> <span class='ocrx_word' id='word_1_769' title='bbox 2726 4887 3171 4956; x_wconf 87' lang='lat' dir='ltr'><strong>descriptionem,</strong></span> <span class='ocrx_word' id='word_1_770' title='bbox 3220 4896 3273 4942; x_wconf 90' lang='lat' dir='ltr'><strong>et</strong></span> <span class='ocrx_word' id='word_1_771' title='bbox 3320 4897 3472 4945; x_wconf 84' lang='lat' dir='ltr'><strong>ante-</strong></span> 
     </span>
    </p>
   </div>
   <div class='ocr_carea' id='block_1_95' title="bbox 232 4973 3471 5051">
    <p class='ocr_par' dir='ltr' id='par_1_95' title="bbox 232 4973 3471 5051">
     <span class='ocr_line' id='line_1_95' title="bbox 232 4973 3471 5051; baseline 0.002 -27"><span class='ocrx_word' id='word_1_772' title='bbox 232 4973 325 5042; x_wconf 87' lang='lat' dir='ltr'><strong>qui</strong></span> <span class='ocrx_word' id='word_1_773' title='bbox 366 4987 471 5026; x_wconf 90' lang='lat' dir='ltr'><strong>non</strong></span> <span class='ocrx_word' id='word_1_774' title='bbox 504 4973 819 5043; x_wconf 88' lang='lat' dir='ltr'><strong>simpliciter</strong></span> <span class='ocrx_word' id='word_1_775' title='bbox 862 4974 1011 5030; x_wconf 67' lang='lat' dir='ltr'><strong>Iudae</strong></span> <span class='ocrx_word' id='word_1_776' title='bbox 1059 4977 1349 5047; x_wconf 80' lang='lat' dir='ltr'><strong>participes</strong></span> <span class='ocrx_word' id='word_1_777' title='bbox 1387 4988 1512 5039; x_wconf 89' lang='lat' dir='ltr'><strong>sunt</strong></span> <span class='ocrx_word' id='word_1_778' title='bbox 1544 4979 1800 5048; x_wconf 83' lang='lat' dir='ltr'><strong>proditio—</strong></span> <span class='ocrx_word' id='word_1_779' title='bbox 1904 4994 2065 5051; x_wconf 87' lang='lat' dir='ltr'><strong>quam</strong></span> <span class='ocrx_word' id='word_1_780' title='bbox 2110 4992 2321 5032; x_wconf 88' lang='lat' dir='ltr'><strong>omnem</strong></span> <span class='ocrx_word' id='word_1_781' title='bbox 2374 4978 2426 5030; x_wconf 92' lang='lat' dir='ltr'><strong>in</strong></span> <span class='ocrx_word' id='word_1_782' title='bbox 2467 4976 2637 5031; x_wconf 89' lang='lat' dir='ltr'><strong>tribus</strong></span> <span class='ocrx_word' id='word_1_783' title='bbox 2680 4974 2903 5040; x_wconf 89' lang='lat' dir='ltr'><strong>dividat,</strong></span> <span class='ocrx_word' id='word_1_784' title='bbox 2944 4978 3008 5030; x_wconf 90' lang='lat' dir='ltr'><strong>de</strong></span> <span class='ocrx_word' id='word_1_785' title='bbox 3052 4976 3256 5029; x_wconf 89' lang='lat' dir='ltr'><strong>cunctis</strong></span> <span class='ocrx_word' id='word_1_786' title='bbox 3304 4976 3471 5031; x_wconf 92' lang='lat' dir='ltr'><strong>tribu-</strong></span> 
     </span>
    </p>
   </div>
   <div class='ocr_carea' id='block_1_96' title="bbox 232 5064 3471 5136">
    <p class='ocr_par' dir='ltr' id='par_1_96' title="bbox 232 5064 3471 5136">
     <span class='ocr_line' id='line_1_96' title="bbox 232 5064 3471 5136; baseline -0 -18"><span class='ocrx_word' id='word_1_787' title='bbox 232 5066 319 5119; x_wconf 89' lang='lat' dir='ltr'><strong>nis</strong></span> <span class='ocrx_word' id='word_1_788' title='bbox 357 5064 555 5129; x_wconf 75' lang='lat' dir='ltr'><strong>efl‘ecti,</strong></span> <span class='ocrx_word' id='word_1_789' title='bbox 593 5065 689 5134; x_wconf 91' lang='lat' dir='ltr'><strong>ipsi</strong></span> <span class='ocrx_word' id='word_1_790' title='bbox 721 5066 863 5119; x_wconf 89' lang='lat' dir='ltr'><strong>enim</strong></span> <span class='ocrx_word' id='word_1_791' title='bbox 902 5077 1165 5130; x_wconf 85' lang='lat' dir='ltr'><strong>ementes,</strong></span> <span class='ocrx_word' id='word_1_792' title='bbox 1204 5069 1520 5136; x_wconf 89' lang='lat' dir='ltr'><strong>proditionis</strong></span> <span class='ocrx_word' id='word_1_793' title='bbox 1552 5068 1599 5123; x_wconf 91' lang='lat' dir='ltr'><strong>ei</strong></span> <span class='ocrx_word' id='word_1_794' title='bbox 1637 5069 1800 5123; x_wconf 90' lang='lat' dir='ltr'><strong>dede-</strong></span> <span class='ocrx_word' id='word_1_795' title='bbox 1903 5068 2005 5123; x_wconf 91' lang='lat' dir='ltr'><strong>bus</strong></span> <span class='ocrx_word' id='word_1_796' title='bbox 2048 5066 2200 5136; x_wconf 85' lang='lat' dir='ltr'><strong>jubet</strong></span> <span class='ocrx_word' id='word_1_797' title='bbox 2239 5066 2361 5136; x_wconf 72' lang='lat' dir='ltr'><strong>eligi</strong></span> <span class='ocrx_word' id='word_1_798' title='bbox 2417 5066 2595 5121; x_wconf 87' lang='lat' dir='ltr'><strong>locum</strong></span> <span class='ocrx_word' id='word_1_799' title='bbox 2648 5066 2739 5135; x_wconf 88' lang='lat' dir='ltr'><strong>qui</strong></span> <span class='ocrx_word' id='word_1_800' title='bbox 2802 5067 2853 5119; x_wconf 91' lang='lat' dir='ltr'><strong>in</strong></span> <span class='ocrx_word' id='word_1_801' title='bbox 2903 5065 3231 5134; x_wconf 85' lang='lat' dir='ltr'><strong>longitudine</strong></span> <span class='ocrx_word' id='word_1_802' title='bbox 3278 5066 3471 5119; x_wconf 89' lang='lat' dir='ltr'><strong>habeat</strong></span> 
     </span>
    </p>
   </div>
   <div class='ocr_carea' id='block_1_97' title="bbox 232 5155 3468 5227">
    <p class='ocr_par' dir='ltr' id='par_1_97' title="bbox 232 5155 3468 5227">
     <span class='ocr_line' id='line_1_97' title="bbox 232 5155 3468 5227; baseline 0.001 -21"><span class='ocrx_word' id='word_1_803' title='bbox 232 5162 360 5207; x_wconf 86' lang='lat' dir='ltr'><strong>runt</strong></span> <span class='ocrx_word' id='word_1_804' title='bbox 385 5155 687 5223; x_wconf 89' lang='lat' dir='ltr'><strong>pecuniam,</strong></span> <span class='ocrx_word' id='word_1_805' title='bbox 716 5164 771 5208; x_wconf 93' lang='lat' dir='ltr'><strong>et</strong></span> <span class='ocrx_word' id='word_1_806' title='bbox 797 5155 922 5213; x_wconf 88' lang='lat' dir='ltr'><strong>olim</strong></span> <span class='ocrx_word' id='word_1_807' title='bbox 962 5157 1279 5221; x_wconf 86' lang='lat' dir='ltr'><strong>esurientes,</strong></span> <span class='ocrx_word' id='word_1_808' title='bbox 1324 5156 1405 5210; x_wconf 90' lang='lat' dir='ltr'><strong>vel</strong></span> <span class='ocrx_word' id='word_1_809' title='bbox 1437 5157 1801 5213; x_wconf 83' lang='lat' dir='ltr'><strong>desiderantes</strong></span> <span class='ocrx_word' id='word_1_810' title='bbox 1906 5158 2093 5227; x_wconf 79' lang='lat' dir='ltr'><strong>viginti</strong></span> <span class='ocrx_word' id='word_1_811' title='bbox 2162 5159 2397 5227; x_wconf 88' lang='lat' dir='ltr'><strong>quinque</strong></span> <span class='ocrx_word' id='word_1_812' title='bbox 2450 5157 2611 5217; x_wconf 83' lang='lat' dir='ltr'><strong>millia</strong></span> <span class='ocrx_word' id='word_1_813' title='bbox 2636 5184 2656 5223; x_wconf 92' lang='lat'><strong>-,</strong></span> <span class='ocrx_word' id='word_1_814' title='bbox 2707 5166 2762 5211; x_wconf 91' lang='lat' dir='ltr'><strong>et</strong></span> <span class='ocrx_word' id='word_1_815' title='bbox 2827 5158 2880 5210; x_wconf 91' lang='lat' dir='ltr'><strong>in</strong></span> <span class='ocrx_word' id='word_1_816' title='bbox 2942 5157 3219 5213; x_wconf 85' lang='lat' dir='ltr'><strong>latitudine</strong></span> <span class='ocrx_word' id='word_1_817' title='bbox 3285 5156 3468 5211; x_wconf 76' lang='lat' dir='ltr'><strong>decem</strong></span> 
     </span>
    </p>
   </div>
   <div class='ocr_carea' id='block_1_98' title="bbox 234 5244 3469 5319">
    <p class='ocr_par' dir='ltr' id='par_1_98' title="bbox 234 5244 3469 5319">
     <span class='ocr_line' id='line_1_98' title="bbox 234 5244 3469 5319; baseline 0.001 -20"><span class='ocrx_word' id='word_1_818' title='bbox 234 5252 464 5299; x_wconf 80' lang='lat' dir='ltr'><strong>mortem</strong></span> <span class='ocrx_word' id='word_1_819' title='bbox 493 5244 703 5299; x_wconf 92' lang='lat' dir='ltr'><strong>Domini</strong></span> <span class='ocrx_word' id='word_1_820' title='bbox 731 5246 797 5299; x_wconf 90' lang='lat' dir='ltr'><strong>ad</strong></span> <span class='ocrx_word' id='word_1_821' title='bbox 824 5248 1167 5314; x_wconf 88' lang='lat' dir='ltr'><strong>pascendam,</strong></span> <span class='ocrx_word' id='word_1_822' title='bbox 1213 5246 1620 5299; x_wconf 90' lang='lat' dir='ltr'><strong>nutriendamve</strong></span> <span class='ocrx_word' id='word_1_823' title='bbox 1649 5262 1799 5301; x_wconf 90' lang='lat' dir='ltr'><strong>suam</strong></span> <span class='ocrx_word' id='word_1_824' title='bbox 1905 5252 2090 5305; x_wconf 85' lang='lat' dir='ltr'><strong>millia.</strong></span> <span class='ocrx_word' id='word_1_825' title='bbox 2140 5251 2206 5303; x_wconf 88' lang='lat' dir='ltr'><strong>Et</strong></span> <span class='ocrx_word' id='word_1_826' title='bbox 2252 5251 2375 5319; x_wconf 88' lang='lat' dir='ltr'><strong>quia</strong></span> <span class='ocrx_word' id='word_1_827' title='bbox 2428 5265 2531 5303; x_wconf 93' lang='lat' dir='ltr'><strong>non</strong></span> <span class='ocrx_word' id='word_1_828' title='bbox 2583 5260 2664 5303; x_wconf 90' lang='lat' dir='ltr'><strong>est</strong></span> <span class='ocrx_word' id='word_1_829' title='bbox 2718 5251 2950 5318; x_wconf 82' lang='lat' dir='ltr'><strong>positum</strong></span> <span class='ocrx_word' id='word_1_830' title='bbox 3001 5251 3302 5304; x_wconf 90' lang='lat' dir='ltr'><strong>cubitorum</strong></span> <span class='ocrx_word' id='word_1_831' title='bbox 3355 5250 3469 5305; x_wconf 80' lang='lat' dir='ltr'><strong>sive</strong></span> 
     </span>
    </p>
   </div>
   <div class='ocr_carea' id='block_1_99' title="bbox 234 5334 3470 5417">
    <p class='ocr_par' dir='ltr' id='par_1_99' title="bbox 234 5334 3470 5417">
     <span class='ocr_line' id='line_1_99' title="bbox 234 5334 3470 5417; baseline 0.002 -27"><span class='ocrx_word' id='word_1_832' title='bbox 234 5334 606 5401; x_wconf 84' lang='lat' dir='ltr'><strong>intentionem,</strong></span> <span class='ocrx_word' id='word_1_833' title='bbox 634 5346 689 5393; x_wconf 90' lang='lat' dir='ltr'><strong>et</strong></span> <span class='ocrx_word' id='word_1_834' title='bbox 722 5338 788 5391; x_wconf 90' lang='lat' dir='ltr'><strong>ad</strong></span> <span class='ocrx_word' id='word_1_835' title='bbox 823 5337 1259 5391; x_wconf 86' lang='lat' dir='ltr'><strong>satisfaciendum</strong></span> <span class='ocrx_word' id='word_1_836' title='bbox 1290 5338 1550 5393; x_wconf 87' lang='lat' dir='ltr'><strong>desiderio</strong></span> <span class='ocrx_word' id='word_1_837' title='bbox 1579 5353 1674 5408; x_wconf 89' lang='lat' dir='ltr'><strong>per</strong></span> <span class='ocrx_word' id='word_1_838' title='bbox 1701 5338 1800 5393; x_wconf 76' lang='lat' dir='ltr'><strong>Ju-</strong></span> <span class='ocrx_word' id='word_1_839' title='bbox 1902 5343 2118 5417; x_wconf 84' lang='lat' dir='ltr'><strong>pedum,</strong></span> <span class='ocrx_word' id='word_1_840' title='bbox 2159 5350 2251 5395; x_wconf 88' lang='lat' dir='ltr'><strong>aut</strong></span> <span class='ocrx_word' id='word_1_841' title='bbox 2289 5342 2555 5406; x_wconf 88' lang='lat' dir='ltr'><strong>ulnarum,</strong></span> <span class='ocrx_word' id='word_1_842' title='bbox 2584 5341 2907 5412; x_wconf 86' lang='lat' dir='ltr'><strong>subintelligi</strong></span> <span class='ocrx_word' id='word_1_843' title='bbox 2964 5343 3118 5396; x_wconf 85' lang='lat' dir='ltr'><strong>datur</strong></span> <span class='ocrx_word' id='word_1_844' title='bbox 3168 5341 3470 5412; x_wconf 84' lang='lat' dir='ltr'><strong>significare</strong></span> 
     </span>
    </p>
   </div>
   <div class='ocr_carea' id='block_1_100' title="bbox 233 5425 3468 5499">
    <p class='ocr_par' dir='ltr' id='par_1_100' title="bbox 233 5425 3468 5499">
     <span class='ocr_line' id='line_1_100' title="bbox 233 5425 3468 5499; baseline 0.001 -20"><span class='ocrx_word' id='word_1_845' title='bbox 233 5425 360 5480; x_wconf 86' lang='lat' dir='ltr'><strong>dam</strong></span> <span class='ocrx_word' id='word_1_846' title='bbox 386 5427 799 5496; x_wconf 69' lang='lat' dir='ltr'><strong>pmvaluerunt.</strong></span> <span class='ocrx_word' id='word_1_847' title='bbox 839 5428 1150 5498; x_wconf 82' lang='lat' dir='ltr'><strong>Ilujusmodi</strong></span> <span class='ocrx_word' id='word_1_848' title='bbox 1190 5428 1468 5483; x_wconf 86' lang='lat' dir='ltr'><strong>comedere</strong></span> <span class='ocrx_word' id='word_1_849' title='bbox 1492 5430 1795 5495; x_wconf 88' lang='lat' dir='ltr'><strong>morticina,</strong></span> <span class='ocrx_word' id='word_1_850' title='bbox 1902 5432 2162 5491; x_wconf 83' lang='lat' dir='ltr'><strong>calamum</strong></span> <span class='ocrx_word' id='word_1_851' title='bbox 2195 5432 2284 5499; x_wconf 85' lang='lat' dir='ltr'><strong>qui</strong></span> <span class='ocrx_word' id='word_1_852' title='bbox 2334 5439 2449 5485; x_wconf 89' lang='lat' dir='ltr'><strong>erat</strong></span> <span class='ocrx_word' id='word_1_853' title='bbox 2491 5432 2544 5487; x_wconf 89' lang='lat' dir='ltr'><strong>in</strong></span> <span class='ocrx_word' id='word_1_854' title='bbox 2595 5446 2751 5483; x_wconf 87' lang='lat' dir='ltr'><strong>manu</strong></span> <span class='ocrx_word' id='word_1_855' title='bbox 2799 5430 2917 5493; x_wconf 88' lang='lat' dir='ltr'><strong>viri,</strong></span> <span class='ocrx_word' id='word_1_856' title='bbox 2958 5438 3011 5482; x_wconf 91' lang='lat' dir='ltr'><strong>et</strong></span> <span class='ocrx_word' id='word_1_857' title='bbox 3052 5428 3280 5483; x_wconf 82' lang='lat' dir='ltr'><strong>habebat</strong></span> <span class='ocrx_word' id='word_1_858' title='bbox 3316 5443 3468 5482; x_wconf 81' lang='lat' dir='ltr'><strong>men-</strong></span> 
     </span>
    </p>
   </div>
   <div class='ocr_carea' id='block_1_101' title="bbox 234 5518 3465 5590">
    <p class='ocr_par' dir='ltr' id='par_1_101' title="bbox 234 5518 3465 5590">
     <span class='ocr_line' id='line_1_101' title="bbox 234 5518 3465 5590; baseline -0.001 -15"><span class='ocrx_word' id='word_1_859' title='bbox 234 5527 291 5575; x_wconf 90' lang='lat' dir='ltr'><strong>et</strong></span> <span class='ocrx_word' id='word_1_860' title='bbox 319 5534 349 5573; x_wconf 89' lang='lat' dir='ltr'><strong>a</strong></span> <span class='ocrx_word' id='word_1_861' title='bbox 380 5520 566 5575; x_wconf 85' lang='lat' dir='ltr'><strong>bestiis</strong></span> <span class='ocrx_word' id='word_1_862' title='bbox 608 5531 762 5590; x_wconf 87' lang='lat' dir='ltr'><strong>capta</strong></span> <span class='ocrx_word' id='word_1_863' title='bbox 791 5522 1062 5585; x_wconf 90' lang='lat' dir='ltr'><strong>dicuntur,</strong></span> <span class='ocrx_word' id='word_1_864' title='bbox 1093 5522 1183 5589; x_wconf 88' lang='lat' dir='ltr'><strong>qui</strong></span> <span class='ocrx_word' id='word_1_865' title='bbox 1228 5535 1444 5575; x_wconf 87' lang='lat' dir='ltr'><strong>necesse</strong></span> <span class='ocrx_word' id='word_1_866' title='bbox 1488 5520 1689 5574; x_wconf 88' lang='lat' dir='ltr'><strong>habent</strong></span> <span class='ocrx_word' id='word_1_867' title='bbox 1723 5521 1801 5574; x_wconf 87' lang='lat' dir='ltr'><strong>la-</strong></span> <span class='ocrx_word' id='word_1_868' title='bbox 1900 5536 2040 5575; x_wconf 83' lang='lat' dir='ltr'><strong>surae</strong></span> <span class='ocrx_word' id='word_1_869' title='bbox 2075 5535 2169 5575; x_wconf 79' lang='lat' dir='ltr'><strong>sex</strong></span> <span class='ocrx_word' id='word_1_870' title='bbox 2216 5520 2458 5585; x_wconf 90' lang='lat' dir='ltr'><strong>cubitos,</strong></span> <span class='ocrx_word' id='word_1_871' title='bbox 2500 5528 2553 5573; x_wconf 88' lang='lat' dir='ltr'><strong>et</strong></span> <span class='ocrx_word' id='word_1_872' title='bbox 2614 5529 2820 5578; x_wconf 72' lang='lat' dir='ltr'><strong>sextam</strong></span> <span class='ocrx_word' id='word_1_873' title='bbox 2848 5526 3056 5587; x_wconf 85' lang='lat' dir='ltr'><strong>partem</strong></span> <span class='ocrx_word' id='word_1_874' title='bbox 3088 5518 3244 5571; x_wconf 91' lang='lat' dir='ltr'><strong>unius</strong></span> <span class='ocrx_word' id='word_1_875' title='bbox 3280 5518 3465 5583; x_wconf 77' lang='lat' dir='ltr'><strong>cubiti,</strong></span> 
     </span>
    </p>
   </div>
   <div class='ocr_carea' id='block_1_102' title="bbox 233 5609 3464 5680">
    <p class='ocr_par' dir='ltr' id='par_1_102' title="bbox 233 5609 3464 5680">
     <span class='ocr_line' id='line_1_102' title="bbox 233 5609 3464 5680; baseline -0.001 -15"><span class='ocrx_word' id='word_1_876' title='bbox 233 5623 364 5665; x_wconf 88' lang='lat' dir='ltr'><strong>vare</strong></span> <span class='ocrx_word' id='word_1_877' title='bbox 395 5612 711 5667; x_wconf 78' lang='lat' dir='ltr'><strong>veSIimenta</strong></span> <span class='ocrx_word' id='word_1_878' title='bbox 747 5628 840 5667; x_wconf 91' lang='lat' dir='ltr'><strong>sua</strong></span> <span class='ocrx_word' id='word_1_879' title='bbox 869 5622 920 5666; x_wconf 90' lang='lat' dir='ltr'><strong>et</strong></span> <span class='ocrx_word' id='word_1_880' title='bbox 945 5627 1161 5680; x_wconf 89' lang='lat' dir='ltr'><strong>corpus.</strong></span> <span class='ocrx_word' id='word_1_881' title='bbox 1197 5610 1365 5665; x_wconf 89' lang='lat' dir='ltr'><strong>Lavat</strong></span> <span class='ocrx_word' id='word_1_882' title='bbox 1396 5619 1571 5664; x_wconf 88' lang='lat' dir='ltr'><strong>autem</strong></span> <span class='ocrx_word' id='word_1_883' title='bbox 1594 5618 1796 5665; x_wconf 89' lang='lat' dir='ltr'><strong>vestem</strong></span> <span class='ocrx_word' id='word_1_884' title='bbox 1901 5612 1953 5666; x_wconf 90' lang='lat' dir='ltr'><strong>id</strong></span> <span class='ocrx_word' id='word_1_885' title='bbox 1982 5623 2084 5675; x_wconf 89' lang='lat' dir='ltr'><strong>est,</strong></span> <span class='ocrx_word' id='word_1_886' title='bbox 2109 5615 2412 5671; x_wconf 69' lang='grc' dir='ltr'><strong>παλαιστὴν.</strong></span> <span class='ocrx_word' id='word_1_887' title='bbox 2444 5612 2679 5680; x_wconf 87' lang='lat' dir='ltr'><strong>Diligens</strong></span> <span class='ocrx_word' id='word_1_888' title='bbox 2704 5618 2955 5679; x_wconf 82' lang='lat' dir='ltr'><strong>supputet</strong></span> <span class='ocrx_word' id='word_1_889' title='bbox 2995 5609 3161 5664; x_wconf 88' lang='lat' dir='ltr'><strong>lector</strong></span> <span class='ocrx_word' id='word_1_890' title='bbox 3198 5616 3328 5677; x_wconf 89' lang='lat' dir='ltr'><strong>quot</strong></span> <span class='ocrx_word' id='word_1_891' title='bbox 3372 5624 3464 5663; x_wconf 59' lang='lat' dir='ltr'><strong>cav</strong></span> 
     </span>
    </p>
   </div>
   <div class='ocr_carea' id='block_1_103' title="bbox 234 5697 3466 5771">
    <p class='ocr_par' dir='ltr' id='par_1_103' title="bbox 234 5697 3466 5771">
     <span class='ocr_line' id='line_1_103' title="bbox 234 5697 3466 5771; baseline -0.001 -16"><span class='ocrx_word' id='word_1_892' title='bbox 234 5716 388 5761; x_wconf 68' lang='lat' dir='ltr'><strong>suam</strong></span> <span class='ocrx_word' id='word_1_893' title='bbox 415 5708 469 5755; x_wconf 90' lang='lat' dir='ltr'><strong>et</strong></span> <span class='ocrx_word' id='word_1_894' title='bbox 510 5716 721 5771; x_wconf 89' lang='lat' dir='ltr'><strong>corpus,</strong></span> <span class='ocrx_word' id='word_1_895' title='bbox 751 5703 840 5771; x_wconf 90' lang='lat' dir='ltr'><strong>qui</strong></span> <span class='ocrx_word' id='word_1_896' title='bbox 880 5702 1099 5755; x_wconf 88' lang='lat' dir='ltr'><strong>mundat</strong></span> <span class='ocrx_word' id='word_1_897' title='bbox 1132 5701 1475 5770; x_wconf 89' lang='lat' dir='ltr'><strong>semetipsum</strong></span> <span class='ocrx_word' id='word_1_898' title='bbox 1514 5706 1705 5763; x_wconf 91' lang='lat' dir='ltr'><strong>totum,</strong></span> <span class='ocrx_word' id='word_1_899' title='bbox 1748 5700 1800 5753; x_wconf 92' lang='lat' dir='ltr'><strong>id</strong></span> <span class='ocrx_word' id='word_1_900' title='bbox 1903 5700 2025 5755; x_wconf 91' lang='lat' dir='ltr'><strong>lami</strong></span> <span class='ocrx_word' id='word_1_901' title='bbox 2058 5701 2203 5755; x_wconf 88' lang='lat' dir='ltr'><strong>mille</strong></span> <span class='ocrx_word' id='word_1_902' title='bbox 2231 5716 2418 5769; x_wconf 89' lang='lat' dir='ltr'><strong>passus</strong></span> <span class='ocrx_word' id='word_1_903' title='bbox 2452 5700 2688 5764; x_wconf 89' lang='lat' dir='ltr'><strong>faciant,</strong></span> <span class='ocrx_word' id='word_1_904' title='bbox 2727 5711 2781 5754; x_wconf 90' lang='lat' dir='ltr'><strong>et</strong></span> <span class='ocrx_word' id='word_1_905' title='bbox 2808 5714 2970 5769; x_wconf 83' lang='lat' dir='ltr'><strong>quam</strong></span> <span class='ocrx_word' id='word_1_906' title='bbox 3005 5698 3172 5753; x_wconf 86' lang='lat' dir='ltr'><strong>multa</strong></span> <span class='ocrx_word' id='word_1_907' title='bbox 3215 5697 3378 5751; x_wconf 87' lang='lat' dir='ltr'><strong>millia</strong></span> <span class='ocrx_word' id='word_1_908' title='bbox 3410 5697 3466 5753; x_wconf 87' lang='lat' dir='ltr'><strong>in</strong></span> 
     </span>
    </p>
   </div>
   <div class='ocr_carea' id='block_1_104' title="bbox 234 5785 3454 5867">
    <p class='ocr_par' dir='ltr' id='par_1_104' title="bbox 234 5785 3454 5867">
     <span class='ocr_line' id='line_1_104' title="bbox 234 5785 3454 5867; baseline -0.001 -21"><span class='ocrx_word' id='word_1_909' title='bbox 234 5801 321 5859; x_wconf 69' lang='lat' dir='ltr'><strong>est</strong></span> <span class='ocrx_word' id='word_1_910' title='bbox 359 5793 666 5855; x_wconf 81' lang='lat' dir='ltr'><strong>interiorem</strong></span> <span class='ocrx_word' id='word_1_911' title='bbox 701 5795 1125 5867; x_wconf 74' lang='lat' dir='ltr'><strong>cxterioremquc</strong></span> <span class='ocrx_word' id='word_1_912' title='bbox 1153 5808 1307 5849; x_wconf 89' lang='lat' dir='ltr'><strong>suum</strong></span> <span class='ocrx_word' id='word_1_913' title='bbox 1339 5791 1637 5855; x_wconf 88' lang='lat' dir='ltr'><strong>hominem;</strong></span> <span class='ocrx_word' id='word_1_914' title='bbox 1671 5791 1797 5861; x_wconf 87' lang='lat' dir='ltr'><strong>quia</strong></span> <span class='ocrx_word' id='word_1_915' title='bbox 1901 5790 2228 5863; x_wconf 86' lang='lat' dir='ltr'><strong>longitudine</strong></span> <span class='ocrx_word' id='word_1_916' title='bbox 2267 5791 2465 5847; x_wconf 90' lang='lat' dir='ltr'><strong>fuerint</strong></span> <span class='ocrx_word' id='word_1_917' title='bbox 2508 5802 2561 5847; x_wconf 91' lang='lat' dir='ltr'><strong>et</strong></span> <span class='ocrx_word' id='word_1_918' title='bbox 2584 5791 2899 5857; x_wconf 85' lang='lat' dir='ltr'><strong>latitudine;</strong></span> <span class='ocrx_word' id='word_1_919' title='bbox 2936 5800 3057 5863; x_wconf 86' lang='lat' dir='ltr'><strong>post</strong></span> <span class='ocrx_word' id='word_1_920' title='bbox 3084 5804 3243 5863; x_wconf 88' lang='lat' dir='ltr'><strong>quam</strong></span> <span class='ocrx_word' id='word_1_921' title='bbox 3272 5785 3454 5847; x_wconf 77' lang='lat' dir='ltr'><strong>descri-</strong></span> 
     </span>
    </p>
   </div>
  </div>
