  <div class='ocr_page' id='page_1' title='image "/cluster/home/n/w/nwhite01/storage/ocr_20150623/110/uva.x000827066/519.png"; bbox 0 0 3950 6338; ppageno 0'>
   <div class='ocr_carea' id='block_1_1' title="bbox 487 381 626 439">
    <p class='ocr_par' dir='ltr' id='par_1_1' title="bbox 487 381 626 439">
     <span class='ocr_line' id='line_1_1' title="bbox 487 381 626 439; baseline -0.029 -1"><span class='ocrx_word' id='word_1_1' title='bbox 487 381 626 439; x_wconf 67' lang='grc'><strong>1095</strong></span> 
     </span>
    </p>
   </div>
   <div class='ocr_carea' id='block_1_2' title="bbox 1115 377 3090 441">
    <p class='ocr_par' dir='ltr' id='par_1_2' title="bbox 1115 377 3090 441">
     <span class='ocr_line' id='line_1_2' title="bbox 1115 377 3090 441; baseline 0.004 -7"><span class='ocrx_word' id='word_1_2' title='bbox 1115 381 1174 435; x_wconf 84' lang='grc' dir='ltr'><strong>Β.</strong></span> <span class='ocrx_word' id='word_1_3' title='bbox 1220 380 1470 436; x_wconf 68' lang='grc' dir='ltr'><strong>ηᾹΒΑΝΙ</strong></span> <span class='ocrx_word' id='word_1_4' title='bbox 1510 382 1725 438; x_wconf 62' lang='lat' dir='ltr'><strong>MAIle</strong></span> <span class='ocrx_word' id='word_1_5' title='bbox 1765 378 2085 435; x_wconf 65' lang='lat' dir='ltr'><strong>ARCIIIEI’.</strong></span> <span class='ocrx_word' id='word_1_6' title='bbox 2129 377 2441 437; x_wconf 77' lang='lat' dir='ltr'><strong>MOGUNT.</strong></span> <span class='ocrx_word' id='word_1_7' title='bbox 2477 382 2765 439; x_wconf 74' lang='lat' dir='ltr'><strong>OPERUM</strong></span> <span class='ocrx_word' id='word_1_8' title='bbox 2806 385 2987 440; x_wconf 72' lang='lat' dir='ltr'><strong>PARS</strong></span> <span class='ocrx_word' id='word_1_9' title='bbox 3026 387 3090 441; x_wconf 89' lang='lat' dir='ltr'><strong>ll.</strong></span> 
     </span>
    </p>
   </div>
   <div class='ocr_carea' id='block_1_3' title="bbox 3608 389 3752 446">
    <p class='ocr_par' dir='ltr' id='par_1_3' title="bbox 3608 389 3752 446">
     <span class='ocr_line' id='line_1_3' title="bbox 3608 389 3752 446; baseline 0.028 -4"><span class='ocrx_word' id='word_1_10' title='bbox 3608 389 3752 446; x_wconf 59' lang='grc' dir='ltr'><strong>ιτς-ει</strong></span> 
     </span>
    </p>
   </div>
   <div class='ocr_carea' id='block_1_4' title="bbox 484 489 3748 567">
    <p class='ocr_par' dir='ltr' id='par_1_4' title="bbox 484 489 3748 567">
     <span class='ocr_line' id='line_1_4' title="bbox 484 489 3748 567; baseline 0 -18"><span class='ocrx_word' id='word_1_11' title='bbox 484 496 721 567; x_wconf 88' lang='lat' dir='ltr'><strong>ptlonem</strong></span> <span class='ocrx_word' id='word_1_12' title='bbox 749 507 934 549; x_wconf 84' lang='lat' dir='ltr'><strong>rursus</strong></span> <span class='ocrx_word' id='word_1_13' title='bbox 952 492 1213 562; x_wconf 75' lang='lat' dir='ltr'><strong>prmcipit,</strong></span> <span class='ocrx_word' id='word_1_14' title='bbox 1245 502 1303 546; x_wconf 93' lang='lat' dir='ltr'><strong>ut</strong></span> <span class='ocrx_word' id='word_1_15' title='bbox 1322 493 1388 547; x_wconf 94' lang='lat' dir='ltr'><strong>de</strong></span> <span class='ocrx_word' id='word_1_16' title='bbox 1414 494 1746 549; x_wconf 87' lang='lat' dir='ltr'><strong>sanctiticata</strong></span> <span class='ocrx_word' id='word_1_17' title='bbox 1778 503 1923 545; x_wconf 88' lang='lat' dir='ltr'><strong>terra</strong></span> <span class='ocrx_word' id='word_1_18' title='bbox 1949 502 2067 557; x_wconf 68' lang='lat' dir='ltr'><strong>qua:</strong></span> <span class='ocrx_word' id='word_1_19' title='bbox 2095 491 2141 548; x_wconf 78' lang='grc' dir='ltr'><strong>Α</strong></span> <span class='ocrx_word' id='word_1_20' title='bbox 2173 489 2239 542; x_wconf 91' lang='lat' dir='ltr'><strong>ad</strong></span> <span class='ocrx_word' id='word_1_21' title='bbox 2268 505 2506 558; x_wconf 70' lang='lat' dir='ltr'><strong>prazsens</strong></span> <span class='ocrx_word' id='word_1_22' title='bbox 2536 502 2767 563; x_wconf 97' lang='lat' dir='ltr'><strong>tempus,</strong></span> <span class='ocrx_word' id='word_1_23' title='bbox 2797 502 2851 550; x_wconf 90' lang='lat' dir='ltr'><strong>et</strong></span> <span class='ocrx_word' id='word_1_24' title='bbox 2880 493 2945 548; x_wconf 89' lang='lat' dir='ltr'><strong>ad</strong></span> <span class='ocrx_word' id='word_1_25' title='bbox 2973 494 3257 549; x_wconf 85' lang='lat' dir='ltr'><strong>ecclesiam</strong></span> <span class='ocrx_word' id='word_1_26' title='bbox 3280 512 3401 566; x_wconf 68' lang='lat' dir='ltr'><strong>qum</strong></span> <span class='ocrx_word' id='word_1_27' title='bbox 3423 515 3569 555; x_wconf 86' lang='lat' dir='ltr'><strong>nunc</strong></span> <span class='ocrx_word' id='word_1_28' title='bbox 3593 500 3748 555; x_wconf 78' lang='lat' dir='ltr'><strong>labo-</strong></span> 
     </span>
    </p>
   </div>
   <div class='ocr_carea' id='block_1_5' title="bbox 481 579 2060 650">
    <p class='ocr_par' dir='ltr' id='par_1_5' title="bbox 481 579 2060 650">
     <span class='ocr_line' id='line_1_5' title="bbox 481 579 2060 650; baseline -0.004 -10"><span class='ocrx_word' id='word_1_29' title='bbox 481 585 655 641; x_wconf 83' lang='lat' dir='ltr'><strong>electa</strong></span> <span class='ocrx_word' id='word_1_30' title='bbox 682 593 763 639; x_wconf 88' lang='lat' dir='ltr'><strong>est</strong></span> <span class='ocrx_word' id='word_1_31' title='bbox 787 598 856 639; x_wconf 79' lang='lat' dir='ltr'><strong>ex</strong></span> <span class='ocrx_word' id='word_1_32' title='bbox 888 583 1140 638; x_wconf 88' lang='lat' dir='ltr'><strong>omnibus</strong></span> <span class='ocrx_word' id='word_1_33' title='bbox 1168 583 1411 638; x_wconf 90' lang='lat' dir='ltr'><strong>tribubus</strong></span> <span class='ocrx_word' id='word_1_34' title='bbox 1452 584 1637 647; x_wconf 90' lang='lat' dir='ltr'><strong>Israel,</strong></span> <span class='ocrx_word' id='word_1_35' title='bbox 1668 582 1718 635; x_wconf 88' lang='lat' dir='ltr'><strong>id</strong></span> <span class='ocrx_word' id='word_1_36' title='bbox 1742 591 1846 645; x_wconf 89' lang='lat' dir='ltr'><strong>est,</strong></span> <span class='ocrx_word' id='word_1_37' title='bbox 1869 579 2060 650; x_wconf 82' lang='lat' dir='ltr'><strong>viginti</strong></span> 
     </span>
    </p>
   </div>
   <div class='ocr_carea' id='block_1_6' title="bbox 482 671 2060 744">
    <p class='ocr_par' dir='ltr' id='par_1_6' title="bbox 482 671 2060 744">
     <span class='ocr_line' id='line_1_6' title="bbox 482 671 2060 744; baseline -0.003 -17"><span class='ocrx_word' id='word_1_38' title='bbox 482 675 719 744; x_wconf 90' lang='lat' dir='ltr'><strong>quinque</strong></span> <span class='ocrx_word' id='word_1_39' title='bbox 740 672 965 727; x_wconf 84' lang='lat' dir='ltr'><strong>millium</strong></span> <span class='ocrx_word' id='word_1_40' title='bbox 993 671 1321 726; x_wconf 84' lang='lat' dir='ltr'><strong>calamorum</strong></span> <span class='ocrx_word' id='word_1_41' title='bbox 1355 675 1405 727; x_wconf 92' lang='lat' dir='ltr'><strong>in</strong></span> <span class='ocrx_word' id='word_1_42' title='bbox 1428 672 1781 741; x_wconf 74' lang='lat' dir='ltr'><strong>longitudine,</strong></span> <span class='ocrx_word' id='word_1_43' title='bbox 1802 680 1856 724; x_wconf 87' lang='lat' dir='ltr'><strong>et</strong></span> <span class='ocrx_word' id='word_1_44' title='bbox 1879 672 2060 725; x_wconf 81' lang='lat' dir='ltr'><strong>decem</strong></span> 
     </span>
    </p>
   </div>
   <div class='ocr_carea' id='block_1_7' title="bbox 484 761 2065 832">
    <p class='ocr_par' dir='ltr' id='par_1_7' title="bbox 484 761 2065 832">
     <span class='ocr_line' id='line_1_7' title="bbox 484 761 2065 832; baseline -0.003 -15"><span class='ocrx_word' id='word_1_45' title='bbox 484 764 708 818; x_wconf 82' lang='lat' dir='ltr'><strong>millium</strong></span> <span class='ocrx_word' id='word_1_46' title='bbox 728 763 779 815; x_wconf 92' lang='lat' dir='ltr'><strong>in</strong></span> <span class='ocrx_word' id='word_1_47' title='bbox 795 761 1076 816; x_wconf 90' lang='lat' dir='ltr'><strong>latitudine</strong></span> <span class='ocrx_word' id='word_1_48' title='bbox 1097 762 1327 832; x_wconf 73' lang='lat' dir='ltr'><strong>eligatur</strong></span> <span class='ocrx_word' id='word_1_49' title='bbox 1340 764 1405 816; x_wconf 94' lang='lat' dir='ltr'><strong>ad</strong></span> <span class='ocrx_word' id='word_1_50' title='bbox 1421 763 1789 817; x_wconf 72' lang='lat' dir='ltr'><strong>azditicandum</strong></span> <span class='ocrx_word' id='word_1_51' title='bbox 1816 769 2065 815; x_wconf 89' lang='lat' dir='ltr'><strong>sanctua-</strong></span> 
     </span>
    </p>
   </div>
   <div class='ocr_carea' id='block_1_8' title="bbox 484 851 2065 921">
    <p class='ocr_par' dir='ltr' id='par_1_8' title="bbox 484 851 2065 921">
     <span class='ocr_line' id='line_1_8' title="bbox 484 851 2065 921; baseline -0.002 -15"><span class='ocrx_word' id='word_1_52' title='bbox 484 853 647 916; x_wconf 89' lang='lat' dir='ltr'><strong>rium,</strong></span> <span class='ocrx_word' id='word_1_53' title='bbox 672 852 723 906; x_wconf 92' lang='lat' dir='ltr'><strong>id</strong></span> <span class='ocrx_word' id='word_1_54' title='bbox 751 860 853 916; x_wconf 88' lang='lat' dir='ltr'><strong>est,</strong></span> <span class='ocrx_word' id='word_1_55' title='bbox 879 851 1133 921; x_wconf 84' lang='lat' dir='ltr'><strong>templum</strong></span> <span class='ocrx_word' id='word_1_56' title='bbox 1166 852 1396 915; x_wconf 87' lang='lat' dir='ltr'><strong>Domini,</strong></span> <span class='ocrx_word' id='word_1_57' title='bbox 1428 851 1530 905; x_wconf 89' lang='lat' dir='ltr'><strong>alia</strong></span> <span class='ocrx_word' id='word_1_58' title='bbox 1564 852 1890 905; x_wconf 88' lang='lat' dir='ltr'><strong>intrinsecus</strong></span> <span class='ocrx_word' id='word_1_59' title='bbox 1919 858 2065 904; x_wconf 80' lang='lat' dir='ltr'><strong>terra</strong></span> 
     </span>
    </p>
   </div>
   <div class='ocr_carea' id='block_1_9' title="bbox 482 941 2066 1012">
    <p class='ocr_par' dir='ltr' id='par_1_9' title="bbox 482 941 2066 1012">
     <span class='ocr_line' id='line_1_9' title="bbox 482 941 2066 1012; baseline -0.001 -17"><span class='ocrx_word' id='word_1_60' title='bbox 482 941 896 1012; x_wconf 87' lang='lat' dir='ltr'><strong>quingentorum</strong></span> <span class='ocrx_word' id='word_1_61' title='bbox 942 942 1273 996; x_wconf 85' lang='lat' dir='ltr'><strong>calamorum</strong></span> <span class='ocrx_word' id='word_1_62' title='bbox 1324 957 1419 1011; x_wconf 87' lang='lat' dir='ltr'><strong>per</strong></span> <span class='ocrx_word' id='word_1_63' title='bbox 1460 941 1743 995; x_wconf 89' lang='lat' dir='ltr'><strong>circuitum</strong></span> <span class='ocrx_word' id='word_1_64' title='bbox 1774 982 1787 1005; x_wconf 95' lang='lat'><strong>,</strong></span> <span class='ocrx_word' id='word_1_65' title='bbox 1845 942 1945 997; x_wconf 89' lang='lat' dir='ltr'><strong>hoc</strong></span> <span class='ocrx_word' id='word_1_66' title='bbox 1983 949 2066 995; x_wconf 90' lang='lat' dir='ltr'><strong>est</strong></span> 
     </span>
    </p>
   </div>
   <div class='ocr_carea' id='block_1_10' title="bbox 483 1032 2067 1103">
    <p class='ocr_par' dir='ltr' id='par_1_10' title="bbox 483 1032 2067 1103">
     <span class='ocr_line' id='line_1_10' title="bbox 483 1032 2067 1103; baseline 0.001 -17"><span class='ocrx_word' id='word_1_67' title='bbox 483 1033 647 1086; x_wconf 80' lang='lat' dir='ltr'><strong>dtutm</strong></span> <span class='ocrx_word' id='word_1_68' title='bbox 676 1034 921 1087; x_wconf 90' lang='lat' dir='ltr'><strong>millium.</strong></span> <span class='ocrx_word' id='word_1_69' title='bbox 953 1034 1019 1086; x_wconf 85' lang='lat' dir='ltr'><strong>Et</strong></span> <span class='ocrx_word' id='word_1_70' title='bbox 1045 1049 1111 1088; x_wconf 91' lang='lat' dir='ltr'><strong>ne</strong></span> <span class='ocrx_word' id='word_1_71' title='bbox 1147 1032 1369 1087; x_wconf 82' lang='lat' dir='ltr'><strong>forsitan</strong></span> <span class='ocrx_word' id='word_1_72' title='bbox 1406 1032 1690 1087; x_wconf 71' lang='lat' dir='ltr'><strong>azdiﬁcatio</strong></span> <span class='ocrx_word' id='word_1_73' title='bbox 1717 1034 1901 1103; x_wconf 84' lang='lat' dir='ltr'><strong>templi</strong></span> <span class='ocrx_word' id='word_1_74' title='bbox 1922 1036 2067 1089; x_wconf 67' lang='lat' dir='ltr'><strong>ardes</strong></span> 
     </span>
    </p>
   </div>
   <div class='ocr_carea' id='block_1_11' title="bbox 482 1123 2067 1196">
    <p class='ocr_par' dir='ltr' id='par_1_11' title="bbox 482 1123 2067 1196">
     <span class='ocr_line' id='line_1_11' title="bbox 482 1123 2067 1196; baseline 0.002 -20"><span class='ocrx_word' id='word_1_75' title='bbox 482 1123 986 1195; x_wconf 74' lang='lat' dir='ltr'><strong>alizejungerentur,</strong></span> <span class='ocrx_word' id='word_1_76' title='bbox 1008 1126 1251 1194; x_wconf 67' lang='lat' dir='ltr'><strong>praecipit</strong></span> <span class='ocrx_word' id='word_1_77' title='bbox 1267 1133 1325 1178; x_wconf 94' lang='lat' dir='ltr'><strong>ut</strong></span> <span class='ocrx_word' id='word_1_78' title='bbox 1345 1124 1730 1194; x_wconf 81' lang='lat' dir='ltr'><strong>quinquaginta</strong></span> <span class='ocrx_word' id='word_1_79' title='bbox 1759 1126 1957 1180; x_wconf 90' lang='lat' dir='ltr'><strong>cubitis</strong></span> <span class='ocrx_word' id='word_1_80' title='bbox 1970 1142 2067 1196; x_wconf 92' lang='lat' dir='ltr'><strong>per</strong></span> 
     </span>
    </p>
   </div>
   <div class='ocr_carea' id='block_1_12' title="bbox 482 1212 2068 1286">
    <p class='ocr_par' dir='ltr' id='par_1_12' title="bbox 482 1212 2068 1286">
     <span class='ocr_line' id='line_1_12' title="bbox 482 1212 2068 1286; baseline 0.001 -20"><span class='ocrx_word' id='word_1_81' title='bbox 482 1213 767 1266; x_wconf 88' lang='lat' dir='ltr'><strong>circuitum</strong></span> <span class='ocrx_word' id='word_1_82' title='bbox 792 1222 935 1267; x_wconf 89' lang='lat' dir='ltr'><strong>terra</strong></span> <span class='ocrx_word' id='word_1_83' title='bbox 972 1215 1043 1268; x_wconf 90' lang='lat' dir='ltr'><strong>sit</strong></span> <span class='ocrx_word' id='word_1_84' title='bbox 1063 1229 1231 1267; x_wconf 87' lang='lat' dir='ltr'><strong>vacua</strong></span> <span class='ocrx_word' id='word_1_85' title='bbox 1258 1214 1309 1267; x_wconf 91' lang='lat' dir='ltr'><strong>in</strong></span> <span class='ocrx_word' id='word_1_86' title='bbox 1340 1212 1664 1277; x_wconf 86' lang='lat' dir='ltr'><strong>suburbana,</strong></span> <span class='ocrx_word' id='word_1_87' title='bbox 1694 1213 1799 1279; x_wconf 90' lang='lat' dir='ltr'><strong>vel,</strong></span> <span class='ocrx_word' id='word_1_88' title='bbox 1828 1224 1886 1268; x_wconf 92' lang='lat' dir='ltr'><strong>ut</strong></span> <span class='ocrx_word' id='word_1_89' title='bbox 1909 1214 2068 1286; x_wconf 85' lang='lat' dir='ltr'><strong>Sym-</strong></span> 
     </span>
    </p>
   </div>
   <div class='ocr_carea' id='block_1_13' title="bbox 483 1304 2063 1376">
    <p class='ocr_par' dir='ltr' id='par_1_13' title="bbox 483 1304 2063 1376">
     <span class='ocr_line' id='line_1_13' title="bbox 483 1304 2063 1376; baseline 0.001 -19"><span class='ocrx_word' id='word_1_90' title='bbox 483 1306 725 1368; x_wconf 88' lang='lat' dir='ltr'><strong>machus,</strong></span> <span class='ocrx_word' id='word_1_91' title='bbox 755 1314 811 1360; x_wconf 90' lang='lat' dir='ltr'><strong>et</strong></span> <span class='ocrx_word' id='word_1_92' title='bbox 844 1304 1140 1362; x_wconf 80' lang='lat' dir='ltr'><strong>&#39;I‘Iteodotio</strong></span> <span class='ocrx_word' id='word_1_93' title='bbox 1163 1315 1219 1361; x_wconf 90' lang='lat' dir='ltr'><strong>et</strong></span> <span class='ocrx_word' id='word_1_94' title='bbox 1259 1305 1608 1376; x_wconf 79' lang='lat' dir='ltr'><strong>Septuaginta</strong></span> <span class='ocrx_word' id='word_1_95' title='bbox 1651 1306 2063 1372; x_wconf 89' lang='lat' dir='ltr'><strong>transtulerunt,</strong></span> 
     </span>
    </p>
   </div>
   <div class='ocr_carea' id='block_1_14' title="bbox 488 1396 2067 1468">
    <p class='ocr_par' dir='ltr' id='par_1_14' title="bbox 488 1396 2067 1468">
     <span class='ocr_line' id='line_1_14' title="bbox 488 1396 2067 1468; baseline 0.003 -20"><span class='ocrx_word' id='word_1_96' title='bbox 488 1414 506 1447; x_wconf 79' lang='grc' dir='ltr'>ι</span> <span class='ocrx_word' id='word_1_97' title='bbox 551 1396 603 1450; x_wconf 95' lang='lat' dir='ltr'><strong>in</strong></span> <span class='ocrx_word' id='word_1_98' title='bbox 632 1397 955 1463; x_wconf 87' lang='lat' dir='ltr'><strong>terminum,</strong></span> <span class='ocrx_word' id='word_1_99' title='bbox 1001 1406 1055 1452; x_wconf 91' lang='lat' dir='ltr'><strong>et</strong></span> <span class='ocrx_word' id='word_1_100' title='bbox 1081 1399 1477 1468; x_wconf 90' lang='lat' dir='ltr'><strong>separationem</strong></span> <span class='ocrx_word' id='word_1_101' title='bbox 1510 1406 1565 1451; x_wconf 92' lang='lat' dir='ltr'><strong>et</strong></span> <span class='ocrx_word' id='word_1_102' title='bbox 1602 1398 1855 1467; x_wconf 87' lang='lat' dir='ltr'><strong>spatium.</strong></span> <span class='ocrx_word' id='word_1_103' title='bbox 1900 1418 1919 1450; x_wconf 71' lang='grc' dir='ltr'>ι</span> <span class='ocrx_word' id='word_1_104' title='bbox 1955 1398 2067 1453; x_wconf 89' lang='lat' dir='ltr'><strong>llac</strong></span> 
     </span>
    </p>
   </div>
   <div class='ocr_carea' id='block_1_15' title="bbox 483 1486 2069 1559">
    <p class='ocr_par' dir='ltr' id='par_1_15' title="bbox 483 1486 2069 1559">
     <span class='ocr_line' id='line_1_15' title="bbox 483 1486 2069 1559; baseline 0.001 -18"><span class='ocrx_word' id='word_1_105' title='bbox 483 1486 843 1557; x_wconf 81' lang='lat' dir='ltr'><strong>descriptione</strong></span> <span class='ocrx_word' id='word_1_106' title='bbox 878 1488 1027 1542; x_wconf 87' lang='lat' dir='ltr'><strong>ﬁnita</strong></span> <span class='ocrx_word' id='word_1_107' title='bbox 1050 1530 1064 1553; x_wconf 96' lang='lat'><strong>,</strong></span> <span class='ocrx_word' id='word_1_108' title='bbox 1094 1490 1196 1543; x_wconf 90' lang='lat' dir='ltr'><strong>alia</strong></span> <span class='ocrx_word' id='word_1_109' title='bbox 1241 1504 1307 1544; x_wconf 79' lang='lat' dir='ltr'><strong>ex</strong></span> <span class='ocrx_word' id='word_1_110' title='bbox 1350 1490 1558 1559; x_wconf 80' lang='lat' dir='ltr'><strong>integro</strong></span> <span class='ocrx_word' id='word_1_111' title='bbox 1592 1489 1905 1559; x_wconf 76' lang='lat' dir='ltr'><strong>separanda:</strong></span> <span class='ocrx_word' id='word_1_112' title='bbox 1943 1504 2069 1544; x_wconf 88' lang='lat' dir='ltr'><strong>san-</strong></span> 
     </span>
    </p>
   </div>
   <div class='ocr_carea' id='block_1_16' title="bbox 483 1576 2067 1651">
    <p class='ocr_par' dir='ltr' id='par_1_16' title="bbox 483 1576 2067 1651">
     <span class='ocr_line' id='line_1_16' title="bbox 483 1576 2067 1651; baseline 0.001 -21"><span class='ocrx_word' id='word_1_113' title='bbox 483 1576 826 1632; x_wconf 83' lang='lat' dir='ltr'><strong>ctificationis</strong></span> <span class='ocrx_word' id='word_1_114' title='bbox 866 1593 1118 1632; x_wconf 82' lang='lat' dir='ltr'><strong>mensura</strong></span> <span class='ocrx_word' id='word_1_115' title='bbox 1173 1578 1502 1649; x_wconf 83' lang='lat' dir='ltr'><strong>praecipitur,</strong></span> <span class='ocrx_word' id='word_1_116' title='bbox 1554 1586 1615 1632; x_wconf 90' lang='lat' dir='ltr'><strong>ut</strong></span> <span class='ocrx_word' id='word_1_117' title='bbox 1664 1578 1851 1651; x_wconf 76' lang='lat' dir='ltr'><strong>viginti</strong></span> <span class='ocrx_word' id='word_1_118' title='bbox 1904 1579 2067 1647; x_wconf 88' lang='lat' dir='ltr'><strong>quin-</strong></span> 
     </span>
    </p>
   </div>
   <div class='ocr_carea' id='block_1_17' title="bbox 481 1665 2068 1739">
    <p class='ocr_par' dir='ltr' id='par_1_17' title="bbox 481 1665 2068 1739">
     <span class='ocr_line' id='line_1_17' title="bbox 481 1665 2068 1739; baseline 0.005 -22"><span class='ocrx_word' id='word_1_119' title='bbox 481 1680 588 1733; x_wconf 86' lang='lat' dir='ltr'><strong>que</strong></span> <span class='ocrx_word' id='word_1_120' title='bbox 615 1665 839 1720; x_wconf 88' lang='lat' dir='ltr'><strong>millium</strong></span> <span class='ocrx_word' id='word_1_121' title='bbox 879 1667 1211 1722; x_wconf 82' lang='lat' dir='ltr'><strong>calamorum</strong></span> <span class='ocrx_word' id='word_1_122' title='bbox 1248 1669 1300 1722; x_wconf 89' lang='lat' dir='ltr'><strong>in</strong></span> <span class='ocrx_word' id='word_1_123' title='bbox 1322 1668 1658 1739; x_wconf 77' lang='lat' dir='ltr'><strong>longitudine</strong></span> <span class='ocrx_word' id='word_1_124' title='bbox 1693 1679 1745 1724; x_wconf 87' lang='lat' dir='ltr'><strong>et</strong></span> <span class='ocrx_word' id='word_1_125' title='bbox 1780 1669 2068 1725; x_wconf 84' lang='lat' dir='ltr'><strong>latitudine</strong></span> 
     </span>
    </p>
   </div>
   <div class='ocr_carea' id='block_1_18' title="bbox 484 1759 2063 1833">
    <p class='ocr_par' dir='ltr' id='par_1_18' title="bbox 484 1759 2063 1833">
     <span class='ocr_line' id='line_1_18' title="bbox 484 1759 2063 1833; baseline 0.005 -22"><span class='ocrx_word' id='word_1_126' title='bbox 484 1759 670 1812; x_wconf 86' lang='lat' dir='ltr'><strong>decem</strong></span> <span class='ocrx_word' id='word_1_127' title='bbox 716 1759 962 1823; x_wconf 91' lang='lat' dir='ltr'><strong>millium,</strong></span> <span class='ocrx_word' id='word_1_128' title='bbox 997 1770 1120 1830; x_wconf 90' lang='lat' dir='ltr'><strong>post</strong></span> <span class='ocrx_word' id='word_1_129' title='bbox 1164 1762 1497 1833; x_wconf 89' lang='lat' dir='ltr'><strong>superiorem</strong></span> <span class='ocrx_word' id='word_1_130' title='bbox 1550 1779 1860 1819; x_wconf 86' lang='lat' dir='ltr'><strong>mensuram</strong></span> <span class='ocrx_word' id='word_1_131' title='bbox 1914 1773 2063 1819; x_wconf 85' lang='lat' dir='ltr'><strong>terra</strong></span> 
     </span>
    </p>
   </div>
   <div class='ocr_carea' id='block_1_19' title="bbox 482 1828 2139 1923">
    <p class='ocr_par' dir='ltr' id='par_1_19' title="bbox 482 1828 2139 1923">
     <span class='ocr_line' id='line_1_19' title="bbox 482 1828 2139 1923; baseline 0.007 -24"><span class='ocrx_word' id='word_1_132' title='bbox 482 1846 587 1900; x_wconf 87' lang='lat' dir='ltr'><strong>alia</strong></span> <span class='ocrx_word' id='word_1_133' title='bbox 612 1848 885 1915; x_wconf 88' lang='lat' dir='ltr'><strong>metiatur,</strong></span> <span class='ocrx_word' id='word_1_134' title='bbox 914 1850 968 1903; x_wconf 92' lang='lat' dir='ltr'><strong>in</strong></span> <span class='ocrx_word' id='word_1_135' title='bbox 995 1828 1099 1920; x_wconf 79' lang='lat' dir='ltr'><strong>qua</strong></span> <span class='ocrx_word' id='word_1_136' title='bbox 1122 1828 1464 1920; x_wconf 82' lang='lat' dir='ltr'><strong>nequaquam</strong></span> <span class='ocrx_word' id='word_1_137' title='bbox 1493 1853 1567 1907; x_wconf 88' lang='lat' dir='ltr'><strong>sit</strong></span> <span class='ocrx_word' id='word_1_138' title='bbox 1598 1853 1878 1923; x_wconf 86' lang='lat' dir='ltr'><strong>templum,</strong></span> <span class='ocrx_word' id='word_1_139' title='bbox 1904 1854 1956 1909; x_wconf 90' lang='lat' dir='ltr'><strong>id</strong></span> <span class='ocrx_word' id='word_1_140' title='bbox 1977 1864 2063 1910; x_wconf 79' lang='lat' dir='ltr'><strong>ert</strong></span> <span class='ocrx_word' id='word_1_141' title='bbox 2095 1828 2139 1887; x_wconf 79' lang='grc' dir='ltr'>Β</span> 
     </span>
    </p>
   </div>
   <div class='ocr_carea' id='block_1_20' title="bbox 484 1939 2065 2010">
    <p class='ocr_par' dir='ltr' id='par_1_20' title="bbox 484 1939 2065 2010">
     <span class='ocr_line' id='line_1_20' title="bbox 484 1939 2065 2010; baseline 0.004 -19"><span class='ocrx_word' id='word_1_142' title='bbox 484 1946 758 2002; x_wconf 86' lang='lat' dir='ltr'><strong>sanctum,</strong></span> <span class='ocrx_word' id='word_1_143' title='bbox 782 1939 875 1993; x_wconf 89' lang='lat' dir='ltr'><strong>sed</strong></span> <span class='ocrx_word' id='word_1_144' title='bbox 904 1949 1149 1995; x_wconf 86' lang='lat' dir='ltr'><strong>sanctum</strong></span> <span class='ocrx_word' id='word_1_145' title='bbox 1178 1950 1532 2010; x_wconf 86' lang='lat' dir='ltr'><strong>sanctumque</strong></span> <span class='ocrx_word' id='word_1_146' title='bbox 1555 1951 1864 1997; x_wconf 90' lang='lat' dir='ltr'><strong>sanctorum</strong></span> <span class='ocrx_word' id='word_1_147' title='bbox 1894 1961 1907 1997; x_wconf 92' lang='lat'><strong>:</strong></span> <span class='ocrx_word' id='word_1_148' title='bbox 1942 1960 1962 1995; x_wconf 74' lang='grc' dir='ltr'>ι</span> <span class='ocrx_word' id='word_1_149' title='bbox 1999 1943 2065 1998; x_wconf 87' lang='lat' dir='ltr'><strong>Et</strong></span> 
     </span>
    </p>
   </div>
   <div class='ocr_carea' id='block_1_21' title="bbox 485 2025 2068 2100">
    <p class='ocr_par' dir='ltr' id='par_1_21' title="bbox 485 2025 2068 2100">
     <span class='ocr_line' id='line_1_21' title="bbox 485 2025 2068 2100; baseline 0.003 -18"><span class='ocrx_word' id='word_1_150' title='bbox 485 2025 732 2082; x_wconf 86' lang='lat' dir='ltr'><strong>habitent</strong></span> <span class='ocrx_word' id='word_1_151' title='bbox 771 2030 823 2081; x_wconf 86' lang='lat' dir='ltr'><strong>in</strong></span> <span class='ocrx_word' id='word_1_152' title='bbox 865 2042 928 2082; x_wconf 91' lang='lat' dir='ltr'><strong>ea</strong></span> <span class='ocrx_word' id='word_1_153' title='bbox 954 2031 1259 2085; x_wconf 86' lang='lat' dir='ltr'><strong>sacerdotes</strong></span> <span class='ocrx_word' id='word_1_154' title='bbox 1295 2029 1387 2100; x_wconf 89' lang='lat' dir='ltr'><strong>qui</strong></span> <span class='ocrx_word' id='word_1_155' title='bbox 1414 2031 1675 2086; x_wconf 91' lang='lat' dir='ltr'><strong>accedunt</strong></span> <span class='ocrx_word' id='word_1_156' title='bbox 1718 2032 1786 2086; x_wconf 90' lang='lat' dir='ltr'><strong>ad</strong></span> <span class='ocrx_word' id='word_1_157' title='bbox 1823 2032 2068 2087; x_wconf 89' lang='lat' dir='ltr'><strong>ministe-</strong></span> 
     </span>
    </p>
   </div>
   <div class='ocr_carea' id='block_1_22' title="bbox 484 2118 2066 2193">
    <p class='ocr_par' dir='ltr' id='par_1_22' title="bbox 484 2118 2066 2193">
     <span class='ocr_line' id='line_1_22' title="bbox 484 2118 2066 2193; baseline 0.003 -19"><span class='ocrx_word' id='word_1_158' title='bbox 484 2118 624 2174; x_wconf 86' lang='lat' dir='ltr'><strong>rium</strong></span> <span class='ocrx_word' id='word_1_159' title='bbox 651 2119 880 2173; x_wconf 91' lang='lat' dir='ltr'><strong>Domini.</strong></span> <span class='ocrx_word' id='word_1_160' title='bbox 922 2138 940 2171; x_wconf 78' lang='grc' dir='ltr'><strong><em>ι</em></strong></span> <span class='ocrx_word' id='word_1_161' title='bbox 975 2119 1232 2175; x_wconf 83' lang='lat' dir='ltr'><strong>IIabitent</strong></span> <span class='ocrx_word' id='word_1_162' title='bbox 1261 2129 1439 2175; x_wconf 88' lang='lat' dir='ltr'><strong>autem</strong></span> <span class='ocrx_word' id='word_1_163' title='bbox 1466 2137 1531 2176; x_wconf 93' lang='lat' dir='ltr'><strong>eo</strong></span> <span class='ocrx_word' id='word_1_164' title='bbox 1574 2131 1816 2193; x_wconf 91' lang='lat' dir='ltr'><strong>tempore</strong></span> <span class='ocrx_word' id='word_1_165' title='bbox 1851 2123 2066 2193; x_wconf 87' lang='lat' dir='ltr'><strong>quando</strong></span> 
     </span>
    </p>
   </div>
   <div class='ocr_carea' id='block_1_23' title="bbox 484 2207 2061 2283">
    <p class='ocr_par' dir='ltr' id='par_1_23' title="bbox 484 2207 2061 2283">
     <span class='ocr_line' id='line_1_23' title="bbox 484 2207 2061 2283; baseline 0.002 -20"><span class='ocrx_word' id='word_1_166' title='bbox 484 2208 803 2263; x_wconf 79' lang='lat' dir='ltr'><strong>sacerdotali</strong></span> <span class='ocrx_word' id='word_1_167' title='bbox 829 2207 1121 2279; x_wconf 81' lang='lat' dir='ltr'><strong>funguntur</strong></span> <span class='ocrx_word' id='word_1_168' title='bbox 1141 2208 1317 2265; x_wconf 85' lang='lat' dir='ltr'><strong>olIicio</strong></span> <span class='ocrx_word' id='word_1_169' title='bbox 1338 2229 1352 2264; x_wconf 90' lang='lat'><strong>:</strong></span> <span class='ocrx_word' id='word_1_170' title='bbox 1377 2219 1431 2267; x_wconf 87' lang='lat' dir='ltr'><strong>et</strong></span> <span class='ocrx_word' id='word_1_171' title='bbox 1455 2211 1526 2267; x_wconf 89' lang='lat' dir='ltr'><strong>sit</strong></span> <span class='ocrx_word' id='word_1_172' title='bbox 1548 2211 1688 2283; x_wconf 89' lang='lat' dir='ltr'><strong>ipsa,</strong></span> <span class='ocrx_word' id='word_1_173' title='bbox 1714 2220 1775 2267; x_wconf 92' lang='lat' dir='ltr'><strong>ut</strong></span> <span class='ocrx_word' id='word_1_174' title='bbox 1804 2213 2061 2276; x_wconf 81' lang='lat' dir='ltr'><strong>diximus,</strong></span> 
     </span>
    </p>
   </div>
   <div class='ocr_carea' id='block_1_24' title="bbox 485 2299 2066 2372">
    <p class='ocr_par' dir='ltr' id='par_1_24' title="bbox 485 2299 2066 2372">
     <span class='ocr_line' id='line_1_24' title="bbox 485 2299 2066 2372; baseline 0.001 -19"><span class='ocrx_word' id='word_1_175' title='bbox 485 2299 757 2369; x_wconf 81' lang='lat' dir='ltr'><strong>possessio</strong></span> <span class='ocrx_word' id='word_1_176' title='bbox 782 2301 968 2371; x_wconf 75' lang='lat' dir='ltr'><strong>viginti</strong></span> <span class='ocrx_word' id='word_1_177' title='bbox 997 2302 1233 2372; x_wconf 90' lang='lat' dir='ltr'><strong>quinque</strong></span> <span class='ocrx_word' id='word_1_178' title='bbox 1258 2301 1480 2356; x_wconf 91' lang='lat' dir='ltr'><strong>millium</strong></span> <span class='ocrx_word' id='word_1_179' title='bbox 1508 2303 1839 2358; x_wconf 87' lang='lat' dir='ltr'><strong>calamorum</strong></span> <span class='ocrx_word' id='word_1_180' title='bbox 1868 2303 1923 2357; x_wconf 88' lang='lat' dir='ltr'><strong>in</strong></span> <span class='ocrx_word' id='word_1_181' title='bbox 1952 2302 2066 2356; x_wconf 88' lang='lat' dir='ltr'><strong>lon-</strong></span> 
     </span>
    </p>
   </div>
   <div class='ocr_carea' id='block_1_25' title="bbox 486 2391 2061 2461">
    <p class='ocr_par' dir='ltr' id='par_1_25' title="bbox 486 2391 2061 2461">
     <span class='ocr_line' id='line_1_25' title="bbox 486 2391 2061 2461; baseline 0.003 -18"><span class='ocrx_word' id='word_1_182' title='bbox 486 2391 747 2461; x_wconf 82' lang='lat' dir='ltr'><strong>gitndine,</strong></span> <span class='ocrx_word' id='word_1_183' title='bbox 779 2399 832 2445; x_wconf 89' lang='lat' dir='ltr'><strong>et</strong></span> <span class='ocrx_word' id='word_1_184' title='bbox 874 2391 1058 2447; x_wconf 85' lang='lat' dir='ltr'><strong>decem</strong></span> <span class='ocrx_word' id='word_1_185' title='bbox 1086 2392 1309 2446; x_wconf 87' lang='lat' dir='ltr'><strong>millium</strong></span> <span class='ocrx_word' id='word_1_186' title='bbox 1346 2394 1399 2449; x_wconf 91' lang='lat' dir='ltr'><strong>in</strong></span> <span class='ocrx_word' id='word_1_187' title='bbox 1442 2394 1747 2449; x_wconf 88' lang='lat' dir='ltr'><strong>latitudine.</strong></span> <span class='ocrx_word' id='word_1_188' title='bbox 1776 2394 1944 2449; x_wconf 81' lang='lat' dir='ltr'><strong>Porro</strong></span> <span class='ocrx_word' id='word_1_189' title='bbox 1964 2393 2061 2448; x_wconf 88' lang='lat' dir='ltr'><strong>Le-</strong></span> 
     </span>
    </p>
   </div>
   <div class='ocr_carea' id='block_1_26' title="bbox 485 2484 2065 2556">
    <p class='ocr_par' dir='ltr' id='par_1_26' title="bbox 485 2484 2065 2556">
     <span class='ocr_line' id='line_1_26' title="bbox 485 2484 2065 2556; baseline 0.001 -19"><span class='ocrx_word' id='word_1_190' title='bbox 485 2484 611 2537; x_wconf 80' lang='lat' dir='ltr'><strong>vita:</strong></span> <span class='ocrx_word' id='word_1_191' title='bbox 647 2484 737 2552; x_wconf 89' lang='lat' dir='ltr'><strong>qui</strong></span> <span class='ocrx_word' id='word_1_192' title='bbox 781 2485 1148 2540; x_wconf 87' lang='lat' dir='ltr'><strong>sacerdotibus</strong></span> <span class='ocrx_word' id='word_1_193' title='bbox 1199 2486 1462 2550; x_wconf 87' lang='lat' dir='ltr'><strong>serviunt,</strong></span> <span class='ocrx_word' id='word_1_194' title='bbox 1507 2496 1563 2540; x_wconf 88' lang='lat' dir='ltr'><strong>et</strong></span> <span class='ocrx_word' id='word_1_195' title='bbox 1609 2487 1807 2541; x_wconf 86' lang='lat' dir='ltr'><strong>habent</strong></span> <span class='ocrx_word' id='word_1_196' title='bbox 1846 2485 2065 2556; x_wconf 87' lang='lat' dir='ltr'><strong>propria</strong></span> 
     </span>
    </p>
   </div>
   <div class='ocr_carea' id='block_1_27' title="bbox 487 2574 2066 2648">
    <p class='ocr_par' dir='ltr' id='par_1_27' title="bbox 487 2574 2066 2648">
     <span class='ocr_line' id='line_1_27' title="bbox 487 2574 2066 2648; baseline 0.001 -18"><span class='ocrx_word' id='word_1_197' title='bbox 487 2574 807 2638; x_wconf 85' lang='lat' dir='ltr'><strong>ministeria,</strong></span> <span class='ocrx_word' id='word_1_198' title='bbox 834 2576 1103 2645; x_wconf 85' lang='lat' dir='ltr'><strong>accipient</strong></span> <span class='ocrx_word' id='word_1_199' title='bbox 1134 2576 1311 2630; x_wconf 89' lang='lat' dir='ltr'><strong>locum</strong></span> <span class='ocrx_word' id='word_1_200' title='bbox 1339 2578 1405 2631; x_wconf 92' lang='lat' dir='ltr'><strong>ad</strong></span> <span class='ocrx_word' id='word_1_201' title='bbox 1428 2576 1741 2632; x_wconf 79' lang='lat' dir='ltr'><strong>:edificanda</strong></span> <span class='ocrx_word' id='word_1_202' title='bbox 1766 2577 1952 2648; x_wconf 77' lang='lat' dir='ltr'><strong>viginti</strong></span> <span class='ocrx_word' id='word_1_203' title='bbox 1973 2594 2066 2647; x_wconf 64' lang='lat' dir='ltr'><strong>gao</strong></span> 
     </span>
    </p>
   </div>
   <div class='ocr_carea' id='block_1_28' title="bbox 488 2666 2063 2739">
    <p class='ocr_par' dir='ltr' id='par_1_28' title="bbox 488 2666 2063 2739">
     <span class='ocr_line' id='line_1_28' title="bbox 488 2666 2063 2739; baseline 0.002 -20"><span class='ocrx_word' id='word_1_204' title='bbox 488 2666 982 2737; x_wconf 78' lang='lat' dir='ltr'><strong>zopbylacia,juxta</strong></span> <span class='ocrx_word' id='word_1_205' title='bbox 1001 2667 1247 2736; x_wconf 85' lang='lat' dir='ltr'><strong>Aquilam</strong></span> <span class='ocrx_word' id='word_1_206' title='bbox 1262 2671 1502 2733; x_wconf 74' lang='lat' dir='ltr'><strong>exedras,</strong></span> <span class='ocrx_word' id='word_1_207' title='bbox 1510 2667 1661 2735; x_wconf 86' lang='lat' dir='ltr'><strong>juxta</strong></span> <span class='ocrx_word' id='word_1_208' title='bbox 1678 2667 2063 2739; x_wconf 74' lang='lat' dir='ltr'><strong>Symmachum</strong></span> 
     </span>
    </p>
   </div>
   <div class='ocr_carea' id='block_1_29' title="bbox 488 2756 2063 2829">
    <p class='ocr_par' dir='ltr' id='par_1_29' title="bbox 488 2756 2063 2829">
     <span class='ocr_line' id='line_1_29' title="bbox 488 2756 2063 2829; baseline 0.004 -21"><span class='ocrx_word' id='word_1_209' title='bbox 488 2756 769 2822; x_wconf 79' lang='lat' dir='ltr'><strong>thalamos,</strong></span> <span class='ocrx_word' id='word_1_210' title='bbox 800 2756 950 2825; x_wconf 83' lang='lat' dir='ltr'><strong>juxta</strong></span> <span class='ocrx_word' id='word_1_211' title='bbox 973 2756 1393 2813; x_wconf 88' lang='lat' dir='ltr'><strong>Theodotionem</strong></span> <span class='ocrx_word' id='word_1_212' title='bbox 1420 2774 1659 2828; x_wconf 75' lang='lat' dir='ltr'><strong>gazeras,</strong></span> <span class='ocrx_word' id='word_1_213' title='bbox 1686 2759 1819 2822; x_wconf 82' lang='lat' dir='ltr'><strong>sive,</strong></span> <span class='ocrx_word' id='word_1_214' title='bbox 1846 2767 1903 2813; x_wconf 91' lang='lat' dir='ltr'><strong>ut</strong></span> <span class='ocrx_word' id='word_1_215' title='bbox 1926 2757 2063 2829; x_wconf 87' lang='lat' dir='ltr'><strong>Sep-</strong></span> 
     </span>
    </p>
   </div>
   <div class='ocr_carea' id='block_1_30' title="bbox 487 2848 2068 2921">
    <p class='ocr_par' dir='ltr' id='par_1_30' title="bbox 487 2848 2068 2921">
     <span class='ocr_line' id='line_1_30' title="bbox 487 2848 2068 2921; baseline 0.002 -19"><span class='ocrx_word' id='word_1_216' title='bbox 487 2849 728 2918; x_wconf 81' lang='lat' dir='ltr'><strong>tuaginta</strong></span> <span class='ocrx_word' id='word_1_217' title='bbox 767 2848 1174 2915; x_wconf 88' lang='lat' dir='ltr'><strong>transtulerunt,</strong></span> <span class='ocrx_word' id='word_1_218' title='bbox 1219 2850 1498 2904; x_wconf 79' lang='lat' dir='ltr'><strong>civitatem.</strong></span> <span class='ocrx_word' id='word_1_219' title='bbox 1522 2849 1627 2905; x_wconf 84' lang='lat' dir='ltr'><strong>Per</strong></span> <span class='ocrx_word' id='word_1_220' title='bbox 1653 2853 1794 2921; x_wconf 91' lang='lat' dir='ltr'><strong>quod</strong></span> <span class='ocrx_word' id='word_1_221' title='bbox 1822 2851 2068 2921; x_wconf 80' lang='lat' dir='ltr'><strong>intelligi-</strong></span> 
     </span>
    </p>
   </div>
   <div class='ocr_carea' id='block_1_31' title="bbox 488 2940 2061 3010">
    <p class='ocr_par' dir='ltr' id='par_1_31' title="bbox 488 2940 2061 3010">
     <span class='ocr_line' id='line_1_31' title="bbox 488 2940 2061 3010; baseline 0.004 -19"><span class='ocrx_word' id='word_1_222' title='bbox 488 2951 611 2992; x_wconf 87' lang='lat' dir='ltr'><strong>mus</strong></span> <span class='ocrx_word' id='word_1_223' title='bbox 640 2948 946 3007; x_wconf 87' lang='lat' dir='ltr'><strong>separatum</strong></span> <span class='ocrx_word' id='word_1_224' title='bbox 971 2940 1256 3010; x_wconf 88' lang='lat' dir='ltr'><strong>quemdam</strong></span> <span class='ocrx_word' id='word_1_225' title='bbox 1280 2940 1456 2996; x_wconf 89' lang='lat' dir='ltr'><strong>locum</strong></span> <span class='ocrx_word' id='word_1_226' title='bbox 1471 2940 1539 2995; x_wconf 93' lang='lat' dir='ltr'><strong>ad</strong></span> <span class='ocrx_word' id='word_1_227' title='bbox 1561 2941 1941 2997; x_wconf 90' lang='lat' dir='ltr'><strong>habitationem</strong></span> <span class='ocrx_word' id='word_1_228' title='bbox 1964 2942 2061 2997; x_wconf 83' lang='lat' dir='ltr'><strong>Le-</strong></span> 
     </span>
    </p>
   </div>
   <div class='ocr_carea' id='block_1_32' title="bbox 484 3028 2063 3102">
    <p class='ocr_par' dir='ltr' id='par_1_32' title="bbox 484 3028 2063 3102">
     <span class='ocr_line' id='line_1_32' title="bbox 484 3028 2063 3102; baseline 0.006 -23"><span class='ocrx_word' id='word_1_229' title='bbox 484 3028 741 3091; x_wconf 83' lang='lat' dir='ltr'><strong>vitarum,</strong></span> <span class='ocrx_word' id='word_1_230' title='bbox 755 3028 905 3084; x_wconf 89' lang='lat' dir='ltr'><strong>urbis</strong></span> <span class='ocrx_word' id='word_1_231' title='bbox 922 3030 1181 3085; x_wconf 83' lang='lat' dir='ltr'><strong>vocabulo</strong></span> <span class='ocrx_word' id='word_1_232' title='bbox 1196 3031 1513 3099; x_wconf 89' lang='lat' dir='ltr'><strong>nuncupari,</strong></span> <span class='ocrx_word' id='word_1_233' title='bbox 1533 3031 1624 3100; x_wconf 87' lang='lat' dir='ltr'><strong>qui</strong></span> <span class='ocrx_word' id='word_1_234' title='bbox 1648 3030 1795 3086; x_wconf 87' lang='lat' dir='ltr'><strong>locus</strong></span> <span class='ocrx_word' id='word_1_235' title='bbox 1821 3032 2063 3102; x_wconf 92' lang='lat' dir='ltr'><strong>quinque</strong></span> 
     </span>
    </p>
   </div>
   <div class='ocr_carea' id='block_1_33' title="bbox 488 3116 2056 3193">
    <p class='ocr_par' dir='ltr' id='par_1_33' title="bbox 488 3116 2056 3193">
     <span class='ocr_line' id='line_1_33' title="bbox 488 3116 2056 3193; baseline 0.003 -21"><span class='ocrx_word' id='word_1_236' title='bbox 488 3116 654 3172; x_wconf 87' lang='lat' dir='ltr'><strong>millia</strong></span> <span class='ocrx_word' id='word_1_237' title='bbox 702 3118 898 3172; x_wconf 83' lang='lat' dir='ltr'><strong>habeat</strong></span> <span class='ocrx_word' id='word_1_238' title='bbox 950 3119 1276 3174; x_wconf 86' lang='lat' dir='ltr'><strong>calamorum</strong></span> <span class='ocrx_word' id='word_1_239' title='bbox 1318 3120 1371 3173; x_wconf 93' lang='lat' dir='ltr'><strong>in</strong></span> <span class='ocrx_word' id='word_1_240' title='bbox 1412 3119 1715 3185; x_wconf 86' lang='lat' dir='ltr'><strong>latitudine,</strong></span> <span class='ocrx_word' id='word_1_241' title='bbox 1766 3130 1821 3175; x_wconf 91' lang='lat' dir='ltr'><strong>et</strong></span> <span class='ocrx_word' id='word_1_242' title='bbox 1871 3123 2056 3193; x_wconf 87' lang='lat' dir='ltr'><strong>viginti</strong></span> 
     </span>
    </p>
   </div>
   <div class='ocr_carea' id='block_1_34' title="bbox 487 3211 2058 3283">
    <p class='ocr_par' dir='ltr' id='par_1_34' title="bbox 487 3211 2058 3283">
     <span class='ocr_line' id='line_1_34' title="bbox 487 3211 2058 3283; baseline 0.003 -18"><span class='ocrx_word' id='word_1_243' title='bbox 487 3211 726 3282; x_wconf 91' lang='lat' dir='ltr'><strong>quinque</strong></span> <span class='ocrx_word' id='word_1_244' title='bbox 748 3211 912 3267; x_wconf 90' lang='lat' dir='ltr'><strong>millia</strong></span> <span class='ocrx_word' id='word_1_245' title='bbox 940 3212 992 3267; x_wconf 90' lang='lat' dir='ltr'><strong>in</strong></span> <span class='ocrx_word' id='word_1_246' title='bbox 1013 3212 1367 3283; x_wconf 80' lang='lat' dir='ltr'><strong>longitudine.</strong></span> <span class='ocrx_word' id='word_1_247' title='bbox 1393 3211 1518 3269; x_wconf 58' lang='lat' dir='ltr'><strong>Haec</strong></span> <span class='ocrx_word' id='word_1_248' title='bbox 1549 3224 1728 3268; x_wconf 86' lang='lat' dir='ltr'><strong>autem</strong></span> <span class='ocrx_word' id='word_1_249' title='bbox 1766 3214 1970 3279; x_wconf 84' lang='lat' dir='ltr'><strong>omnia,</strong></span> <span class='ocrx_word' id='word_1_250' title='bbox 2007 3216 2058 3269; x_wconf 92' lang='lat' dir='ltr'><strong>id</strong></span> 
     </span>
    </p>
   </div>
   <div class='ocr_carea' id='block_1_35' title="bbox 487 3302 2061 3366">
    <p class='ocr_par' dir='ltr' id='par_1_35' title="bbox 487 3302 2061 3366">
     <span class='ocr_line' id='line_1_35' title="bbox 487 3302 2061 3366; baseline 0.001 -10"><span class='ocrx_word' id='word_1_251' title='bbox 487 3313 592 3364; x_wconf 86' lang='lat' dir='ltr'><strong>est,</strong></span> <span class='ocrx_word' id='word_1_252' title='bbox 633 3302 999 3357; x_wconf 88' lang='lat' dir='ltr'><strong>sanctuarium</strong></span> <span class='ocrx_word' id='word_1_253' title='bbox 1029 3312 1082 3357; x_wconf 89' lang='lat' dir='ltr'><strong>et</strong></span> <span class='ocrx_word' id='word_1_254' title='bbox 1105 3304 1332 3357; x_wconf 90' lang='lat' dir='ltr'><strong>alterum</strong></span> <span class='ocrx_word' id='word_1_255' title='bbox 1367 3305 1755 3366; x_wconf 86' lang='lat' dir='ltr'><strong>sanctuarium,</strong></span> <span class='ocrx_word' id='word_1_256' title='bbox 1786 3314 2061 3359; x_wconf 89' lang='lat' dir='ltr'><strong>sanctum-</strong></span> 
     </span>
    </p>
   </div>
   <div class='ocr_carea' id='block_1_36' title="bbox 486 3394 2061 3462">
    <p class='ocr_par' dir='ltr' id='par_1_36' title="bbox 486 3394 2061 3462">
     <span class='ocr_line' id='line_1_36' title="bbox 486 3394 2061 3462; baseline 0.002 -15"><span class='ocrx_word' id='word_1_257' title='bbox 486 3408 593 3462; x_wconf 90' lang='lat' dir='ltr'><strong>que</strong></span> <span class='ocrx_word' id='word_1_258' title='bbox 622 3402 929 3448; x_wconf 87' lang='lat' dir='ltr'><strong>sanctorum</strong></span> <span class='ocrx_word' id='word_1_259' title='bbox 956 3404 1010 3449; x_wconf 93' lang='lat' dir='ltr'><strong>et</strong></span> <span class='ocrx_word' id='word_1_260' title='bbox 1050 3394 1351 3449; x_wconf 82' lang='lat' dir='ltr'><strong>habitacula</strong></span> <span class='ocrx_word' id='word_1_261' title='bbox 1379 3396 1716 3450; x_wconf 86' lang='lat' dir='ltr'><strong>sacerdotum</strong></span> <span class='ocrx_word' id='word_1_262' title='bbox 1737 3437 1750 3460; x_wconf 91' lang='lat'><strong>,</strong></span> <span class='ocrx_word' id='word_1_263' title='bbox 1790 3404 1844 3449; x_wconf 90' lang='lat' dir='ltr'><strong>ct</strong></span> <span class='ocrx_word' id='word_1_264' title='bbox 1871 3397 2061 3451; x_wconf 90' lang='lat' dir='ltr'><strong>domus</strong></span> 
     </span>
    </p>
   </div>
   <div class='ocr_carea' id='block_1_37' title="bbox 483 3485 2062 3559">
    <p class='ocr_par' dir='ltr' id='par_1_37' title="bbox 483 3485 2062 3559">
     <span class='ocr_line' id='line_1_37' title="bbox 483 3485 2062 3559; baseline 0 -15"><span class='ocrx_word' id='word_1_265' title='bbox 483 3485 793 3544; x_wconf 78' lang='lat' dir='ltr'><strong>Levitarum</strong></span> <span class='ocrx_word' id='word_1_266' title='bbox 830 3487 920 3559; x_wconf 88' lang='lat' dir='ltr'><strong>qui</strong></span> <span class='ocrx_word' id='word_1_267' title='bbox 953 3486 1260 3543; x_wconf 86' lang='lat' dir='ltr'><strong>ministrant</strong></span> <span class='ocrx_word' id='word_1_268' title='bbox 1296 3489 1685 3554; x_wconf 87' lang='lat' dir='ltr'><strong>sacerdotibus,</strong></span> <span class='ocrx_word' id='word_1_269' title='bbox 1725 3488 2062 3559; x_wconf 85' lang='lat' dir='ltr'><strong>appellantur</strong></span> 
     </span>
    </p>
   </div>
   <div class='ocr_carea' id='block_1_38' title="bbox 485 3576 2060 3649">
    <p class='ocr_par' dir='ltr' id='par_1_38' title="bbox 485 3576 2060 3649">
     <span class='ocr_line' id='line_1_38' title="bbox 485 3576 2060 3649; baseline 0 -15"><span class='ocrx_word' id='word_1_270' title='bbox 485 3576 605 3634; x_wconf 84' lang='lat' dir='ltr'><strong>loca</strong></span> <span class='ocrx_word' id='word_1_271' title='bbox 643 3587 889 3649; x_wconf 86' lang='lat' dir='ltr'><strong>separata</strong></span> <span class='ocrx_word' id='word_1_272' title='bbox 930 3588 983 3633; x_wconf 88' lang='lat' dir='ltr'><strong>et</strong></span> <span class='ocrx_word' id='word_1_273' title='bbox 1018 3587 1330 3633; x_wconf 90' lang='lat' dir='ltr'><strong>consecrata</strong></span> <span class='ocrx_word' id='word_1_274' title='bbox 1377 3579 1431 3633; x_wconf 91' lang='lat' dir='ltr'><strong>in</strong></span> <span class='ocrx_word' id='word_1_275' title='bbox 1478 3580 1855 3643; x_wconf 85' lang='lat' dir='ltr'><strong>ministerium,</strong></span> <span class='ocrx_word' id='word_1_276' title='bbox 1907 3588 1961 3634; x_wconf 89' lang='lat' dir='ltr'><strong>et</strong></span> <span class='ocrx_word' id='word_1_277' title='bbox 2006 3581 2060 3634; x_wconf 93' lang='lat' dir='ltr'><strong>in</strong></span> 
     </span>
    </p>
   </div>
   <div class='ocr_carea' id='block_1_39' title="bbox 485 3669 2059 3741">
    <p class='ocr_par' dir='ltr' id='par_1_39' title="bbox 485 3669 2059 3741">
     <span class='ocr_line' id='line_1_39' title="bbox 485 3669 2059 3741; baseline 0.001 -15"><span class='ocrx_word' id='word_1_278' title='bbox 485 3669 972 3726; x_wconf 81' lang='lat' dir='ltr'><strong>sanctiﬁcationem</strong></span> <span class='ocrx_word' id='word_1_279' title='bbox 1026 3669 1207 3724; x_wconf 86' lang='lat' dir='ltr'><strong>domui</strong></span> <span class='ocrx_word' id='word_1_280' title='bbox 1258 3669 1440 3726; x_wconf 88' lang='lat' dir='ltr'><strong>Israel.</strong></span> <span class='ocrx_word' id='word_1_281' title='bbox 1486 3669 1614 3725; x_wconf 87' lang='lat' dir='ltr'><strong>Post</strong></span> <span class='ocrx_word' id='word_1_282' title='bbox 1660 3672 2059 3741; x_wconf 90' lang='lat' dir='ltr'><strong>quadruplicem</strong></span> 
     </span>
    </p>
   </div>
   <div class='ocr_carea' id='block_1_40' title="bbox 488 3763 2053 3836">
    <p class='ocr_par' dir='ltr' id='par_1_40' title="bbox 488 3763 2053 3836">
     <span class='ocr_line' id='line_1_40' title="bbox 488 3763 2053 3836; baseline 0 -17"><span class='ocrx_word' id='word_1_283' title='bbox 488 3771 649 3822; x_wconf 70' lang='lat' dir='ltr'><strong>terra:</strong></span> <span class='ocrx_word' id='word_1_284' title='bbox 674 3771 872 3821; x_wconf 73' lang='lat' dir='ltr'><strong>sancta:</strong></span> <span class='ocrx_word' id='word_1_285' title='bbox 907 3763 1319 3832; x_wconf 89' lang='lat' dir='ltr'><strong>descriptionem</strong></span> <span class='ocrx_word' id='word_1_286' title='bbox 1364 3765 1583 3833; x_wconf 88' lang='lat' dir='ltr'><strong>ponitur</strong></span> <span class='ocrx_word' id='word_1_287' title='bbox 1619 3766 1804 3836; x_wconf 88' lang='lat' dir='ltr'><strong>quinta</strong></span> <span class='ocrx_word' id='word_1_288' title='bbox 1846 3766 2053 3821; x_wconf 89' lang='lat' dir='ltr'><strong>divisio.</strong></span> 
     </span>
    </p>
   </div>
   <div class='ocr_carea' id='block_1_41' title="bbox 470 3853 2057 3931">
    <p class='ocr_par' dir='ltr' id='par_1_41' title="bbox 470 3853 2057 3931">
     <span class='ocr_line' id='line_1_41' title="bbox 470 3853 2057 3931; baseline 0 -20"><span class='ocrx_word' id='word_1_289' title='bbox 470 3853 745 3931; x_wconf 78' lang='lat' dir='ltr'><strong>Princeps</strong></span> <span class='ocrx_word' id='word_1_290' title='bbox 779 3855 892 3909; x_wconf 82' lang='lat' dir='ltr'><strong>sive</strong></span> <span class='ocrx_word' id='word_1_291' title='bbox 932 3856 1036 3909; x_wconf 69' lang='lat' dir='ltr'><strong>dux</strong></span> <span class='ocrx_word' id='word_1_292' title='bbox 1068 3856 1248 3927; x_wconf 91' lang='lat' dir='ltr'><strong>populi</strong></span> <span class='ocrx_word' id='word_1_293' title='bbox 1274 3858 1501 3928; x_wconf 91' lang='lat' dir='ltr'><strong>accipiat</strong></span> <span class='ocrx_word' id='word_1_294' title='bbox 1544 3858 1669 3913; x_wconf 92' lang='lat' dir='ltr'><strong>hiuc</strong></span> <span class='ocrx_word' id='word_1_295' title='bbox 1694 3868 1750 3913; x_wconf 90' lang='lat' dir='ltr'><strong>et</strong></span> <span class='ocrx_word' id='word_1_296' title='bbox 1779 3860 1927 3921; x_wconf 88' lang='lat' dir='ltr'><strong>inde,</strong></span> <span class='ocrx_word' id='word_1_297' title='bbox 1952 3858 2057 3912; x_wconf 89' lang='lat' dir='ltr'><strong>hoc</strong></span> 
     </span>
    </p>
   </div>
   <div class='ocr_carea' id='block_1_42' title="bbox 488 3949 2055 4019">
    <p class='ocr_par' dir='ltr' id='par_1_42' title="bbox 488 3949 2055 4019">
     <span class='ocr_line' id='line_1_42' title="bbox 488 3949 2055 4019; baseline -0.001 -16"><span class='ocrx_word' id='word_1_298' title='bbox 488 3954 572 4003; x_wconf 87' lang='lat' dir='ltr'><strong>est</strong></span> <span class='ocrx_word' id='word_1_299' title='bbox 625 3961 689 4000; x_wconf 74' lang='lat' dir='ltr'><strong>ex</strong></span> <span class='ocrx_word' id='word_1_300' title='bbox 745 3955 973 4015; x_wconf 83' lang='lat' dir='ltr'><strong>utraque</strong></span> <span class='ocrx_word' id='word_1_301' title='bbox 1025 3956 1175 4017; x_wconf 90' lang='lat' dir='ltr'><strong>parte</strong></span> <span class='ocrx_word' id='word_1_302' title='bbox 1227 3949 1514 4004; x_wconf 81' lang='lat' dir='ltr'><strong>sanctuarii</strong></span> <span class='ocrx_word' id='word_1_303' title='bbox 1562 3951 1614 4004; x_wconf 91' lang='lat' dir='ltr'><strong>in</strong></span> <span class='ocrx_word' id='word_1_304' title='bbox 1660 3950 2055 4019; x_wconf 82' lang='lat' dir='ltr'><strong>possessionem</strong></span> 
     </span>
    </p>
   </div>
   <div class='ocr_carea' id='block_1_43' title="bbox 487 4039 2060 4111">
    <p class='ocr_par' dir='ltr' id='par_1_43' title="bbox 487 4039 2060 4111">
     <span class='ocr_line' id='line_1_43' title="bbox 487 4039 2060 4111; baseline 0.003 -22"><span class='ocrx_word' id='word_1_305' title='bbox 487 4041 665 4102; x_wconf 80' lang='lat' dir='ltr'><strong>suam,</strong></span> <span class='ocrx_word' id='word_1_306' title='bbox 697 4046 751 4093; x_wconf 90' lang='lat' dir='ltr'><strong>et</strong></span> <span class='ocrx_word' id='word_1_307' title='bbox 776 4039 827 4093; x_wconf 92' lang='lat' dir='ltr'><strong>in</strong></span> <span class='ocrx_word' id='word_1_308' title='bbox 853 4040 985 4093; x_wconf 88' lang='lat' dir='ltr'><strong>urbe</strong></span> <span class='ocrx_word' id='word_1_309' title='bbox 1011 4048 1274 4104; x_wconf 85' lang='lat' dir='ltr'><strong>versetur,</strong></span> <span class='ocrx_word' id='word_1_310' title='bbox 1311 4040 1668 4110; x_wconf 88' lang='lat' dir='ltr'><strong>respiciatquc</strong></span> <span class='ocrx_word' id='word_1_311' title='bbox 1706 4043 1822 4111; x_wconf 88' lang='lat' dir='ltr'><strong>ejus</strong></span> <span class='ocrx_word' id='word_1_312' title='bbox 1848 4056 2060 4111; x_wconf 82' lang='lat' dir='ltr'><strong>posses-</strong></span> 
     </span>
    </p>
   </div>
   <div class='ocr_carea' id='block_1_44' title="bbox 487 4129 2062 4201">
    <p class='ocr_par' dir='ltr' id='par_1_44' title="bbox 487 4129 2062 4201">
     <span class='ocr_line' id='line_1_44' title="bbox 487 4129 2062 4201; baseline -0.001 -15"><span class='ocrx_word' id='word_1_313' title='bbox 487 4130 572 4188; x_wconf 78' lang='lat' dir='ltr'><strong>sio</strong></span> <span class='ocrx_word' id='word_1_314' title='bbox 599 4129 664 4183; x_wconf 91' lang='lat' dir='ltr'><strong>ad</strong></span> <span class='ocrx_word' id='word_1_315' title='bbox 696 4139 1002 4200; x_wconf 87' lang='lat' dir='ltr'><strong>separatum</strong></span> <span class='ocrx_word' id='word_1_316' title='bbox 1039 4130 1235 4201; x_wconf 91' lang='lat' dir='ltr'><strong>templo</strong></span> <span class='ocrx_word' id='word_1_317' title='bbox 1262 4131 1435 4186; x_wconf 87' lang='lat' dir='ltr'><strong>locum</strong></span> <span class='ocrx_word' id='word_1_318' title='bbox 1459 4140 1513 4185; x_wconf 87' lang='lat' dir='ltr'><strong>et</strong></span> <span class='ocrx_word' id='word_1_319' title='bbox 1540 4132 1729 4187; x_wconf 81' lang='lat' dir='ltr'><strong>faciem</strong></span> <span class='ocrx_word' id='word_1_320' title='bbox 1771 4133 1942 4195; x_wconf 83' lang='lat' dir='ltr'><strong>urbis,</strong></span> <span class='ocrx_word' id='word_1_321' title='bbox 1966 4132 2062 4185; x_wconf 87' lang='lat' dir='ltr'><strong>sit-</strong></span> 
     </span>
    </p>
   </div>
   <div class='ocr_carea' id='block_1_45' title="bbox 487 4220 2059 4291">
    <p class='ocr_par' dir='ltr' id='par_1_45' title="bbox 487 4220 2059 4291">
     <span class='ocr_line' id='line_1_45' title="bbox 487 4220 2059 4291; baseline 0.001 -17"><span class='ocrx_word' id='word_1_322' title='bbox 487 4236 643 4288; x_wconf 89' lang='lat' dir='ltr'><strong>quea</strong></span> <span class='ocrx_word' id='word_1_323' title='bbox 681 4220 846 4275; x_wconf 87' lang='lat' dir='ltr'><strong>latere</strong></span> <span class='ocrx_word' id='word_1_324' title='bbox 891 4222 1078 4281; x_wconf 87' lang='lat' dir='ltr'><strong>maris,</strong></span> <span class='ocrx_word' id='word_1_325' title='bbox 1117 4221 1219 4275; x_wconf 88' lang='lat' dir='ltr'><strong>hoc</strong></span> <span class='ocrx_word' id='word_1_326' title='bbox 1247 4229 1323 4276; x_wconf 89' lang='lat' dir='ltr'><strong>est</strong></span> <span class='ocrx_word' id='word_1_327' title='bbox 1364 4220 1432 4274; x_wconf 88' lang='lat' dir='ltr'><strong>ab</strong></span> <span class='ocrx_word' id='word_1_328' title='bbox 1472 4222 1750 4275; x_wconf 87' lang='lat' dir='ltr'><strong>occidente</strong></span> <span class='ocrx_word' id='word_1_329' title='bbox 1796 4237 1966 4291; x_wconf 89' lang='lat' dir='ltr'><strong>usque</strong></span> <span class='ocrx_word' id='word_1_330' title='bbox 1994 4221 2059 4275; x_wconf 89' lang='lat' dir='ltr'><strong>ad</strong></span> 
     </span>
    </p>
   </div>
   <div class='ocr_carea' id='block_1_46' title="bbox 487 4310 2063 4379">
    <p class='ocr_par' dir='ltr' id='par_1_46' title="bbox 487 4310 2063 4379">
     <span class='ocr_line' id='line_1_46' title="bbox 487 4310 2063 4379; baseline -0.002 -11"><span class='ocrx_word' id='word_1_331' title='bbox 487 4310 717 4368; x_wconf 70' lang='lat' dir='ltr'><strong>alterum</strong></span> <span class='ocrx_word' id='word_1_332' title='bbox 762 4311 900 4365; x_wconf 89' lang='lat' dir='ltr'><strong>latus</strong></span> <span class='ocrx_word' id='word_1_333' title='bbox 938 4310 1133 4376; x_wconf 87' lang='lat' dir='ltr'><strong>maris;</strong></span> <span class='ocrx_word' id='word_1_334' title='bbox 1176 4310 1509 4365; x_wconf 90' lang='lat' dir='ltr'><strong>latitudinem</strong></span> <span class='ocrx_word' id='word_1_335' title='bbox 1542 4311 1745 4365; x_wconf 88' lang='lat' dir='ltr'><strong>habens</strong></span> <span class='ocrx_word' id='word_1_336' title='bbox 1777 4326 1936 4379; x_wconf 81' lang='lat' dir='ltr'><strong>quant</strong></span> <span class='ocrx_word' id='word_1_337' title='bbox 1982 4311 2063 4365; x_wconf 89' lang='lat' dir='ltr'><strong>in-</strong></span> 
     </span>
    </p>
   </div>
   <div class='ocr_carea' id='block_1_47' title="bbox 488 4398 2060 4469">
    <p class='ocr_par' dir='ltr' id='par_1_47' title="bbox 488 4398 2060 4469">
     <span class='ocr_line' id='line_1_47' title="bbox 488 4398 2060 4469; baseline 0 -16"><span class='ocrx_word' id='word_1_338' title='bbox 488 4398 658 4459; x_wconf 83' lang='lat' dir='ltr'><strong>ferius</strong></span> <span class='ocrx_word' id='word_1_339' title='bbox 692 4400 744 4453; x_wconf 93' lang='lat' dir='ltr'><strong>in</strong></span> <span class='ocrx_word' id='word_1_340' title='bbox 772 4400 1128 4469; x_wconf 90' lang='lat' dir='ltr'><strong>descriptione</strong></span> <span class='ocrx_word' id='word_1_341' title='bbox 1158 4400 1389 4453; x_wconf 90' lang='lat' dir='ltr'><strong>tribuum</strong></span> <span class='ocrx_word' id='word_1_342' title='bbox 1433 4398 1762 4468; x_wconf 82' lang='lat' dir='ltr'><strong>singularum</strong></span> <span class='ocrx_word' id='word_1_343' title='bbox 1796 4400 2060 4469; x_wconf 82' lang='lat' dir='ltr'><strong>Propheta</strong></span> 
     </span>
    </p>
   </div>
   <div class='ocr_carea' id='block_1_48' title="bbox 2087 3170 2135 3234">
    <p class='ocr_par' dir='ltr' id='par_1_48' title="bbox 2087 3170 2135 3234">
     <span class='ocr_line' id='line_1_48' title="bbox 2087 3170 2135 3234; baseline 0 0"><span class='ocrx_word' id='word_1_344' title='bbox 2087 3170 2135 3234; x_wconf 85' lang='lat' dir='ltr'><strong><em>C</em></strong></span> 
     </span>
    </p>
   </div>
   <div class='ocr_carea' id='block_1_49' title="bbox 2169 580 3752 651">
    <p class='ocr_par' dir='ltr' id='par_1_49' title="bbox 2169 580 3752 651">
     <span class='ocr_line' id='line_1_49' title="bbox 2169 580 3752 651; baseline 0.009 -20"><span class='ocrx_word' id='word_1_345' title='bbox 2169 587 2252 632; x_wconf 87' lang='lat' dir='ltr'><strong>rat</strong></span> <span class='ocrx_word' id='word_1_346' title='bbox 2278 580 2332 633; x_wconf 91' lang='lat' dir='ltr'><strong>in</strong></span> <span class='ocrx_word' id='word_1_347' title='bbox 2364 582 2584 647; x_wconf 92' lang='lat' dir='ltr'><strong>mundo,</strong></span> <span class='ocrx_word' id='word_1_348' title='bbox 2618 592 2673 637; x_wconf 92' lang='lat' dir='ltr'><strong>ct</strong></span> <span class='ocrx_word' id='word_1_349' title='bbox 2695 583 2760 637; x_wconf 88' lang='lat' dir='ltr'><strong>ad</strong></span> <span class='ocrx_word' id='word_1_350' title='bbox 2789 584 3028 638; x_wconf 72' lang='lat' dir='ltr'><strong>ctelestia</strong></span> <span class='ocrx_word' id='word_1_351' title='bbox 3068 586 3149 640; x_wconf 91' lang='lat' dir='ltr'><strong>ire</strong></span> <span class='ocrx_word' id='word_1_352' title='bbox 3176 584 3417 651; x_wconf 89' lang='lat' dir='ltr'><strong>festinat,</strong></span> <span class='ocrx_word' id='word_1_353' title='bbox 3457 588 3752 645; x_wconf 85' lang='lat' dir='ltr'><strong>referenda</strong></span> 
     </span>
    </p>
   </div>
   <div class='ocr_carea' id='block_1_50' title="bbox 2166 673 3751 746">
    <p class='ocr_par' dir='ltr' id='par_1_50' title="bbox 2166 673 3751 746">
     <span class='ocr_line' id='line_1_50' title="bbox 2166 673 3751 746; baseline 0.007 -23"><span class='ocrx_word' id='word_1_354' title='bbox 2166 680 2293 725; x_wconf 89' lang='lat' dir='ltr'><strong>sunt</strong></span> <span class='ocrx_word' id='word_1_355' title='bbox 2318 673 2520 738; x_wconf 84' lang='lat' dir='ltr'><strong>omnia,</strong></span> <span class='ocrx_word' id='word_1_356' title='bbox 2548 673 2692 728; x_wconf 87' lang='lat' dir='ltr'><strong>utde</strong></span> <span class='ocrx_word' id='word_1_357' title='bbox 2717 674 2968 729; x_wconf 87' lang='lat' dir='ltr'><strong>universo</strong></span> <span class='ocrx_word' id='word_1_358' title='bbox 2994 676 3195 730; x_wconf 92' lang='lat' dir='ltr'><strong>mundo</strong></span> <span class='ocrx_word' id='word_1_359' title='bbox 3239 676 3528 746; x_wconf 79' lang='lat' dir='ltr'><strong>eligantur,</strong></span> <span class='ocrx_word' id='word_1_360' title='bbox 3568 679 3656 734; x_wconf 89' lang='lat' dir='ltr'><strong>alii</strong></span> <span class='ocrx_word' id='word_1_361' title='bbox 3694 682 3751 734; x_wconf 91' lang='lat' dir='ltr'><strong>in</strong></span> 
     </span>
    </p>
   </div>
   <div class='ocr_carea' id='block_1_51' title="bbox 2166 762 3754 840">
    <p class='ocr_par' dir='ltr' id='par_1_51' title="bbox 2166 762 3754 840">
     <span class='ocr_line' id='line_1_51' title="bbox 2166 762 3754 840; baseline 0.006 -25"><span class='ocrx_word' id='word_1_362' title='bbox 2166 762 2560 830; x_wconf 86' lang='lat' dir='ltr'><strong>possessionem</strong></span> <span class='ocrx_word' id='word_1_363' title='bbox 2600 762 2696 819; x_wconf 71' lang='lat' dir='ltr'><strong>De)</strong></span> <span class='ocrx_word' id='word_1_364' title='bbox 2740 764 2834 832; x_wconf 90' lang='lat' dir='ltr'><strong>qui</strong></span> <span class='ocrx_word' id='word_1_365' title='bbox 2863 773 3105 819; x_wconf 90' lang='lat' dir='ltr'><strong>sanctum</strong></span> <span class='ocrx_word' id='word_1_366' title='bbox 3136 767 3481 835; x_wconf 88' lang='lat' dir='ltr'><strong>possideant,</strong></span> <span class='ocrx_word' id='word_1_367' title='bbox 3522 767 3611 822; x_wconf 91' lang='lat' dir='ltr'><strong>alii</strong></span> <span class='ocrx_word' id='word_1_368' title='bbox 3649 770 3754 840; x_wconf 87' lang='lat' dir='ltr'><strong>qui</strong></span> 
     </span>
    </p>
   </div>
   <div class='ocr_carea' id='block_1_52' title="bbox 2168 851 3753 923">
    <p class='ocr_par' dir='ltr' id='par_1_52' title="bbox 2168 851 3753 923">
     <span class='ocr_line' id='line_1_52' title="bbox 2168 851 3753 923; baseline 0.007 -18"><span class='ocrx_word' id='word_1_369' title='bbox 2168 852 2236 905; x_wconf 91' lang='lat' dir='ltr'><strong>ad</strong></span> <span class='ocrx_word' id='word_1_370' title='bbox 2263 851 2467 920; x_wconf 89' lang='lat' dir='ltr'><strong>majora</strong></span> <span class='ocrx_word' id='word_1_371' title='bbox 2490 854 2836 923; x_wconf 83' lang='lat' dir='ltr'><strong>profecerim,</strong></span> <span class='ocrx_word' id='word_1_372' title='bbox 2865 862 3082 909; x_wconf 88' lang='lat' dir='ltr'><strong>teneant</strong></span> <span class='ocrx_word' id='word_1_373' title='bbox 3102 865 3286 910; x_wconf 89' lang='lat' dir='ltr'><strong>sancta</strong></span> <span class='ocrx_word' id='word_1_374' title='bbox 3311 867 3641 913; x_wconf 77' lang='lat' dir='ltr'><strong>sanctorum.</strong></span> <span class='ocrx_word' id='word_1_375' title='bbox 3687 860 3753 915; x_wconf 87' lang='lat' dir='ltr'><strong>In</strong></span> 
     </span>
    </p>
   </div>
   <div class='ocr_carea' id='block_1_53' title="bbox 2168 945 3754 1015">
    <p class='ocr_par' dir='ltr' id='par_1_53' title="bbox 2168 945 3754 1015">
     <span class='ocr_line' id='line_1_53' title="bbox 2168 945 3754 1015; baseline 0.003 -14"><span class='ocrx_word' id='word_1_376' title='bbox 2168 945 2432 1001; x_wconf 89' lang='lat' dir='ltr'><strong>ministris</strong></span> <span class='ocrx_word' id='word_1_377' title='bbox 2471 960 2685 1015; x_wconf 90' lang='lat' dir='ltr'><strong>quoque</strong></span> <span class='ocrx_word' id='word_1_378' title='bbox 2725 946 2860 1001; x_wconf 87' lang='lat' dir='ltr'><strong>ordo</strong></span> <span class='ocrx_word' id='word_1_379' title='bbox 2899 946 3146 1001; x_wconf 85' lang='lat' dir='ltr'><strong>diversus</strong></span> <span class='ocrx_word' id='word_1_380' title='bbox 3186 955 3272 1002; x_wconf 89' lang='lat' dir='ltr'><strong>est</strong></span> <span class='ocrx_word' id='word_1_381' title='bbox 3313 950 3651 1003; x_wconf 89' lang='lat' dir='ltr'><strong>sacerdotum</strong></span> <span class='ocrx_word' id='word_1_382' title='bbox 3692 959 3754 1005; x_wconf 85' lang='lat' dir='ltr'><strong>et</strong></span> 
     </span>
    </p>
   </div>
   <div class='ocr_carea' id='block_1_54' title="bbox 2167 1037 3757 1109">
    <p class='ocr_par' dir='ltr' id='par_1_54' title="bbox 2167 1037 3757 1109">
     <span class='ocr_line' id='line_1_54' title="bbox 2167 1037 3757 1109; baseline 0.002 -17"><span class='ocrx_word' id='word_1_383' title='bbox 2167 1038 2501 1104; x_wconf 87' lang='lat' dir='ltr'><strong>Levitarum,</strong></span> <span class='ocrx_word' id='word_1_384' title='bbox 2530 1053 2765 1108; x_wconf 89' lang='lat' dir='ltr'><strong>quorum</strong></span> <span class='ocrx_word' id='word_1_385' title='bbox 2804 1037 2893 1092; x_wconf 88' lang='lat' dir='ltr'><strong>alii</strong></span> <span class='ocrx_word' id='word_1_386' title='bbox 2930 1037 3269 1093; x_wconf 86' lang='lat' dir='ltr'><strong>orationibus</strong></span> <span class='ocrx_word' id='word_1_387' title='bbox 3299 1040 3413 1094; x_wconf 87' lang='lat' dir='ltr'><strong>suis</strong></span> <span class='ocrx_word' id='word_1_388' title='bbox 3441 1050 3607 1109; x_wconf 90' lang='lat' dir='ltr'><strong>atque</strong></span> <span class='ocrx_word' id='word_1_389' title='bbox 3635 1043 3757 1095; x_wconf 80' lang='lat' dir='ltr'><strong>vir-</strong></span> 
     </span>
    </p>
   </div>
   <div class='ocr_carea' id='block_1_55' title="bbox 2169 1126 3753 1199">
    <p class='ocr_par' dir='ltr' id='par_1_55' title="bbox 2169 1126 3753 1199">
     <span class='ocr_line' id='line_1_55' title="bbox 2169 1126 3753 1199; baseline 0.003 -15"><span class='ocrx_word' id='word_1_390' title='bbox 2169 1131 2381 1185; x_wconf 84' lang='lat' dir='ltr'><strong>tutibus</strong></span> <span class='ocrx_word' id='word_1_391' title='bbox 2424 1130 2665 1199; x_wconf 88' lang='lat' dir='ltr'><strong>quotidie</strong></span> <span class='ocrx_word' id='word_1_392' title='bbox 2700 1127 2967 1184; x_wconf 82' lang='lat' dir='ltr'><strong>sacriﬁcia</strong></span> <span class='ocrx_word' id='word_1_393' title='bbox 3013 1126 3244 1185; x_wconf 70' lang='lat' dir='ltr'><strong>oderant</strong></span> <span class='ocrx_word' id='word_1_394' title='bbox 3272 1130 3400 1193; x_wconf 91' lang='lat' dir='ltr'><strong>Deo,</strong></span> <span class='ocrx_word' id='word_1_395' title='bbox 3434 1131 3522 1185; x_wconf 88' lang='lat' dir='ltr'><strong>alii</strong></span> <span class='ocrx_word' id='word_1_396' title='bbox 3564 1132 3617 1186; x_wconf 91' lang='lat' dir='ltr'><strong>in</strong></span> <span class='ocrx_word' id='word_1_397' title='bbox 3652 1148 3753 1188; x_wconf 88' lang='lat' dir='ltr'><strong>se—</strong></span> 
     </span>
    </p>
   </div>
   <div class='ocr_carea' id='block_1_56' title="bbox 2167 1220 3758 1293">
    <p class='ocr_par' dir='ltr' id='par_1_56' title="bbox 2167 1220 3758 1293">
     <span class='ocr_line' id='line_1_56' title="bbox 2167 1220 3758 1293; baseline 0.001 -16"><span class='ocrx_word' id='word_1_398' title='bbox 2167 1223 2342 1277; x_wconf 91' lang='lat' dir='ltr'><strong>cundo</strong></span> <span class='ocrx_word' id='word_1_399' title='bbox 2367 1230 2423 1277; x_wconf 88' lang='lat' dir='ltr'><strong>et</strong></span> <span class='ocrx_word' id='word_1_400' title='bbox 2448 1222 2640 1277; x_wconf 89' lang='lat' dir='ltr'><strong>minori</strong></span> <span class='ocrx_word' id='word_1_401' title='bbox 2667 1222 2837 1291; x_wconf 86' lang='lat' dir='ltr'><strong>gradu</strong></span> <span class='ocrx_word' id='word_1_402' title='bbox 2865 1230 3075 1293; x_wconf 74' lang='lat' dir='ltr'><strong>suntut</strong></span> <span class='ocrx_word' id='word_1_403' title='bbox 3097 1220 3182 1275; x_wconf 89' lang='lat' dir='ltr'><strong>his</strong></span> <span class='ocrx_word' id='word_1_404' title='bbox 3211 1221 3538 1286; x_wconf 88' lang='lat' dir='ltr'><strong>ministrent,</strong></span> <span class='ocrx_word' id='word_1_405' title='bbox 3571 1231 3627 1277; x_wconf 91' lang='lat' dir='ltr'><strong>ct</strong></span> <span class='ocrx_word' id='word_1_406' title='bbox 3646 1240 3758 1293; x_wconf 85' lang='lat' dir='ltr'><strong>per</strong></span> 
     </span>
    </p>
   </div>
   <div class='ocr_carea' id='block_1_57' title="bbox 2168 1313 3754 1384">
    <p class='ocr_par' dir='ltr' id='par_1_57' title="bbox 2168 1313 3754 1384">
     <span class='ocr_line' id='line_1_57' title="bbox 2168 1313 3754 1384; baseline -0.001 -16"><span class='ocrx_word' id='word_1_407' title='bbox 2168 1329 2262 1369; x_wconf 91' lang='lat' dir='ltr'><strong>eos</strong></span> <span class='ocrx_word' id='word_1_408' title='bbox 2295 1314 2386 1384; x_wconf 91' lang='lat' dir='ltr'><strong>qui</strong></span> <span class='ocrx_word' id='word_1_409' title='bbox 2428 1315 2495 1368; x_wconf 89' lang='lat' dir='ltr'><strong>ad</strong></span> <span class='ocrx_word' id='word_1_410' title='bbox 2534 1314 2793 1367; x_wconf 90' lang='lat' dir='ltr'><strong>virtutum</strong></span> <span class='ocrx_word' id='word_1_411' title='bbox 2837 1313 3071 1368; x_wconf 90' lang='lat' dir='ltr'><strong>culmina</strong></span> <span class='ocrx_word' id='word_1_412' title='bbox 3095 1313 3546 1367; x_wconf 87' lang='lat' dir='ltr'><strong>conscenderunt.</strong></span> <span class='ocrx_word' id='word_1_413' title='bbox 3589 1313 3649 1366; x_wconf 87' lang='lat' dir='ltr'><strong>Et</strong></span> <span class='ocrx_word' id='word_1_414' title='bbox 3680 1315 3754 1367; x_wconf 80' lang='lat' dir='ltr'><strong>ad</strong></span> 
     </span>
    </p>
   </div>
   <div class='ocr_carea' id='block_1_58' title="bbox 2166 1404 3757 1476">
    <p class='ocr_par' dir='ltr' id='par_1_58' title="bbox 2166 1404 3757 1476">
     <span class='ocr_line' id='line_1_58' title="bbox 2166 1404 3757 1476; baseline -0.001 -17"><span class='ocrx_word' id='word_1_415' title='bbox 2166 1414 2470 1460; x_wconf 82' lang='lat' dir='ltr'><strong>extremum</strong></span> <span class='ocrx_word' id='word_1_416' title='bbox 2501 1404 2573 1459; x_wconf 93' lang='lat' dir='ltr'><strong>sit</strong></span> <span class='ocrx_word' id='word_1_417' title='bbox 2604 1405 2710 1459; x_wconf 85' lang='lat' dir='ltr'><strong>dux</strong></span> <span class='ocrx_word' id='word_1_418' title='bbox 2741 1405 2853 1459; x_wconf 84' lang='lat' dir='ltr'><strong>sive</strong></span> <span class='ocrx_word' id='word_1_419' title='bbox 2886 1406 3136 1475; x_wconf 86' lang='lat' dir='ltr'><strong>princeps</strong></span> <span class='ocrx_word' id='word_1_420' title='bbox 3185 1405 3279 1476; x_wconf 91' lang='lat' dir='ltr'><strong>qui</strong></span> <span class='ocrx_word' id='word_1_421' title='bbox 3333 1414 3541 1460; x_wconf 90' lang='lat' dir='ltr'><strong>tantum</strong></span> <span class='ocrx_word' id='word_1_422' title='bbox 3578 1406 3757 1474; x_wconf 90' lang='lat' dir='ltr'><strong>possit</strong></span> 
     </span>
    </p>
   </div>
   <div class='ocr_carea' id='block_1_59' title="bbox 2167 1496 3750 1566">
    <p class='ocr_par' dir='ltr' id='par_1_59' title="bbox 2167 1496 3750 1566">
     <span class='ocr_line' id='line_1_59' title="bbox 2167 1496 3750 1566; baseline -0.001 -17"><span class='ocrx_word' id='word_1_423' title='bbox 2167 1502 2433 1550; x_wconf 90' lang='lat' dir='ltr'><strong>utcontra</strong></span> <span class='ocrx_word' id='word_1_424' title='bbox 2454 1512 2614 1550; x_wconf 89' lang='lat' dir='ltr'><strong>uuam</strong></span> <span class='ocrx_word' id='word_1_425' title='bbox 2645 1496 2843 1551; x_wconf 89' lang='lat' dir='ltr'><strong>tribum</strong></span> <span class='ocrx_word' id='word_1_426' title='bbox 2866 1496 3267 1565; x_wconf 89' lang='lat' dir='ltr'><strong>possessionem</strong></span> <span class='ocrx_word' id='word_1_427' title='bbox 3295 1496 3543 1566; x_wconf 88' lang='lat' dir='ltr'><strong>accipiat,</strong></span> <span class='ocrx_word' id='word_1_428' title='bbox 3563 1496 3750 1548; x_wconf 85' lang='lat' dir='ltr'><strong>unius-</strong></span> 
     </span>
    </p>
   </div>
   <div class='ocr_carea' id='block_1_60' title="bbox 2168 1583 3757 1656">
    <p class='ocr_par' dir='ltr' id='par_1_60' title="bbox 2168 1583 3757 1656">
     <span class='ocr_line' id='line_1_60' title="bbox 2168 1583 3757 1656; baseline -0.004 -15"><span class='ocrx_word' id='word_1_429' title='bbox 2168 1602 2273 1656; x_wconf 87' lang='lat' dir='ltr'><strong>que</strong></span> <span class='ocrx_word' id='word_1_430' title='bbox 2303 1587 2552 1641; x_wconf 88' lang='lat' dir='ltr'><strong>meritum</strong></span> <span class='ocrx_word' id='word_1_431' title='bbox 2576 1594 2889 1655; x_wconf 90' lang='lat' dir='ltr'><strong>compenset</strong></span> <span class='ocrx_word' id='word_1_432' title='bbox 2933 1586 3125 1640; x_wconf 87' lang='lat' dir='ltr'><strong>merita</strong></span> <span class='ocrx_word' id='word_1_433' title='bbox 3148 1583 3523 1653; x_wconf 88' lang='lat' dir='ltr'><strong>plurimorum.</strong></span> <span class='ocrx_word' id='word_1_434' title='bbox 3550 1584 3617 1637; x_wconf 83' lang='lat' dir='ltr'><strong>Et</strong></span> <span class='ocrx_word' id='word_1_435' title='bbox 3637 1583 3757 1652; x_wconf 78' lang='lat' dir='ltr'><strong>pri-</strong></span> 
     </span>
    </p>
   </div>
   <div class='ocr_carea' id='block_1_61' title="bbox 2170 1674 3751 1742">
    <p class='ocr_par' dir='ltr' id='par_1_61' title="bbox 2170 1674 3751 1742">
     <span class='ocr_line' id='line_1_61' title="bbox 2170 1674 3751 1742; baseline -0.004 -8"><span class='ocrx_word' id='word_1_436' title='bbox 2170 1694 2315 1733; x_wconf 93' lang='lat' dir='ltr'><strong>mum</strong></span> <span class='ocrx_word' id='word_1_437' title='bbox 2358 1680 2484 1734; x_wconf 92' lang='lat' dir='ltr'><strong>dum</strong></span> <span class='ocrx_word' id='word_1_438' title='bbox 2528 1686 2779 1733; x_wconf 85' lang='lat' dir='ltr'><strong>versatur</strong></span> <span class='ocrx_word' id='word_1_439' title='bbox 2818 1678 2872 1732; x_wconf 92' lang='lat' dir='ltr'><strong>in</strong></span> <span class='ocrx_word' id='word_1_440' title='bbox 2920 1675 3115 1731; x_wconf 66' lang='lat' dir='ltr'><strong>saeculo</strong></span> <span class='ocrx_word' id='word_1_441' title='bbox 3165 1675 3232 1729; x_wconf 92' lang='lat' dir='ltr'><strong>de</strong></span> <span class='ocrx_word' id='word_1_442' title='bbox 3275 1674 3414 1728; x_wconf 87' lang='lat' dir='ltr'><strong>mari</strong></span> <span class='ocrx_word' id='word_1_443' title='bbox 3458 1688 3633 1742; x_wconf 89' lang='lat' dir='ltr'><strong>usque</strong></span> <span class='ocrx_word' id='word_1_444' title='bbox 3678 1674 3751 1729; x_wconf 85' lang='lat' dir='ltr'><strong>ad</strong></span> 
     </span>
    </p>
   </div>
   <div class='ocr_carea' id='block_1_62' title="bbox 2171 1765 3754 1839">
    <p class='ocr_par' dir='ltr' id='par_1_62' title="bbox 2171 1765 3754 1839">
     <span class='ocr_line' id='line_1_62' title="bbox 2171 1765 3754 1839; baseline -0.002 -15"><span class='ocrx_word' id='word_1_445' title='bbox 2171 1786 2341 1837; x_wconf 89' lang='lat' dir='ltr'><strong>mare,</strong></span> <span class='ocrx_word' id='word_1_446' title='bbox 2396 1770 2733 1825; x_wconf 90' lang='lat' dir='ltr'><strong>latitudinem</strong></span> <span class='ocrx_word' id='word_1_447' title='bbox 2768 1769 3060 1839; x_wconf 90' lang='lat' dir='ltr'><strong>possideat.</strong></span> <span class='ocrx_word' id='word_1_448' title='bbox 3106 1766 3311 1821; x_wconf 89' lang='lat' dir='ltr'><strong>Deinde</strong></span> <span class='ocrx_word' id='word_1_449' title='bbox 3358 1766 3427 1821; x_wconf 88' lang='lat' dir='ltr'><strong>ab</strong></span> <span class='ocrx_word' id='word_1_450' title='bbox 3462 1765 3754 1821; x_wconf 86' lang='lat' dir='ltr'><strong>occidente</strong></span> 
     </span>
    </p>
   </div>
   <div class='ocr_carea' id='block_1_63' title="bbox 2168 1856 3751 1931">
    <p class='ocr_par' dir='ltr' id='par_1_63' title="bbox 2168 1856 3751 1931">
     <span class='ocr_line' id='line_1_63' title="bbox 2168 1856 3751 1931; baseline -0.004 -15"><span class='ocrx_word' id='word_1_451' title='bbox 2168 1861 2281 1917; x_wconf 83' lang='lat' dir='ltr'><strong>sive</strong></span> <span class='ocrx_word' id='word_1_452' title='bbox 2303 1876 2334 1915; x_wconf 89' lang='lat' dir='ltr'><strong>a</strong></span> <span class='ocrx_word' id='word_1_453' title='bbox 2362 1861 2498 1915; x_wconf 90' lang='lat' dir='ltr'><strong>mari</strong></span> <span class='ocrx_word' id='word_1_454' title='bbox 2520 1876 2692 1931; x_wconf 93' lang='lat' dir='ltr'><strong>usque</strong></span> <span class='ocrx_word' id='word_1_455' title='bbox 2712 1859 2779 1915; x_wconf 90' lang='lat' dir='ltr'><strong>ad</strong></span> <span class='ocrx_word' id='word_1_456' title='bbox 2802 1860 3089 1923; x_wconf 88' lang='lat' dir='ltr'><strong>orientem,</strong></span> <span class='ocrx_word' id='word_1_457' title='bbox 3120 1866 3180 1912; x_wconf 91' lang='lat' dir='ltr'><strong>ut</strong></span> <span class='ocrx_word' id='word_1_458' title='bbox 3204 1857 3490 1927; x_wconf 62' lang='lat' dir='ltr'><strong>presentia</strong></span> <span class='ocrx_word' id='word_1_459' title='bbox 3515 1856 3751 1911; x_wconf 87' lang='lat' dir='ltr'><strong>derelin-</strong></span> 
     </span>
    </p>
   </div>
   <div class='ocr_carea' id='block_1_64' title="bbox 2164 1948 3754 2024">
    <p class='ocr_par' dir='ltr' id='par_1_64' title="bbox 2164 1948 3754 2024">
     <span class='ocr_line' id='line_1_64' title="bbox 2164 1948 3754 2024; baseline -0.005 -16"><span class='ocrx_word' id='word_1_460' title='bbox 2164 1968 2356 2024; x_wconf 90' lang='lat' dir='ltr'><strong>quens,</strong></span> <span class='ocrx_word' id='word_1_461' title='bbox 2388 1954 2454 2008; x_wconf 92' lang='lat' dir='ltr'><strong>ad</strong></span> <span class='ocrx_word' id='word_1_462' title='bbox 2484 1952 2665 2007; x_wconf 88' lang='lat' dir='ltr'><strong>futura</strong></span> <span class='ocrx_word' id='word_1_463' title='bbox 2696 1952 2913 2008; x_wconf 85' lang='lat' dir='ltr'><strong>festinet</strong></span> <span class='ocrx_word' id='word_1_464' title='bbox 2931 1960 2987 2007; x_wconf 89' lang='lat' dir='ltr'><strong>et</strong></span> <span class='ocrx_word' id='word_1_465' title='bbox 3004 1951 3201 2007; x_wconf 87' lang='lat' dir='ltr'><strong>habeat</strong></span> <span class='ocrx_word' id='word_1_466' title='bbox 3223 1957 3429 2004; x_wconf 90' lang='lat' dir='ltr'><strong>certam</strong></span> <span class='ocrx_word' id='word_1_467' title='bbox 3452 1948 3754 2018; x_wconf 85' lang='lat' dir='ltr'><strong>possessio-</strong></span> 
     </span>
    </p>
   </div>
   <div class='ocr_carea' id='block_1_65' title="bbox 2166 2038 3752 2114">
    <p class='ocr_par' dir='ltr' id='par_1_65' title="bbox 2166 2038 3752 2114">
     <span class='ocr_line' id='line_1_65' title="bbox 2166 2038 3752 2114; baseline -0.003 -16"><span class='ocrx_word' id='word_1_468' title='bbox 2166 2059 2290 2101; x_wconf 92' lang='lat' dir='ltr'><strong>nem</strong></span> <span class='ocrx_word' id='word_1_469' title='bbox 2327 2058 2500 2099; x_wconf 89' lang='lat' dir='ltr'><strong>suam.</strong></span> <span class='ocrx_word' id='word_1_470' title='bbox 2543 2042 2610 2098; x_wconf 88' lang='lat' dir='ltr'><strong>Et</strong></span> <span class='ocrx_word' id='word_1_471' title='bbox 2638 2057 2973 2114; x_wconf 86' lang='lat' dir='ltr'><strong>nequaquam</strong></span> <span class='ocrx_word' id='word_1_472' title='bbox 3012 2041 3285 2112; x_wconf 85' lang='lat' dir='ltr'><strong>principes</strong></span> <span class='ocrx_word' id='word_1_473' title='bbox 3323 2039 3499 2093; x_wconf 88' lang='lat' dir='ltr'><strong>aliena</strong></span> <span class='ocrx_word' id='word_1_474' title='bbox 3534 2038 3752 2093; x_wconf 76' lang='lat' dir='ltr'><strong>deside-</strong></span> 
     </span>
    </p>
   </div>
   <div class='ocr_carea' id='block_1_66' title="bbox 2165 2133 3749 2205">
    <p class='ocr_par' dir='ltr' id='par_1_66' title="bbox 2165 2133 3749 2205">
     <span class='ocr_line' id='line_1_66' title="bbox 2165 2133 3749 2205; baseline -0.003 -15"><span class='ocrx_word' id='word_1_475' title='bbox 2165 2143 2315 2200; x_wconf 89' lang='lat' dir='ltr'><strong>rent,</strong></span> <span class='ocrx_word' id='word_1_476' title='bbox 2369 2142 2426 2189; x_wconf 93' lang='lat' dir='ltr'><strong>et</strong></span> <span class='ocrx_word' id='word_1_477' title='bbox 2478 2148 2811 2205; x_wconf 63' lang='lat' dir='ltr'><strong>unaquaeque</strong></span> <span class='ocrx_word' id='word_1_478' title='bbox 2859 2133 3033 2190; x_wconf 85' lang='lat' dir='ltr'><strong>tribus</strong></span> <span class='ocrx_word' id='word_1_479' title='bbox 3071 2148 3226 2189; x_wconf 86' lang='lat' dir='ltr'><strong>suam</strong></span> <span class='ocrx_word' id='word_1_480' title='bbox 3274 2140 3485 2202; x_wconf 86' lang='lat' dir='ltr'><strong>partem</strong></span> <span class='ocrx_word' id='word_1_481' title='bbox 3535 2139 3749 2186; x_wconf 87' lang='lat' dir='ltr'><strong>teneat.</strong></span> 
     </span>
    </p>
   </div>
   <div class='ocr_carea' id='block_1_67' title="bbox 2165 2221 3744 2295">
    <p class='ocr_par' dir='ltr' id='par_1_67' title="bbox 2165 2221 3744 2295">
     <span class='ocr_line' id='line_1_67' title="bbox 2165 2221 3744 2295; baseline -0.001 -17"><span class='ocrx_word' id='word_1_482' title='bbox 2165 2223 2317 2292; x_wconf 83' lang='lat' dir='ltr'><strong>Quod</strong></span> <span class='ocrx_word' id='word_1_483' title='bbox 2362 2225 2581 2294; x_wconf 89' lang='lat' dir='ltr'><strong>proprie</strong></span> <span class='ocrx_word' id='word_1_484' title='bbox 2619 2224 2686 2278; x_wconf 87' lang='lat' dir='ltr'><strong>ad</strong></span> <span class='ocrx_word' id='word_1_485' title='bbox 2725 2224 3005 2295; x_wconf 86' lang='lat' dir='ltr'><strong>episcopos</strong></span> <span class='ocrx_word' id='word_1_486' title='bbox 3045 2232 3101 2278; x_wconf 91' lang='lat' dir='ltr'><strong>et</strong></span> <span class='ocrx_word' id='word_1_487' title='bbox 3145 2223 3494 2293; x_wconf 82' lang='lat' dir='ltr'><strong>presbyteros</strong></span> <span class='ocrx_word' id='word_1_488' title='bbox 3545 2221 3744 2277; x_wconf 84' lang='lat' dir='ltr'><strong>referri</strong></span> 
     </span>
    </p>
   </div>
   <div class='ocr_carea' id='block_1_68' title="bbox 2164 2314 3748 2385">
    <p class='ocr_par' dir='ltr' id='par_1_68' title="bbox 2164 2314 3748 2385">
     <span class='ocr_line' id='line_1_68' title="bbox 2164 2314 3748 2385; baseline -0.001 -16"><span class='ocrx_word' id='word_1_489' title='bbox 2164 2323 2361 2385; x_wconf 77' lang='lat' dir='ltr'><strong>potest,</strong></span> <span class='ocrx_word' id='word_1_490' title='bbox 2393 2315 2588 2384; x_wconf 90' lang='lat' dir='ltr'><strong>quibus</strong></span> <span class='ocrx_word' id='word_1_491' title='bbox 2614 2314 2833 2379; x_wconf 87' lang='lat' dir='ltr'><strong>dicitur,</strong></span> <span class='ocrx_word' id='word_1_492' title='bbox 2868 2334 2888 2367; x_wconf 74' lang='grc' dir='ltr'><strong><em>ι</em></strong></span> <span class='ocrx_word' id='word_1_493' title='bbox 2920 2324 2980 2370; x_wconf 87' lang='lat' dir='ltr'><strong>ut</strong></span> <span class='ocrx_word' id='word_1_494' title='bbox 3018 2330 3122 2370; x_wconf 92' lang='lat' dir='ltr'><strong>non</strong></span> <span class='ocrx_word' id='word_1_495' title='bbox 3144 2322 3358 2369; x_wconf 89' lang='lat' dir='ltr'><strong>vastent</strong></span> <span class='ocrx_word' id='word_1_496' title='bbox 3383 2324 3548 2382; x_wconf 82' lang='lat' dir='ltr'><strong>atque</strong></span> <span class='ocrx_word' id='word_1_497' title='bbox 3573 2328 3748 2383; x_wconf 87' lang='lat' dir='ltr'><strong>popu-</strong></span> 
     </span>
    </p>
   </div>
   <div class='ocr_carea' id='block_1_69' title="bbox 2166 2406 3751 2479">
    <p class='ocr_par' dir='ltr' id='par_1_69' title="bbox 2166 2406 3751 2479">
     <span class='ocr_line' id='line_1_69' title="bbox 2166 2406 3751 2479; baseline 0 -18"><span class='ocrx_word' id='word_1_498' title='bbox 2166 2407 2345 2462; x_wconf 87' lang='lat' dir='ltr'><strong>lentur</strong></span> <span class='ocrx_word' id='word_1_499' title='bbox 2369 2406 2511 2462; x_wconf 91' lang='lat' dir='ltr'><strong>ultra</strong></span> <span class='ocrx_word' id='word_1_500' title='bbox 2535 2407 2790 2479; x_wconf 92' lang='lat' dir='ltr'><strong>populum</strong></span> <span class='ocrx_word' id='word_1_501' title='bbox 2822 2407 2941 2474; x_wconf 88' lang='lat' dir='ltr'><strong>Dei,</strong></span> <span class='ocrx_word' id='word_1_502' title='bbox 2965 2422 3067 2463; x_wconf 89' lang='lat' dir='ltr'><strong>nec</strong></span> <span class='ocrx_word' id='word_1_503' title='bbox 3091 2416 3295 2462; x_wconf 87' lang='lat' dir='ltr'><strong>terram</strong></span> <span class='ocrx_word' id='word_1_504' title='bbox 3326 2406 3493 2462; x_wconf 86' lang='lat' dir='ltr'><strong>Israel</strong></span> <span class='ocrx_word' id='word_1_505' title='bbox 3521 2407 3751 2461; x_wconf 68' lang='lat' dir='ltr'><strong>Incredi-</strong></span> 
     </span>
    </p>
   </div>
   <div class='ocr_carea' id='block_1_70' title="bbox 2166 2497 3747 2571">
    <p class='ocr_par' dir='ltr' id='par_1_70' title="bbox 2166 2497 3747 2571">
     <span class='ocr_line' id='line_1_70' title="bbox 2166 2497 3747 2571; baseline -0.001 -17"><span class='ocrx_word' id='word_1_506' title='bbox 2166 2508 2276 2555; x_wconf 88' lang='lat' dir='ltr'><strong>tate</strong></span> <span class='ocrx_word' id='word_1_507' title='bbox 2314 2498 2642 2571; x_wconf 88' lang='lat' dir='ltr'><strong>possideant.</strong></span> <span class='ocrx_word' id='word_1_508' title='bbox 2681 2518 2700 2551; x_wconf 74' lang='grc' dir='ltr'><strong><em>ι</em></strong></span> <span class='ocrx_word' id='word_1_509' title='bbox 2743 2497 2851 2554; x_wconf 91' lang='lat' dir='ltr'><strong>Sed</strong></span> <span class='ocrx_word' id='word_1_510' title='bbox 2890 2499 3258 2569; x_wconf 89' lang='lat' dir='ltr'><strong>unusquisque</strong></span> <span class='ocrx_word' id='word_1_511' title='bbox 3290 2500 3489 2553; x_wconf 86' lang='lat' dir='ltr'><strong>habeat</strong></span> <span class='ocrx_word' id='word_1_512' title='bbox 3528 2514 3747 2569; x_wconf 85' lang='lat' dir='ltr'><strong>posscs-</strong></span> 
     </span>
    </p>
   </div>
   <div class='ocr_carea' id='block_1_71' title="bbox 2165 2589 3749 2661">
    <p class='ocr_par' dir='ltr' id='par_1_71' title="bbox 2165 2589 3749 2661">
     <span class='ocr_line' id='line_1_71' title="bbox 2165 2589 3749 2661; baseline -0.003 -14"><span class='ocrx_word' id='word_1_513' title='bbox 2165 2592 2373 2647; x_wconf 91' lang='lat' dir='ltr'><strong>sionem</strong></span> <span class='ocrx_word' id='word_1_514' title='bbox 2419 2606 2593 2658; x_wconf 87' lang='lat' dir='ltr'><strong>suam,</strong></span> <span class='ocrx_word' id='word_1_515' title='bbox 2639 2605 2760 2660; x_wconf 74' lang='lat' dir='ltr'><strong>quae</strong></span> <span class='ocrx_word' id='word_1_516' title='bbox 2792 2591 2960 2661; x_wconf 82' lang='lat' dir='ltr'><strong>gradu</strong></span> <span class='ocrx_word' id='word_1_517' title='bbox 2999 2589 3145 2645; x_wconf 88' lang='lat' dir='ltr'><strong>illius</strong></span> <span class='ocrx_word' id='word_1_518' title='bbox 3184 2590 3474 2644; x_wconf 89' lang='lat' dir='ltr'><strong>constituta</strong></span> <span class='ocrx_word' id='word_1_519' title='bbox 3511 2597 3614 2643; x_wconf 90' lang='lat' dir='ltr'><strong>est.</strong></span> <span class='ocrx_word' id='word_1_520' title='bbox 3654 2590 3749 2643; x_wconf 66' lang='grc' dir='ltr'><strong>γε-</strong></span> 
     </span>
    </p>
   </div>
   <div class='ocr_carea' id='block_1_72' title="bbox 2163 2680 3745 2755">
    <p class='ocr_par' dir='ltr' id='par_1_72' title="bbox 2163 2680 3745 2755">
     <span class='ocr_line' id='line_1_72' title="bbox 2163 2680 3745 2755; baseline -0.002 -17"><span class='ocrx_word' id='word_1_521' title='bbox 2163 2683 2296 2755; x_wconf 87' lang='lat' dir='ltr'><strong>ginti</strong></span> <span class='ocrx_word' id='word_1_522' title='bbox 2310 2683 2547 2754; x_wconf 88' lang='lat' dir='ltr'><strong>quinque</strong></span> <span class='ocrx_word' id='word_1_523' title='bbox 2568 2690 2748 2737; x_wconf 88' lang='lat' dir='ltr'><strong>autem</strong></span> <span class='ocrx_word' id='word_1_524' title='bbox 2770 2680 2934 2736; x_wconf 90' lang='lat' dir='ltr'><strong>millia</strong></span> <span class='ocrx_word' id='word_1_525' title='bbox 2964 2681 3271 2737; x_wconf 88' lang='lat' dir='ltr'><strong>referuntur</strong></span> <span class='ocrx_word' id='word_1_526' title='bbox 3289 2680 3355 2735; x_wconf 90' lang='lat' dir='ltr'><strong>ad</strong></span> <span class='ocrx_word' id='word_1_527' title='bbox 3384 2696 3600 2744; x_wconf 89' lang='lat' dir='ltr'><strong>sensus,</strong></span> <span class='ocrx_word' id='word_1_528' title='bbox 3620 2695 3745 2750; x_wconf 62' lang='lat' dir='ltr'><strong>qua!</strong></span> 
     </span>
    </p>
   </div>
   <div class='ocr_carea' id='block_1_73' title="bbox 2162 2771 3746 2846">
    <p class='ocr_par' dir='ltr' id='par_1_73' title="bbox 2162 2771 3746 2846">
     <span class='ocr_line' id='line_1_73' title="bbox 2162 2771 3746 2846; baseline -0.001 -18"><span class='ocrx_word' id='word_1_529' title='bbox 2162 2782 2356 2846; x_wconf 90' lang='lat' dir='ltr'><strong>quater</strong></span> <span class='ocrx_word' id='word_1_530' title='bbox 2367 2772 2541 2845; x_wconf 89' lang='lat' dir='ltr'><strong>posita</strong></span> <span class='ocrx_word' id='word_1_531' title='bbox 2563 2780 2708 2828; x_wconf 92' lang='lat' dir='ltr'><strong>sunt.</strong></span> <span class='ocrx_word' id='word_1_532' title='bbox 2737 2772 2908 2829; x_wconf 87' lang='lat' dir='ltr'><strong>Porro</strong></span> <span class='ocrx_word' id='word_1_533' title='bbox 2935 2773 3122 2828; x_wconf 91' lang='lat' dir='ltr'><strong>decem</strong></span> <span class='ocrx_word' id='word_1_534' title='bbox 3152 2771 3320 2827; x_wconf 91' lang='lat' dir='ltr'><strong>millia</strong></span> <span class='ocrx_word' id='word_1_535' title='bbox 3349 2773 3415 2825; x_wconf 88' lang='lat' dir='ltr'><strong>ad</strong></span> <span class='ocrx_word' id='word_1_536' title='bbox 3444 2772 3746 2841; x_wconf 86' lang='lat' dir='ltr'><strong>perfectam</strong></span> 
     </span>
    </p>
   </div>
   <div class='ocr_carea' id='block_1_74' title="bbox 2162 2864 3749 2934">
    <p class='ocr_par' dir='ltr' id='par_1_74' title="bbox 2162 2864 3749 2934">
     <span class='ocr_line' id='line_1_74' title="bbox 2162 2864 3749 2934; baseline -0.003 -12"><span class='ocrx_word' id='word_1_537' title='bbox 2162 2866 2442 2923; x_wconf 86' lang='lat' dir='ltr'><strong>scientiam</strong></span> <span class='ocrx_word' id='word_1_538' title='bbox 2470 2905 2487 2931; x_wconf 90' lang='lat'><strong>,</strong></span> <span class='ocrx_word' id='word_1_539' title='bbox 2528 2873 2586 2920; x_wconf 91' lang='lat' dir='ltr'><strong>ut</strong></span> <span class='ocrx_word' id='word_1_540' title='bbox 2635 2865 2689 2920; x_wconf 92' lang='lat' dir='ltr'><strong>in</strong></span> <span class='ocrx_word' id='word_1_541' title='bbox 2746 2865 2917 2920; x_wconf 91' lang='lat' dir='ltr'><strong>altero</strong></span> <span class='ocrx_word' id='word_1_542' title='bbox 2968 2864 3193 2934; x_wconf 75' lang='lat' dir='ltr'><strong>simplex</strong></span> <span class='ocrx_word' id='word_1_543' title='bbox 3244 2870 3454 2919; x_wconf 88' lang='lat' dir='ltr'><strong>tantum</strong></span> <span class='ocrx_word' id='word_1_544' title='bbox 3497 2871 3749 2917; x_wconf 87' lang='lat' dir='ltr'><strong>teneatur</strong></span> 
     </span>
    </p>
   </div>
   <div class='ocr_carea' id='block_1_75' title="bbox 2162 2953 3748 3027">
    <p class='ocr_par' dir='ltr' id='par_1_75' title="bbox 2162 2953 3748 3027">
     <span class='ocr_line' id='line_1_75' title="bbox 2162 2953 3748 3027; baseline -0.006 -14"><span class='ocrx_word' id='word_1_545' title='bbox 2162 2956 2386 3013; x_wconf 88' lang='lat' dir='ltr'><strong>historia</strong></span> <span class='ocrx_word' id='word_1_546' title='bbox 2412 2973 2428 3010; x_wconf 90' lang='lat'><strong>:</strong></span> <span class='ocrx_word' id='word_1_547' title='bbox 2461 2956 2516 3010; x_wconf 92' lang='lat' dir='ltr'><strong>in</strong></span> <span class='ocrx_word' id='word_1_548' title='bbox 2543 2954 2712 3011; x_wconf 88' lang='lat' dir='ltr'><strong>altero</strong></span> <span class='ocrx_word' id='word_1_549' title='bbox 2732 2955 2896 3009; x_wconf 89' lang='lat' dir='ltr'><strong>etiam</strong></span> <span class='ocrx_word' id='word_1_550' title='bbox 2918 2955 2985 3010; x_wconf 92' lang='lat' dir='ltr'><strong>de</strong></span> <span class='ocrx_word' id='word_1_551' title='bbox 3006 2956 3248 3027; x_wconf 76' lang='grc' dir='ltr'><strong>θεολογία,</strong></span> <span class='ocrx_word' id='word_1_552' title='bbox 3282 2962 3335 3009; x_wconf 91' lang='lat' dir='ltr'><strong>et</strong></span> <span class='ocrx_word' id='word_1_553' title='bbox 3357 2953 3613 3024; x_wconf 89' lang='lat' dir='ltr'><strong>supernis</strong></span> <span class='ocrx_word' id='word_1_554' title='bbox 3630 2953 3748 3006; x_wconf 85' lang='lat' dir='ltr'><strong>vir-</strong></span> 
     </span>
    </p>
   </div>
   <div class='ocr_carea' id='block_1_76' title="bbox 2162 3046 3750 3117">
    <p class='ocr_par' dir='ltr' id='par_1_76' title="bbox 2162 3046 3750 3117">
     <span class='ocr_line' id='line_1_76' title="bbox 2162 3046 3750 3117; baseline -0.001 -15"><span class='ocrx_word' id='word_1_555' title='bbox 2162 3049 2366 3104; x_wconf 89' lang='lat' dir='ltr'><strong>tutibus</strong></span> <span class='ocrx_word' id='word_1_556' title='bbox 2406 3047 2739 3117; x_wconf 91' lang='lat' dir='ltr'><strong>disputetur,</strong></span> <span class='ocrx_word' id='word_1_557' title='bbox 2782 3046 2911 3116; x_wconf 90' lang='lat' dir='ltr'><strong>quia</strong></span> <span class='ocrx_word' id='word_1_558' title='bbox 2960 3046 3313 3103; x_wconf 87' lang='lat' dir='ltr'><strong>decennarius</strong></span> <span class='ocrx_word' id='word_1_559' title='bbox 3349 3046 3624 3117; x_wconf 83' lang='lat' dir='ltr'><strong>perfectus</strong></span> <span class='ocrx_word' id='word_1_560' title='bbox 3660 3054 3750 3100; x_wconf 83' lang='lat' dir='ltr'><strong>est</strong></span> 
     </span>
    </p>
   </div>
   <div class='ocr_carea' id='block_1_77' title="bbox 2164 3136 3747 3207">
    <p class='ocr_par' dir='ltr' id='par_1_77' title="bbox 2164 3136 3747 3207">
     <span class='ocr_line' id='line_1_77' title="bbox 2164 3136 3747 3207; baseline -0.001 -15"><span class='ocrx_word' id='word_1_561' title='bbox 2164 3152 2438 3192; x_wconf 89' lang='lat' dir='ltr'><strong>numerus.</strong></span> <span class='ocrx_word' id='word_1_562' title='bbox 2480 3137 2613 3192; x_wconf 91' lang='lat' dir='ltr'><strong>Illud</strong></span> <span class='ocrx_word' id='word_1_563' title='bbox 2654 3150 2868 3207; x_wconf 87' lang='lat' dir='ltr'><strong>quoque</strong></span> <span class='ocrx_word' id='word_1_564' title='bbox 2899 3136 3348 3193; x_wconf 88' lang='lat' dir='ltr'><strong>considerandum</strong></span> <span class='ocrx_word' id='word_1_565' title='bbox 3382 3136 3526 3206; x_wconf 91' lang='lat' dir='ltr'><strong>quod</strong></span> <span class='ocrx_word' id='word_1_566' title='bbox 3556 3150 3747 3192; x_wconf 84' lang='lat' dir='ltr'><strong>sacer—</strong></span> 
     </span>
    </p>
   </div>
   <div class='ocr_carea' id='block_1_78' title="bbox 2166 3226 3744 3299">
    <p class='ocr_par' dir='ltr' id='par_1_78' title="bbox 2166 3226 3744 3299">
     <span class='ocr_line' id='line_1_78' title="bbox 2166 3226 3744 3299; baseline -0.001 -16"><span class='ocrx_word' id='word_1_567' title='bbox 2166 3230 2340 3292; x_wconf 87' lang='lat' dir='ltr'><strong>dotes,</strong></span> <span class='ocrx_word' id='word_1_568' title='bbox 2369 3227 2459 3297; x_wconf 85' lang='lat' dir='ltr'><strong>qui</strong></span> <span class='ocrx_word' id='word_1_569' title='bbox 2504 3226 2556 3282; x_wconf 90' lang='lat' dir='ltr'><strong>in</strong></span> <span class='ocrx_word' id='word_1_570' title='bbox 2586 3227 2777 3299; x_wconf 88' lang='lat' dir='ltr'><strong>majori</strong></span> <span class='ocrx_word' id='word_1_571' title='bbox 2820 3227 2989 3297; x_wconf 84' lang='lat' dir='ltr'><strong>gradu</strong></span> <span class='ocrx_word' id='word_1_572' title='bbox 3032 3235 3161 3283; x_wconf 89' lang='lat' dir='ltr'><strong>sunt</strong></span> <span class='ocrx_word' id='word_1_573' title='bbox 3207 3228 3510 3293; x_wconf 88' lang='lat' dir='ltr'><strong>constituti,</strong></span> <span class='ocrx_word' id='word_1_574' title='bbox 3550 3227 3744 3297; x_wconf 81' lang='lat' dir='ltr'><strong>viginti</strong></span> 
     </span>
    </p>
   </div>
   <div class='ocr_carea' id='block_1_79' title="bbox 2163 3315 3745 3387">
    <p class='ocr_par' dir='ltr' id='par_1_79' title="bbox 2163 3315 3745 3387">
     <span class='ocr_line' id='line_1_79' title="bbox 2163 3315 3745 3387; baseline 0 -18"><span class='ocrx_word' id='word_1_575' title='bbox 2163 3316 2402 3386; x_wconf 90' lang='lat' dir='ltr'><strong>quinque</strong></span> <span class='ocrx_word' id='word_1_576' title='bbox 2435 3315 2601 3369; x_wconf 90' lang='lat' dir='ltr'><strong>millia</strong></span> <span class='ocrx_word' id='word_1_577' title='bbox 2632 3316 2941 3386; x_wconf 88' lang='lat' dir='ltr'><strong>possideant</strong></span> <span class='ocrx_word' id='word_1_578' title='bbox 2970 3316 3025 3372; x_wconf 91' lang='lat' dir='ltr'><strong>in</strong></span> <span class='ocrx_word' id='word_1_579' title='bbox 3064 3316 3415 3387; x_wconf 79' lang='lat' dir='ltr'><strong>longitudine,</strong></span> <span class='ocrx_word' id='word_1_580' title='bbox 3461 3326 3518 3372; x_wconf 89' lang='lat' dir='ltr'><strong>et</strong></span> <span class='ocrx_word' id='word_1_581' title='bbox 3553 3317 3745 3371; x_wconf 89' lang='lat' dir='ltr'><strong>decem</strong></span> 
     </span>
    </p>
   </div>
   <div class='ocr_carea' id='block_1_80' title="bbox 2163 3404 3745 3473">
    <p class='ocr_par' dir='ltr' id='par_1_80' title="bbox 2163 3404 3745 3473">
     <span class='ocr_line' id='line_1_80' title="bbox 2163 3404 3745 3473; baseline 0 -13"><span class='ocrx_word' id='word_1_582' title='bbox 2163 3405 2329 3460; x_wconf 89' lang='lat' dir='ltr'><strong>millia</strong></span> <span class='ocrx_word' id='word_1_583' title='bbox 2371 3406 2426 3460; x_wconf 91' lang='lat' dir='ltr'><strong>in</strong></span> <span class='ocrx_word' id='word_1_584' title='bbox 2464 3405 2765 3461; x_wconf 89' lang='lat' dir='ltr'><strong>latitudine.</strong></span> <span class='ocrx_word' id='word_1_585' title='bbox 2814 3404 3014 3462; x_wconf 64' lang='lat' dir='ltr'><strong>Levita:</strong></span> <span class='ocrx_word' id='word_1_586' title='bbox 3062 3415 3266 3473; x_wconf 87' lang='lat' dir='ltr'><strong>autem,</strong></span> <span class='ocrx_word' id='word_1_587' title='bbox 3302 3408 3354 3463; x_wconf 92' lang='lat' dir='ltr'><strong>id</strong></span> <span class='ocrx_word' id='word_1_588' title='bbox 3384 3416 3491 3473; x_wconf 89' lang='lat' dir='ltr'><strong>est,</strong></span> <span class='ocrx_word' id='word_1_589' title='bbox 3517 3406 3745 3461; x_wconf 89' lang='lat' dir='ltr'><strong>inferior</strong></span> 
     </span>
    </p>
   </div>
   <div class='ocr_carea' id='block_1_81' title="bbox 2163 3492 3743 3565">
    <p class='ocr_par' dir='ltr' id='par_1_81' title="bbox 2163 3492 3743 3565">
     <span class='ocr_line' id='line_1_81' title="bbox 2163 3492 3743 3565; baseline -0.003 -15"><span class='ocrx_word' id='word_1_590' title='bbox 2163 3494 2383 3564; x_wconf 77' lang='lat' dir='ltr'><strong>gradus,</strong></span> <span class='ocrx_word' id='word_1_591' title='bbox 2407 3496 2655 3550; x_wconf 90' lang='lat' dir='ltr'><strong>eumdem</strong></span> <span class='ocrx_word' id='word_1_592' title='bbox 2690 3492 2908 3565; x_wconf 90' lang='lat' dir='ltr'><strong>quidem</strong></span> <span class='ocrx_word' id='word_1_593' title='bbox 2938 3510 3224 3550; x_wconf 88' lang='lat' dir='ltr'><strong>numerum</strong></span> <span class='ocrx_word' id='word_1_594' title='bbox 3251 3496 3450 3551; x_wconf 87' lang='lat' dir='ltr'><strong>habeat</strong></span> <span class='ocrx_word' id='word_1_595' title='bbox 3482 3496 3537 3551; x_wconf 90' lang='lat' dir='ltr'><strong>in</strong></span> <span class='ocrx_word' id='word_1_596' title='bbox 3570 3494 3743 3564; x_wconf 82' lang='lat' dir='ltr'><strong>longi-</strong></span> 
     </span>
    </p>
   </div>
   <div class='ocr_carea' id='block_1_82' title="bbox 2164 3585 3738 3655">
    <p class='ocr_par' dir='ltr' id='par_1_82' title="bbox 2164 3585 3738 3655">
     <span class='ocr_line' id='line_1_82' title="bbox 2164 3585 3738 3655; baseline -0.001 -15"><span class='ocrx_word' id='word_1_597' title='bbox 2164 3586 2348 3641; x_wconf 88' lang='lat' dir='ltr'><strong>tudine</strong></span> <span class='ocrx_word' id='word_1_598' title='bbox 2367 3626 2382 3651; x_wconf 92' lang='lat'><strong>,</strong></span> <span class='ocrx_word' id='word_1_599' title='bbox 2412 3587 2514 3641; x_wconf 90' lang='lat' dir='ltr'><strong>hoc</strong></span> <span class='ocrx_word' id='word_1_600' title='bbox 2541 3594 2625 3641; x_wconf 91' lang='lat' dir='ltr'><strong>est</strong></span> <span class='ocrx_word' id='word_1_601' title='bbox 2655 3585 2841 3655; x_wconf 82' lang='lat' dir='ltr'><strong>viginti</strong></span> <span class='ocrx_word' id='word_1_602' title='bbox 2874 3586 3111 3655; x_wconf 90' lang='lat' dir='ltr'><strong>quinque</strong></span> <span class='ocrx_word' id='word_1_603' title='bbox 3141 3585 3331 3650; x_wconf 89' lang='lat' dir='ltr'><strong>millia,</strong></span> <span class='ocrx_word' id='word_1_604' title='bbox 3378 3586 3473 3641; x_wconf 91' lang='lat' dir='ltr'><strong>sed</strong></span> <span class='ocrx_word' id='word_1_605' title='bbox 3507 3586 3738 3639; x_wconf 90' lang='lat' dir='ltr'><strong>latitudo</strong></span> 
     </span>
    </p>
   </div>
   <div class='ocr_carea' id='block_1_83' title="bbox 2163 3674 3743 3746">
    <p class='ocr_par' dir='ltr' id='par_1_83' title="bbox 2163 3674 3743 3746">
     <span class='ocr_line' id='line_1_83' title="bbox 2163 3674 3743 3746; baseline 0 -16"><span class='ocrx_word' id='word_1_606' title='bbox 2163 3676 2329 3746; x_wconf 91' lang='lat' dir='ltr'><strong>ipsius</strong></span> <span class='ocrx_word' id='word_1_607' title='bbox 2370 3676 2618 3745; x_wconf 90' lang='lat' dir='ltr'><strong>quinario</strong></span> <span class='ocrx_word' id='word_1_608' title='bbox 2664 3690 2889 3730; x_wconf 89' lang='lat' dir='ltr'><strong>numero</strong></span> <span class='ocrx_word' id='word_1_609' title='bbox 2950 3674 3189 3729; x_wconf 79' lang='lat' dir='ltr'><strong>finiatur.</strong></span> <span class='ocrx_word' id='word_1_610' title='bbox 3247 3675 3396 3730; x_wconf 87' lang='lat' dir='ltr'><strong>Unde</strong></span> <span class='ocrx_word' id='word_1_611' title='bbox 3442 3684 3500 3729; x_wconf 87' lang='lat' dir='ltr'><strong>et</strong></span> <span class='ocrx_word' id='word_1_612' title='bbox 3548 3676 3743 3745; x_wconf 79' lang='lat' dir='ltr'><strong>viginti</strong></span> 
     </span>
    </p>
   </div>
   <div class='ocr_carea' id='block_1_84' title="bbox 2164 3765 3747 3836">
    <p class='ocr_par' dir='ltr' id='par_1_84' title="bbox 2164 3765 3747 3836">
     <span class='ocr_line' id='line_1_84' title="bbox 2164 3765 3747 3836; baseline -0.002 -14"><span class='ocrx_word' id='word_1_613' title='bbox 2164 3776 2371 3823; x_wconf 86' lang='lat' dir='ltr'><strong>tantum</strong></span> <span class='ocrx_word' id='word_1_614' title='bbox 2396 3775 2581 3822; x_wconf 90' lang='lat' dir='ltr'><strong>tenent</strong></span> <span class='ocrx_word' id='word_1_615' title='bbox 2610 3765 2987 3836; x_wconf 84' lang='lat' dir='ltr'><strong>gazophylacia</strong></span> <span class='ocrx_word' id='word_1_616' title='bbox 3027 3766 3079 3820; x_wconf 95' lang='lat' dir='ltr'><strong>in</strong></span> <span class='ocrx_word' id='word_1_617' title='bbox 3106 3780 3214 3835; x_wconf 88' lang='lat' dir='ltr'><strong>quo</strong></span> <span class='ocrx_word' id='word_1_618' title='bbox 3243 3781 3473 3820; x_wconf 90' lang='lat' dir='ltr'><strong>numero</strong></span> <span class='ocrx_word' id='word_1_619' title='bbox 3508 3765 3747 3822; x_wconf 72' lang='lat' dir='ltr'><strong>offerun-</strong></span> 
     </span>
    </p>
   </div>
   <div class='ocr_carea' id='block_1_85' title="bbox 2162 3855 3743 3927">
    <p class='ocr_par' dir='ltr' id='par_1_85' title="bbox 2162 3855 3743 3927">
     <span class='ocr_line' id='line_1_85' title="bbox 2162 3855 3743 3927; baseline -0.001 -15"><span class='ocrx_word' id='word_1_620' title='bbox 2162 3866 2251 3912; x_wconf 90' lang='lat' dir='ltr'><strong>tur</strong></span> <span class='ocrx_word' id='word_1_621' title='bbox 2273 3873 2495 3912; x_wconf 90' lang='lat' dir='ltr'><strong>munera</strong></span> <span class='ocrx_word' id='word_1_622' title='bbox 2546 3857 2707 3911; x_wconf 87' lang='lat' dir='ltr'><strong>Esau.</strong></span> <span class='ocrx_word' id='word_1_623' title='bbox 2753 3855 3010 3926; x_wconf 87' lang='lat' dir='ltr'><strong>Princeps</strong></span> <span class='ocrx_word' id='word_1_624' title='bbox 3041 3871 3172 3912; x_wconf 86' lang='lat' dir='ltr'><strong>vero</strong></span> <span class='ocrx_word' id='word_1_625' title='bbox 3200 3856 3291 3926; x_wconf 91' lang='lat' dir='ltr'><strong>qui</strong></span> <span class='ocrx_word' id='word_1_626' title='bbox 3326 3872 3456 3910; x_wconf 84' lang='lat' dir='ltr'><strong>vere</strong></span> <span class='ocrx_word' id='word_1_627' title='bbox 3490 3856 3743 3927; x_wconf 82' lang='lat' dir='ltr'><strong>princeps</strong></span> 
     </span>
    </p>
   </div>
   <div class='ocr_carea' id='block_1_86' title="bbox 2164 3946 3743 4019">
    <p class='ocr_par' dir='ltr' id='par_1_86' title="bbox 2164 3946 3743 4019">
     <span class='ocr_line' id='line_1_86' title="bbox 2164 3946 3743 4019; baseline -0.002 -15"><span class='ocrx_word' id='word_1_628' title='bbox 2164 3950 2214 4004; x_wconf 96' lang='lat' dir='ltr'><strong>in</strong></span> <span class='ocrx_word' id='word_1_629' title='bbox 2246 3949 2439 4019; x_wconf 89' lang='lat' dir='ltr'><strong>populo</strong></span> <span class='ocrx_word' id='word_1_630' title='bbox 2464 3956 2567 4012; x_wconf 91' lang='lat' dir='ltr'><strong>est,</strong></span> <span class='ocrx_word' id='word_1_631' title='bbox 2585 3956 2640 4003; x_wconf 91' lang='lat' dir='ltr'><strong>et</strong></span> <span class='ocrx_word' id='word_1_632' title='bbox 2664 3955 2899 4003; x_wconf 88' lang='lat' dir='ltr'><strong>meretur</strong></span> <span class='ocrx_word' id='word_1_633' title='bbox 2919 3947 3071 4003; x_wconf 90' lang='lat' dir='ltr'><strong>ducis</strong></span> <span class='ocrx_word' id='word_1_634' title='bbox 3096 3962 3289 4003; x_wconf 90' lang='lat' dir='ltr'><strong>nomen</strong></span> <span class='ocrx_word' id='word_1_635' title='bbox 3318 3948 3588 4018; x_wconf 87' lang='lat' dir='ltr'><strong>accipere,</strong></span> <span class='ocrx_word' id='word_1_636' title='bbox 3616 3946 3743 4001; x_wconf 84' lang='lat' dir='ltr'><strong>hinc</strong></span> 
     </span>
    </p>
   </div>
   <div class='ocr_carea' id='block_1_87' title="bbox 2163 4036 3741 4107">
    <p class='ocr_par' dir='ltr' id='par_1_87' title="bbox 2163 4036 3741 4107">
     <span class='ocr_line' id='line_1_87' title="bbox 2163 4036 3741 4107; baseline 0 -15"><span class='ocrx_word' id='word_1_637' title='bbox 2163 4037 2286 4093; x_wconf 92' lang='lat' dir='ltr'><strong>inde</strong></span> <span class='ocrx_word' id='word_1_638' title='bbox 2324 4037 2519 4107; x_wconf 91' lang='lat' dir='ltr'><strong>accipit</strong></span> <span class='ocrx_word' id='word_1_639' title='bbox 2564 4042 2967 4105; x_wconf 89' lang='lat' dir='ltr'><strong>possessionem</strong></span> <span class='ocrx_word' id='word_1_640' title='bbox 3009 4036 3333 4102; x_wconf 89' lang='lat' dir='ltr'><strong>sanctuarii,</strong></span> <span class='ocrx_word' id='word_1_641' title='bbox 3383 4051 3448 4091; x_wconf 80' lang='lat' dir='ltr'><strong>ex</strong></span> <span class='ocrx_word' id='word_1_642' title='bbox 3492 4037 3741 4093; x_wconf 86' lang='lat' dir='ltr'><strong>omnibus</strong></span> 
     </span>
    </p>
   </div>
   <div class='ocr_carea' id='block_1_88' title="bbox 2162 4124 3744 4196">
    <p class='ocr_par' dir='ltr' id='par_1_88' title="bbox 2162 4124 3744 4196">
     <span class='ocr_line' id='line_1_88' title="bbox 2162 4124 3744 4196; baseline -0.001 -15"><span class='ocrx_word' id='word_1_643' title='bbox 2162 4128 2410 4182; x_wconf 90' lang='lat' dir='ltr'><strong>videlicet</strong></span> <span class='ocrx_word' id='word_1_644' title='bbox 2435 4127 2525 4196; x_wconf 92' lang='lat' dir='ltr'><strong>qui</strong></span> <span class='ocrx_word' id='word_1_645' title='bbox 2554 4127 2605 4182; x_wconf 91' lang='lat' dir='ltr'><strong>ei</strong></span> <span class='ocrx_word' id='word_1_646' title='bbox 2647 4126 2923 4181; x_wconf 90' lang='lat' dir='ltr'><strong>voluntate</strong></span> <span class='ocrx_word' id='word_1_647' title='bbox 2946 4124 3174 4193; x_wconf 82' lang='lat' dir='ltr'><strong>subjecti</strong></span> <span class='ocrx_word' id='word_1_648' title='bbox 3207 4133 3346 4188; x_wconf 87' lang='lat' dir='ltr'><strong>sunt,</strong></span> <span class='ocrx_word' id='word_1_649' title='bbox 3380 4134 3437 4179; x_wconf 92' lang='lat' dir='ltr'><strong>et</strong></span> <span class='ocrx_word' id='word_1_650' title='bbox 3470 4126 3618 4181; x_wconf 91' lang='lat' dir='ltr'><strong>urbis</strong></span> <span class='ocrx_word' id='word_1_651' title='bbox 3646 4128 3744 4180; x_wconf 78' lang='lat' dir='ltr'><strong>ha-</strong></span> 
     </span>
    </p>
   </div>
   <div class='ocr_carea' id='block_1_89' title="bbox 2162 4217 3741 4289">
    <p class='ocr_par' dir='ltr' id='par_1_89' title="bbox 2162 4217 3741 4289">
     <span class='ocr_line' id='line_1_89' title="bbox 2162 4217 3741 4289; baseline -0.001 -15"><span class='ocrx_word' id='word_1_652' title='bbox 2162 4219 2361 4274; x_wconf 84' lang='lat' dir='ltr'><strong>bitator</strong></span> <span class='ocrx_word' id='word_1_653' title='bbox 2391 4228 2505 4283; x_wconf 91' lang='lat' dir='ltr'><strong>est,</strong></span> <span class='ocrx_word' id='word_1_654' title='bbox 2549 4218 2949 4289; x_wconf 88' lang='lat' dir='ltr'><strong>multorumque</strong></span> <span class='ocrx_word' id='word_1_655' title='bbox 2989 4217 3217 4273; x_wconf 87' lang='lat' dir='ltr'><strong>salutem</strong></span> <span class='ocrx_word' id='word_1_656' title='bbox 3243 4232 3397 4272; x_wconf 89' lang='lat' dir='ltr'><strong>suam</strong></span> <span class='ocrx_word' id='word_1_657' title='bbox 3436 4218 3741 4273; x_wconf 84' lang='lat' dir='ltr'><strong>mercedem</strong></span> 
     </span>
    </p>
   </div>
   <div class='ocr_carea' id='block_1_90' title="bbox 2164 4307 3736 4380">
    <p class='ocr_par' dir='ltr' id='par_1_90' title="bbox 2164 4307 3736 4380">
     <span class='ocr_line' id='line_1_90' title="bbox 2164 4307 3736 4380; baseline -0.002 -16"><span class='ocrx_word' id='word_1_658' title='bbox 2164 4309 2309 4364; x_wconf 88' lang='lat' dir='ltr'><strong>facit.</strong></span> <span class='ocrx_word' id='word_1_659' title='bbox 2362 4309 2422 4364; x_wconf 92' lang='lat' dir='ltr'><strong>In</strong></span> <span class='ocrx_word' id='word_1_660' title='bbox 2466 4309 2637 4380; x_wconf 87' lang='lat' dir='ltr'><strong>priori</strong></span> <span class='ocrx_word' id='word_1_661' title='bbox 2687 4308 2888 4379; x_wconf 87' lang='lat' dir='ltr'><strong>templo</strong></span> <span class='ocrx_word' id='word_1_662' title='bbox 2924 4309 3067 4379; x_wconf 92' lang='lat' dir='ltr'><strong>quod</strong></span> <span class='ocrx_word' id='word_1_663' title='bbox 3103 4308 3303 4361; x_wconf 91' lang='lat' dir='ltr'><strong>dicitur</strong></span> <span class='ocrx_word' id='word_1_664' title='bbox 3345 4307 3736 4371; x_wconf 87' lang='lat' dir='ltr'><strong>sanctuarium,</strong></span> 
     </span>
    </p>
   </div>
   <div class='ocr_carea' id='block_1_91' title="bbox 2164 4399 3741 4472">
    <p class='ocr_par' dir='ltr' id='par_1_91' title="bbox 2164 4399 3741 4472">
     <span class='ocr_line' id='line_1_91' title="bbox 2164 4399 3741 4472; baseline -0.001 -17"><span class='ocrx_word' id='word_1_665' title='bbox 2164 4402 2439 4472; x_wconf 87' lang='lat' dir='ltr'><strong>quingenti</strong></span> <span class='ocrx_word' id='word_1_666' title='bbox 2461 4418 2557 4472; x_wconf 89' lang='lat' dir='ltr'><strong>per</strong></span> <span class='ocrx_word' id='word_1_667' title='bbox 2576 4402 2783 4471; x_wconf 84' lang='lat' dir='ltr'><strong>singula</strong></span> <span class='ocrx_word' id='word_1_668' title='bbox 2821 4400 2989 4457; x_wconf 87' lang='lat' dir='ltr'><strong>latera</strong></span> <span class='ocrx_word' id='word_1_669' title='bbox 3016 4399 3208 4455; x_wconf 81' lang='lat' dir='ltr'><strong>calami</strong></span> <span class='ocrx_word' id='word_1_670' title='bbox 3240 4399 3645 4462; x_wconf 89' lang='lat' dir='ltr'><strong>describuntur,</strong></span> <span class='ocrx_word' id='word_1_671' title='bbox 3683 4409 3741 4453; x_wconf 86' lang='lat' dir='ltr'><strong>et</strong></span> 
     </span>
    </p>
   </div>
   <div class='ocr_carea' id='block_1_92' title="bbox 483 4487 3740 4571">
    <p class='ocr_par' dir='ltr' id='par_1_92' title="bbox 483 4487 3740 4571">
     <span class='ocr_line' id='line_1_92' title="bbox 483 4487 3740 4571; baseline 0 -30"><span class='ocrx_word' id='word_1_672' title='bbox 483 4488 763 4544; x_wconf 88' lang='lat' dir='ltr'><strong>describit.</strong></span> <span class='ocrx_word' id='word_1_673' title='bbox 805 4488 1041 4557; x_wconf 90' lang='lat' dir='ltr'><strong>Denique</strong></span> <span class='ocrx_word' id='word_1_674' title='bbox 1067 4488 1325 4558; x_wconf 89' lang='lat' dir='ltr'><strong>sequitur.</strong></span> <span class='ocrx_word' id='word_1_675' title='bbox 1364 4487 1422 4543; x_wconf 91' lang='lat' dir='ltr'><strong>In</strong></span> <span class='ocrx_word' id='word_1_676' title='bbox 1462 4488 1844 4560; x_wconf 79' lang='lat' dir='ltr'><strong>longitudinem</strong></span> <span class='ocrx_word' id='word_1_677' title='bbox 1881 4498 2059 4545; x_wconf 89' lang='lat' dir='ltr'><strong>autem</strong></span> <span class='ocrx_word' id='word_1_678' title='bbox 2087 4511 2139 4571; x_wconf 71' lang='grc' dir='ltr'><strong>Β</strong></span> <span class='ocrx_word' id='word_1_679' title='bbox 2165 4507 2376 4545; x_wconf 89' lang='lat' dir='ltr'><strong>rursum</strong></span> <span class='ocrx_word' id='word_1_680' title='bbox 2404 4490 2789 4561; x_wconf 83' lang='lat' dir='ltr'><strong>quinquaginta</strong></span> <span class='ocrx_word' id='word_1_681' title='bbox 2830 4489 3021 4555; x_wconf 87' lang='lat' dir='ltr'><strong>cubiti,</strong></span> <span class='ocrx_word' id='word_1_682' title='bbox 3051 4490 3246 4559; x_wconf 86' lang='lat' dir='ltr'><strong>quibus</strong></span> <span class='ocrx_word' id='word_1_683' title='bbox 3274 4490 3454 4543; x_wconf 91' lang='lat' dir='ltr'><strong>omnis</strong></span> <span class='ocrx_word' id='word_1_684' title='bbox 3490 4488 3740 4542; x_wconf 86' lang='lat' dir='ltr'><strong>sacerdo-</strong></span> 
     </span>
    </p>
   </div>
   <div class='ocr_carea' id='block_1_93' title="bbox 480 4579 2060 4652">
    <p class='ocr_par' dir='ltr' id='par_1_93' title="bbox 480 4579 2060 4652">
     <span class='ocr_line' id='line_1_93' title="bbox 480 4579 2060 4652; baseline 0.003 -20"><span class='ocrx_word' id='word_1_685' title='bbox 480 4579 640 4652; x_wconf 76' lang='lat' dir='ltr'><strong>juxta</strong></span> <span class='ocrx_word' id='word_1_686' title='bbox 694 4594 1123 4650; x_wconf 89' lang='lat' dir='ltr'><strong>unamquamque</strong></span> <span class='ocrx_word' id='word_1_687' title='bbox 1165 4589 1373 4648; x_wconf 90' lang='lat' dir='ltr'><strong>partem</strong></span> <span class='ocrx_word' id='word_1_688' title='bbox 1422 4596 1583 4650; x_wconf 89' lang='lat' dir='ltr'><strong>quam</strong></span> <span class='ocrx_word' id='word_1_689' title='bbox 1633 4581 1855 4651; x_wconf 70' lang='lat' dir='ltr'><strong>singula:</strong></span> <span class='ocrx_word' id='word_1_690' title='bbox 1888 4582 2060 4637; x_wconf 87' lang='lat' dir='ltr'><strong>tribus</strong></span> 
     </span>
    </p>
   </div>
   <div class='ocr_carea' id='block_1_94' title="bbox 490 4670 2060 4741">
    <p class='ocr_par' dir='ltr' id='par_1_94' title="bbox 490 4670 2060 4741">
     <span class='ocr_line' id='line_1_94' title="bbox 490 4670 2060 4741; baseline -0.001 -14"><span class='ocrx_word' id='word_1_691' title='bbox 490 4670 759 4738; x_wconf 79' lang='lat' dir='ltr'><strong>accipiunt</strong></span> <span class='ocrx_word' id='word_1_692' title='bbox 798 4685 827 4723; x_wconf 90' lang='lat' dir='ltr'><strong>a</strong></span> <span class='ocrx_word' id='word_1_693' title='bbox 872 4671 1099 4725; x_wconf 89' lang='lat' dir='ltr'><strong>termino</strong></span> <span class='ocrx_word' id='word_1_694' title='bbox 1141 4670 1481 4735; x_wconf 90' lang='lat' dir='ltr'><strong>occidentali,</strong></span> <span class='ocrx_word' id='word_1_695' title='bbox 1510 4670 1564 4725; x_wconf 92' lang='lat' dir='ltr'><strong>id</strong></span> <span class='ocrx_word' id='word_1_696' title='bbox 1596 4680 1681 4726; x_wconf 89' lang='lat' dir='ltr'><strong>est</strong></span> <span class='ocrx_word' id='word_1_697' title='bbox 1706 4671 1871 4725; x_wconf 90' lang='lat' dir='ltr'><strong>maris</strong></span> <span class='ocrx_word' id='word_1_698' title='bbox 1891 4686 2060 4741; x_wconf 90' lang='lat' dir='ltr'><strong>usque</strong></span> 
     </span>
    </p>
   </div>
   <div class='ocr_carea' id='block_1_95' title="bbox 488 4760 2058 4830">
    <p class='ocr_par' dir='ltr' id='par_1_95' title="bbox 488 4760 2058 4830">
     <span class='ocr_line' id='line_1_95' title="bbox 488 4760 2058 4830; baseline -0.001 -13"><span class='ocrx_word' id='word_1_699' title='bbox 488 4760 556 4817; x_wconf 77' lang='lat' dir='ltr'><strong>ad</strong></span> <span class='ocrx_word' id='word_1_700' title='bbox 585 4761 871 4815; x_wconf 87' lang='lat' dir='ltr'><strong>terminum</strong></span> <span class='ocrx_word' id='word_1_701' title='bbox 896 4760 1231 4824; x_wconf 89' lang='lat' dir='ltr'><strong>orientalem,</strong></span> <span class='ocrx_word' id='word_1_702' title='bbox 1268 4762 1356 4830; x_wconf 90' lang='lat' dir='ltr'><strong>qui</strong></span> <span class='ocrx_word' id='word_1_703' title='bbox 1385 4761 1475 4815; x_wconf 91' lang='lat' dir='ltr'><strong>ubi</strong></span> <span class='ocrx_word' id='word_1_704' title='bbox 1506 4761 1718 4815; x_wconf 84' lang='lat' dir='ltr'><strong>finiatur</strong></span> <span class='ocrx_word' id='word_1_705' title='bbox 1740 4763 1793 4816; x_wconf 94' lang='lat' dir='ltr'><strong>in</strong></span> <span class='ocrx_word' id='word_1_706' title='bbox 1826 4762 2058 4817; x_wconf 90' lang='lat' dir='ltr'><strong>tribuum</strong></span> 
     </span>
    </p>
   </div>
   <div class='ocr_carea' id='block_1_96' title="bbox 491 4850 2060 4924">
    <p class='ocr_par' dir='ltr' id='par_1_96' title="bbox 491 4850 2060 4924">
     <span class='ocr_line' id='line_1_96' title="bbox 491 4850 2060 4924; baseline 0.003 -17"><span class='ocrx_word' id='word_1_707' title='bbox 491 4852 850 4921; x_wconf 87' lang='lat' dir='ltr'><strong>descriptione</strong></span> <span class='ocrx_word' id='word_1_708' title='bbox 880 4868 1181 4908; x_wconf 89' lang='lat' dir='ltr'><strong>noseemus.</strong></span> <span class='ocrx_word' id='word_1_709' title='bbox 1212 4853 1278 4907; x_wconf 88' lang='lat' dir='ltr'><strong>Et</strong></span> <span class='ocrx_word' id='word_1_710' title='bbox 1310 4850 1425 4909; x_wconf 63' lang='lat' dir='ltr'><strong>hwc</strong></span> <span class='ocrx_word' id='word_1_711' title='bbox 1462 4853 1566 4909; x_wconf 89' lang='lat' dir='ltr'><strong>erit</strong></span> <span class='ocrx_word' id='word_1_712' title='bbox 1608 4856 1874 4924; x_wconf 86' lang='lat' dir='ltr'><strong>possessio</strong></span> <span class='ocrx_word' id='word_1_713' title='bbox 1908 4856 2060 4913; x_wconf 86' lang='lat' dir='ltr'><strong>ducis</strong></span> 
     </span>
    </p>
   </div>
   <div class='ocr_carea' id='block_1_97' title="bbox 489 4943 2055 5013">
    <p class='ocr_par' dir='ltr' id='par_1_97' title="bbox 489 4943 2055 5013">
     <span class='ocr_line' id='line_1_97' title="bbox 489 4943 2055 5013; baseline 0.002 -15"><span class='ocrx_word' id='word_1_714' title='bbox 489 4944 604 4998; x_wconf 89' lang='lat' dir='ltr'><strong>sive</strong></span> <span class='ocrx_word' id='word_1_715' title='bbox 630 4944 885 5011; x_wconf 87' lang='lat' dir='ltr'><strong>principis</strong></span> <span class='ocrx_word' id='word_1_716' title='bbox 912 4943 963 4996; x_wconf 90' lang='lat' dir='ltr'><strong>in</strong></span> <span class='ocrx_word' id='word_1_717' title='bbox 993 4952 1133 4996; x_wconf 90' lang='lat' dir='ltr'><strong>terra</strong></span> <span class='ocrx_word' id='word_1_718' title='bbox 1152 4944 1332 4998; x_wconf 89' lang='lat' dir='ltr'><strong>Israel.</strong></span> <span class='ocrx_word' id='word_1_719' title='bbox 1369 4944 1493 5000; x_wconf 66' lang='lat' dir='ltr'><strong>Haec</strong></span> <span class='ocrx_word' id='word_1_720' title='bbox 1523 4945 1738 5000; x_wconf 88' lang='lat' dir='ltr'><strong>interim</strong></span> <span class='ocrx_word' id='word_1_721' title='bbox 1763 4946 1903 5000; x_wconf 88' lang='lat' dir='ltr'><strong>dicta</strong></span> <span class='ocrx_word' id='word_1_722' title='bbox 1930 4949 2055 5013; x_wconf 89' lang='lat' dir='ltr'><strong>sint,</strong></span> 
     </span>
    </p>
   </div>
   <div class='ocr_carea' id='block_1_98' title="bbox 491 5034 2057 5102">
    <p class='ocr_par' dir='ltr' id='par_1_98' title="bbox 491 5034 2057 5102">
     <span class='ocr_line' id='line_1_98' title="bbox 491 5034 2057 5102; baseline 0.003 -15"><span class='ocrx_word' id='word_1_723' title='bbox 491 5045 548 5087; x_wconf 92' lang='lat' dir='ltr'><strong>ut</strong></span> <span class='ocrx_word' id='word_1_724' title='bbox 596 5034 817 5102; x_wconf 80' lang='lat' dir='ltr'><strong>simplex</strong></span> <span class='ocrx_word' id='word_1_725' title='bbox 867 5034 1104 5087; x_wconf 80' lang='lat' dir='ltr'><strong>historia:</strong></span> <span class='ocrx_word' id='word_1_726' title='bbox 1144 5050 1324 5089; x_wconf 90' lang='lat' dir='ltr'><strong>sermo</strong></span> <span class='ocrx_word' id='word_1_727' title='bbox 1371 5044 1639 5089; x_wconf 89' lang='lat' dir='ltr'><strong>noscatur.</strong></span> <span class='ocrx_word' id='word_1_728' title='bbox 1686 5036 1949 5091; x_wconf 74' lang='lat' dir='ltr'><strong>Czeterum</strong></span> <span class='ocrx_word' id='word_1_729' title='bbox 2011 5040 2057 5093; x_wconf 94' lang='lat' dir='ltr'><strong>si</strong></span> 
     </span>
    </p>
   </div>
   <div class='ocr_carea' id='block_1_99' title="bbox 490 5123 2057 5195">
    <p class='ocr_par' dir='ltr' id='par_1_99' title="bbox 490 5123 2057 5195">
     <span class='ocr_line' id='line_1_99' title="bbox 490 5123 2057 5195; baseline 0.001 -17"><span class='ocrx_word' id='word_1_730' title='bbox 490 5125 817 5179; x_wconf 88' lang='lat' dir='ltr'><strong>voluerimus</strong></span> <span class='ocrx_word' id='word_1_731' title='bbox 844 5139 1156 5193; x_wconf 88' lang='lat' dir='ltr'><strong>comparare</strong></span> <span class='ocrx_word' id='word_1_732' title='bbox 1179 5123 1506 5193; x_wconf 87' lang='lat' dir='ltr'><strong>spiritalibus</strong></span> <span class='ocrx_word' id='word_1_733' title='bbox 1521 5126 1805 5195; x_wconf 89' lang='lat' dir='ltr'><strong>spiritalia,</strong></span> <span class='ocrx_word' id='word_1_734' title='bbox 1830 5136 1883 5179; x_wconf 90' lang='lat' dir='ltr'><strong>et</strong></span> <span class='ocrx_word' id='word_1_735' title='bbox 1903 5126 2057 5194; x_wconf 84' lang='lat' dir='ltr'><strong>juxta</strong></span> 
     </span>
    </p>
   </div>
   <div class='ocr_carea' id='block_1_100' title="bbox 492 5214 2059 5284">
    <p class='ocr_par' dir='ltr' id='par_1_100' title="bbox 492 5214 2059 5284">
     <span class='ocr_line' id='line_1_100' title="bbox 492 5214 2059 5284; baseline 0.002 -17"><span class='ocrx_word' id='word_1_736' title='bbox 492 5214 754 5284; x_wconf 88' lang='lat' dir='ltr'><strong>quosdam</strong></span> <span class='ocrx_word' id='word_1_737' title='bbox 781 5214 1097 5283; x_wconf 85' lang='lat' dir='ltr'><strong>interpretes</strong></span> <span class='ocrx_word' id='word_1_738' title='bbox 1127 5215 1193 5268; x_wconf 92' lang='lat' dir='ltr'><strong>ad</strong></span> <span class='ocrx_word' id='word_1_739' title='bbox 1220 5214 1408 5267; x_wconf 90' lang='lat' dir='ltr'><strong>altiora</strong></span> <span class='ocrx_word' id='word_1_740' title='bbox 1437 5216 1820 5279; x_wconf 74' lang='lat' dir='ltr'><strong>conscendere,</strong></span> <span class='ocrx_word' id='word_1_741' title='bbox 1852 5217 1941 5284; x_wconf 87' lang='lat' dir='ltr'><strong>qui</strong></span> <span class='ocrx_word' id='word_1_742' title='bbox 1968 5232 2059 5270; x_wconf 59' lang='lat' dir='ltr'><strong>as-</strong></span> 
     </span>
    </p>
   </div>
   <div class='ocr_carea' id='block_1_101' title="bbox 491 5303 2058 5377">
    <p class='ocr_par' dir='ltr' id='par_1_101' title="bbox 491 5303 2058 5377">
     <span class='ocr_line' id='line_1_101' title="bbox 491 5303 2058 5377; baseline -0.001 -17"><span class='ocrx_word' id='word_1_743' title='bbox 491 5314 681 5360; x_wconf 77' lang='lat' dir='ltr'><strong>serunt</strong></span> <span class='ocrx_word' id='word_1_744' title='bbox 709 5304 929 5377; x_wconf 76' lang='lat' dir='ltr'><strong>figuram</strong></span> <span class='ocrx_word' id='word_1_745' title='bbox 964 5303 1266 5358; x_wconf 89' lang='lat' dir='ltr'><strong>futurorum</strong></span> <span class='ocrx_word' id='word_1_746' title='bbox 1306 5318 1425 5359; x_wconf 88' lang='lat' dir='ltr'><strong>esse</strong></span> <span class='ocrx_word' id='word_1_747' title='bbox 1453 5306 1761 5373; x_wconf 72' lang='lat' dir='ltr'><strong>prmsentia,</strong></span> <span class='ocrx_word' id='word_1_748' title='bbox 1790 5314 1843 5359; x_wconf 92' lang='lat' dir='ltr'><strong>et</strong></span> <span class='ocrx_word' id='word_1_749' title='bbox 1880 5306 2058 5359; x_wconf 90' lang='lat' dir='ltr'><strong>omnia</strong></span> 
     </span>
    </p>
   </div>
   <div class='ocr_carea' id='block_1_102' title="bbox 491 5392 2051 5462">
    <p class='ocr_par' dir='ltr' id='par_1_102' title="bbox 491 5392 2051 5462">
     <span class='ocr_line' id='line_1_102' title="bbox 491 5392 2051 5462; baseline -0.001 -14"><span class='ocrx_word' id='word_1_750' title='bbox 491 5409 612 5462; x_wconf 72' lang='lat' dir='ltr'><strong>qua:</strong></span> <span class='ocrx_word' id='word_1_751' title='bbox 658 5394 910 5447; x_wconf 88' lang='lat' dir='ltr'><strong>dicuntur</strong></span> <span class='ocrx_word' id='word_1_752' title='bbox 954 5394 1222 5462; x_wconf 90' lang='lat' dir='ltr'><strong>pertinere</strong></span> <span class='ocrx_word' id='word_1_753' title='bbox 1266 5394 1332 5447; x_wconf 90' lang='lat' dir='ltr'><strong>ad</strong></span> <span class='ocrx_word' id='word_1_754' title='bbox 1374 5392 1649 5447; x_wconf 65' lang='lat' dir='ltr'><strong>caelestem</strong></span> <span class='ocrx_word' id='word_1_755' title='bbox 1695 5393 2051 5459; x_wconf 87' lang='lat' dir='ltr'><strong>Hierusalem,</strong></span> 
     </span>
    </p>
   </div>
   <div class='ocr_carea' id='block_1_103' title="bbox 491 5484 2056 5554">
    <p class='ocr_par' dir='ltr' id='par_1_103' title="bbox 491 5484 2056 5554">
     <span class='ocr_line' id='line_1_103' title="bbox 491 5484 2056 5554; baseline 0.001 -18"><span class='ocrx_word' id='word_1_756' title='bbox 491 5500 611 5554; x_wconf 62' lang='lat' dir='ltr'><strong>quae</strong></span> <span class='ocrx_word' id='word_1_757' title='bbox 636 5493 719 5538; x_wconf 90' lang='lat' dir='ltr'><strong>est</strong></span> <span class='ocrx_word' id='word_1_758' title='bbox 746 5490 918 5537; x_wconf 90' lang='lat' dir='ltr'><strong>mater</strong></span> <span class='ocrx_word' id='word_1_759' title='bbox 945 5484 1182 5537; x_wconf 92' lang='lat' dir='ltr'><strong>omnium</strong></span> <span class='ocrx_word' id='word_1_760' title='bbox 1213 5493 1475 5547; x_wconf 90' lang='lat' dir='ltr'><strong>nostrum,</strong></span> <span class='ocrx_word' id='word_1_761' title='bbox 1524 5491 1578 5538; x_wconf 91' lang='lat' dir='ltr'><strong>et</strong></span> <span class='ocrx_word' id='word_1_762' title='bbox 1621 5484 1900 5539; x_wconf 89' lang='lat' dir='ltr'><strong>ecclesiam</strong></span> <span class='ocrx_word' id='word_1_763' title='bbox 1948 5484 2056 5553; x_wconf 90' lang='lat' dir='ltr'><strong>pri-</strong></span> 
     </span>
    </p>
   </div>
   <div class='ocr_carea' id='block_1_104' title="bbox 496 5573 2053 5642">
    <p class='ocr_par' dir='ltr' id='par_1_104' title="bbox 496 5573 2053 5642">
     <span class='ocr_line' id='line_1_104' title="bbox 496 5573 2053 5642; baseline -0.003 -9"><span class='ocrx_word' id='word_1_764' title='bbox 496 5574 825 5637; x_wconf 76' lang='lat' dir='ltr'><strong>tnitivorum,</strong></span> <span class='ocrx_word' id='word_1_765' title='bbox 872 5589 975 5626; x_wconf 95' lang='lat' dir='ltr'><strong>non</strong></span> <span class='ocrx_word' id='word_1_766' title='bbox 1029 5573 1243 5642; x_wconf 90' lang='lat' dir='ltr'><strong>quidem</strong></span> <span class='ocrx_word' id='word_1_767' title='bbox 1299 5573 1515 5628; x_wconf 84' lang='lat' dir='ltr'><strong>dillicile</strong></span> <span class='ocrx_word' id='word_1_768' title='bbox 1563 5574 1667 5627; x_wconf 90' lang='lat' dir='ltr'><strong>erit</strong></span> <span class='ocrx_word' id='word_1_769' title='bbox 1710 5574 1888 5627; x_wconf 87' lang='lat' dir='ltr'><strong>dicere</strong></span> <span class='ocrx_word' id='word_1_770' title='bbox 1934 5589 2053 5642; x_wconf 71' lang='lat' dir='ltr'><strong>qua:</strong></span> 
     </span>
    </p>
   </div>
   <div class='ocr_carea' id='block_1_105' title="bbox 490 5661 2053 5731">
    <p class='ocr_par' dir='ltr' id='par_1_105' title="bbox 490 5661 2053 5731">
     <span class='ocr_line' id='line_1_105' title="bbox 490 5661 2053 5731; baseline 0 -16"><span class='ocrx_word' id='word_1_771' title='bbox 490 5661 633 5717; x_wconf 88' lang='lat' dir='ltr'><strong>dicta</strong></span> <span class='ocrx_word' id='word_1_772' title='bbox 655 5672 778 5717; x_wconf 89' lang='lat' dir='ltr'><strong>sunt</strong></span> <span class='ocrx_word' id='word_1_773' title='bbox 803 5663 871 5716; x_wconf 90' lang='lat' dir='ltr'><strong>ab</strong></span> <span class='ocrx_word' id='word_1_774' title='bbox 895 5663 1032 5726; x_wconf 89' lang='lat' dir='ltr'><strong>aliis,</strong></span> <span class='ocrx_word' id='word_1_775' title='bbox 1066 5664 1159 5717; x_wconf 87' lang='lat' dir='ltr'><strong>sed</strong></span> <span class='ocrx_word' id='word_1_776' title='bbox 1192 5678 1442 5717; x_wconf 86' lang='lat' dir='ltr'><strong>veremur</strong></span> <span class='ocrx_word' id='word_1_777' title='bbox 1470 5678 1535 5717; x_wconf 89' lang='lat' dir='ltr'><strong>ne</strong></span> <span class='ocrx_word' id='word_1_778' title='bbox 1568 5663 1932 5731; x_wconf 89' lang='lat' dir='ltr'><strong>hujuscemodi</strong></span> <span class='ocrx_word' id='word_1_779' title='bbox 1959 5678 2053 5716; x_wconf 85' lang='lat' dir='ltr'><strong>ex-</strong></span> 
     </span>
    </p>
   </div>
   <div class='ocr_carea' id='block_1_106' title="bbox 492 5753 2051 5825">
    <p class='ocr_par' dir='ltr' id='par_1_106' title="bbox 492 5753 2051 5825">
     <span class='ocr_line' id='line_1_106' title="bbox 492 5753 2051 5825; baseline 0 -17"><span class='ocrx_word' id='word_1_780' title='bbox 492 5754 803 5825; x_wconf 72' lang='lat' dir='ltr'><strong>positionem</strong></span> <span class='ocrx_word' id='word_1_781' title='bbox 828 5757 1060 5825; x_wconf 89' lang='lat' dir='ltr'><strong>prudeus</strong></span> <span class='ocrx_word' id='word_1_782' title='bbox 1084 5755 1249 5809; x_wconf 87' lang='lat' dir='ltr'><strong>lector</strong></span> <span class='ocrx_word' id='word_1_783' title='bbox 1274 5769 1605 5823; x_wconf 87' lang='lat' dir='ltr'><strong>nequaquam</strong></span> <span class='ocrx_word' id='word_1_784' title='bbox 1632 5756 1868 5825; x_wconf 83' lang='lat' dir='ltr'><strong>recipiat.</strong></span> <span class='ocrx_word' id='word_1_785' title='bbox 1900 5753 2051 5809; x_wconf 89' lang='lat' dir='ltr'><strong>Unde</strong></span> 
     </span>
    </p>
   </div>
   <div class='ocr_carea' id='block_1_107' title="bbox 2163 4578 3739 4652">
    <p class='ocr_par' dir='ltr' id='par_1_107' title="bbox 2163 4578 3739 4652">
     <span class='ocr_line' id='line_1_107' title="bbox 2163 4578 3739 4652; baseline -0.003 -15"><span class='ocrx_word' id='word_1_786' title='bbox 2163 4592 2274 4637; x_wconf 91' lang='lat' dir='ltr'><strong>tum</strong></span> <span class='ocrx_word' id='word_1_787' title='bbox 2304 4578 2570 4652; x_wconf 70' lang='lat' dir='ltr'><strong>possessio</strong></span> <span class='ocrx_word' id='word_1_788' title='bbox 2597 4587 2897 4649; x_wconf 87' lang='lat' dir='ltr'><strong>separatur.</strong></span> <span class='ocrx_word' id='word_1_789' title='bbox 2934 4579 2990 4634; x_wconf 87' lang='lat' dir='ltr'><strong>In</strong></span> <span class='ocrx_word' id='word_1_790' title='bbox 3016 4580 3250 4635; x_wconf 86' lang='lat' dir='ltr'><strong>secundo</strong></span> <span class='ocrx_word' id='word_1_791' title='bbox 3274 4588 3454 4633; x_wconf 90' lang='lat' dir='ltr'><strong>autem</strong></span> <span class='ocrx_word' id='word_1_792' title='bbox 3485 4588 3739 4634; x_wconf 81' lang='lat' dir='ltr'><strong>sanctua-</strong></span> 
     </span>
    </p>
   </div>
   <div class='ocr_carea' id='block_1_108' title="bbox 2161 4667 3738 4738">
    <p class='ocr_par' dir='ltr' id='par_1_108' title="bbox 2161 4667 3738 4738">
     <span class='ocr_line' id='line_1_108' title="bbox 2161 4667 3738 4738; baseline -0.001 -13"><span class='ocrx_word' id='word_1_793' title='bbox 2161 4670 2267 4735; x_wconf 90' lang='lat' dir='ltr'><strong>rio,</strong></span> <span class='ocrx_word' id='word_1_794' title='bbox 2310 4670 2399 4724; x_wconf 91' lang='lat' dir='ltr'><strong>ubi</strong></span> <span class='ocrx_word' id='word_1_795' title='bbox 2441 4679 2567 4724; x_wconf 55' lang='lat' dir='ltr'><strong>s‘mt</strong></span> <span class='ocrx_word' id='word_1_796' title='bbox 2594 4676 2779 4724; x_wconf 90' lang='lat' dir='ltr'><strong>sancta</strong></span> <span class='ocrx_word' id='word_1_797' title='bbox 2817 4677 3150 4723; x_wconf 90' lang='lat' dir='ltr'><strong>sanctorum.</strong></span> <span class='ocrx_word' id='word_1_798' title='bbox 3195 4667 3421 4722; x_wconf 88' lang='lat' dir='ltr'><strong>latitudo</strong></span> <span class='ocrx_word' id='word_1_799' title='bbox 3460 4668 3641 4738; x_wconf 87' lang='lat' dir='ltr'><strong>templi</strong></span> <span class='ocrx_word' id='word_1_800' title='bbox 3682 4680 3738 4723; x_wconf 89' lang='lat' dir='ltr'><strong>et</strong></span> 
     </span>
    </p>
   </div>
   <div class='ocr_carea' id='block_1_109' title="bbox 2161 4759 3733 4832">
    <p class='ocr_par' dir='ltr' id='par_1_109' title="bbox 2161 4759 3733 4832">
     <span class='ocr_line' id='line_1_109' title="bbox 2161 4759 3733 4832; baseline -0.002 -16"><span class='ocrx_word' id='word_1_801' title='bbox 2161 4763 2393 4832; x_wconf 89' lang='lat' dir='ltr'><strong>spatium</strong></span> <span class='ocrx_word' id='word_1_802' title='bbox 2420 4776 2523 4817; x_wconf 83' lang='lat' dir='ltr'><strong>ron</strong></span> <span class='ocrx_word' id='word_1_803' title='bbox 2549 4759 2895 4824; x_wconf 88' lang='lat' dir='ltr'><strong>describitur,</strong></span> <span class='ocrx_word' id='word_1_804' title='bbox 2943 4760 3034 4813; x_wconf 91' lang='lat' dir='ltr'><strong>sed</strong></span> <span class='ocrx_word' id='word_1_805' title='bbox 3076 4760 3315 4813; x_wconf 90' lang='lat' dir='ltr'><strong>incertus</strong></span> <span class='ocrx_word' id='word_1_806' title='bbox 3343 4774 3603 4813; x_wconf 91' lang='lat' dir='ltr'><strong>numerus</strong></span> <span class='ocrx_word' id='word_1_807' title='bbox 3631 4769 3733 4813; x_wconf 80' lang='lat' dir='ltr'><strong>est.</strong></span> 
     </span>
    </p>
   </div>
   <div class='ocr_carea' id='block_1_110' title="bbox 2162 4848 3734 4921">
    <p class='ocr_par' dir='ltr' id='par_1_110' title="bbox 2162 4848 3734 4921">
     <span class='ocr_line' id='line_1_110' title="bbox 2162 4848 3734 4921; baseline -0.004 -17"><span class='ocrx_word' id='word_1_808' title='bbox 2162 4853 2313 4921; x_wconf 83' lang='lat' dir='ltr'><strong>Quod</strong></span> <span class='ocrx_word' id='word_1_809' title='bbox 2341 4852 2554 4921; x_wconf 82' lang='lat' dir='ltr'><strong>quidem</strong></span> <span class='ocrx_word' id='word_1_810' title='bbox 2585 4858 2640 4904; x_wconf 91' lang='lat' dir='ltr'><strong>et</strong></span> <span class='ocrx_word' id='word_1_811' title='bbox 2669 4851 2722 4903; x_wconf 90' lang='lat' dir='ltr'><strong>in</strong></span> <span class='ocrx_word' id='word_1_812' title='bbox 2750 4849 3093 4919; x_wconf 89' lang='lat' dir='ltr'><strong>possessione</strong></span> <span class='ocrx_word' id='word_1_813' title='bbox 3121 4848 3379 4917; x_wconf 84' lang='lat' dir='ltr'><strong>principis</strong></span> <span class='ocrx_word' id='word_1_814' title='bbox 3410 4848 3734 4913; x_wconf 78' lang='lat' dir='ltr'><strong>invenimus,</strong></span> 
     </span>
    </p>
   </div>
   <div class='ocr_carea' id='block_1_111' title="bbox 2163 4939 3737 5011">
    <p class='ocr_par' dir='ltr' id='par_1_111' title="bbox 2163 4939 3737 5011">
     <span class='ocr_line' id='line_1_111' title="bbox 2163 4939 3737 5011; baseline -0.002 -17"><span class='ocrx_word' id='word_1_815' title='bbox 2163 4944 2252 5011; x_wconf 87' lang='lat' dir='ltr'><strong>qui</strong></span> <span class='ocrx_word' id='word_1_816' title='bbox 2282 4943 2382 4998; x_wconf 89' lang='lat' dir='ltr'><strong>abs</strong></span> <span class='ocrx_word' id='word_1_817' title='bbox 2397 4956 2482 5010; x_wconf 73' lang='lat' dir='ltr'><strong>[ne</strong></span> <span class='ocrx_word' id='word_1_818' title='bbox 2516 4941 2624 4994; x_wconf 89' lang='lat' dir='ltr'><strong>ullo</strong></span> <span class='ocrx_word' id='word_1_819' title='bbox 2659 4955 2885 4994; x_wconf 87' lang='lat' dir='ltr'><strong>numero</strong></span> <span class='ocrx_word' id='word_1_820' title='bbox 2911 4940 3071 4993; x_wconf 85' lang='lat' dir='ltr'><strong>habet</strong></span> <span class='ocrx_word' id='word_1_821' title='bbox 3114 4940 3510 5008; x_wconf 85' lang='lat' dir='ltr'><strong>possessionem</strong></span> <span class='ocrx_word' id='word_1_822' title='bbox 3551 4939 3603 4992; x_wconf 90' lang='lat' dir='ltr'><strong>in</strong></span> <span class='ocrx_word' id='word_1_823' title='bbox 3641 4955 3737 5007; x_wconf 83' lang='lat' dir='ltr'><strong>po-</strong></span> 
     </span>
    </p>
   </div>
   <div class='ocr_carea' id='block_1_112' title="bbox 2160 5029 3733 5103">
    <p class='ocr_par' dir='ltr' id='par_1_112' title="bbox 2160 5029 3733 5103">
     <span class='ocr_line' id='line_1_112' title="bbox 2160 5029 3733 5103; baseline -0.003 -17"><span class='ocrx_word' id='word_1_824' title='bbox 2160 5034 2286 5103; x_wconf 90' lang='lat' dir='ltr'><strong>pulo</strong></span> <span class='ocrx_word' id='word_1_825' title='bbox 2307 5031 2488 5093; x_wconf 64' lang='lat' dir='ltr'><strong>Israel,</strong></span> <span class='ocrx_word' id='word_1_826' title='bbox 2532 5032 2657 5086; x_wconf 89' lang='lat' dir='ltr'><strong>dum</strong></span> <span class='ocrx_word' id='word_1_827' title='bbox 2693 5030 2964 5101; x_wconf 86' lang='lat' dir='ltr'><strong>profectus</strong></span> <span class='ocrx_word' id='word_1_828' title='bbox 2989 5031 3365 5085; x_wconf 81' lang='lat' dir='ltr'><strong>universorum</strong></span> <span class='ocrx_word' id='word_1_829' title='bbox 3396 5029 3659 5082; x_wconf 86' lang='lat' dir='ltr'><strong>redundat</strong></span> <span class='ocrx_word' id='word_1_830' title='bbox 3682 5030 3733 5082; x_wconf 82' lang='lat' dir='ltr'><strong>it:</strong></span> 
     </span>
    </p>
   </div>
   <div class='ocr_carea' id='block_1_113' title="bbox 2158 5121 3735 5194">
    <p class='ocr_par' dir='ltr' id='par_1_113' title="bbox 2158 5121 3735 5194">
     <span class='ocr_line' id='line_1_113' title="bbox 2158 5121 3735 5194; baseline -0.004 -17"><span class='ocrx_word' id='word_1_831' title='bbox 2158 5124 2475 5194; x_wconf 89' lang='lat' dir='ltr'><strong>principem,</strong></span> <span class='ocrx_word' id='word_1_832' title='bbox 2527 5132 2583 5177; x_wconf 89' lang='lat' dir='ltr'><strong>et</strong></span> <span class='ocrx_word' id='word_1_833' title='bbox 2624 5122 3007 5191; x_wconf 88' lang='lat' dir='ltr'><strong>discipulorum</strong></span> <span class='ocrx_word' id='word_1_834' title='bbox 3048 5122 3197 5177; x_wconf 89' lang='lat' dir='ltr'><strong>salus</strong></span> <span class='ocrx_word' id='word_1_835' title='bbox 3243 5121 3525 5189; x_wconf 70' lang='lat' dir='ltr'><strong>prmmium</strong></span> <span class='ocrx_word' id='word_1_836' title='bbox 3568 5122 3735 5190; x_wconf 88' lang='lat' dir='ltr'><strong>magi.</strong></span> 
     </span>
    </p>
   </div>
   <div class='ocr_carea' id='block_1_114' title="bbox 2160 5222 2519 5268">
    <p class='ocr_par' dir='ltr' id='par_1_114' title="bbox 2160 5222 2519 5268">
     <span class='ocr_line' id='line_1_114' title="bbox 2160 5222 2519 5268; baseline -0.006 0"><span class='ocrx_word' id='word_1_837' title='bbox 2160 5222 2394 5268; x_wconf 85' lang='lat' dir='ltr'><strong>strorum</strong></span> <span class='ocrx_word' id='word_1_838' title='bbox 2419 5222 2519 5267; x_wconf 88' lang='lat' dir='ltr'><strong>est.</strong></span> 
     </span>
    </p>
   </div>
   <div class='ocr_carea' id='block_1_115' title="bbox 2237 5301 3739 5369">
    <p class='ocr_par' dir='ltr' id='par_1_115' title="bbox 2237 5301 3739 5369">
     <span class='ocr_line' id='line_1_115' title="bbox 2237 5301 3739 5369; baseline -0.003 -13"><span class='ocrx_word' id='word_1_839' title='bbox 2237 5323 2255 5356; x_wconf 83' lang='grc'><strong>‹</strong></span> <span class='ocrx_word' id='word_1_840' title='bbox 2301 5305 2423 5359; x_wconf 74' lang='lat' dir='ltr'><strong>Hmc</strong></span> <span class='ocrx_word' id='word_1_841' title='bbox 2451 5305 2579 5358; x_wconf 87' lang='lat' dir='ltr'><strong>dicit</strong></span> <span class='ocrx_word' id='word_1_842' title='bbox 2612 5303 2868 5358; x_wconf 92' lang='lat' dir='ltr'><strong>Dominus</strong></span> <span class='ocrx_word' id='word_1_843' title='bbox 2900 5306 3076 5359; x_wconf 91' lang='lat' dir='ltr'><strong>Deus:</strong></span> <span class='ocrx_word' id='word_1_844' title='bbox 3110 5302 3351 5357; x_wconf 82' lang='lat' dir='ltr'><strong>Sulliciat</strong></span> <span class='ocrx_word' id='word_1_845' title='bbox 3377 5301 3555 5365; x_wconf 89' lang='lat' dir='ltr'><strong>vobis,</strong></span> <span class='ocrx_word' id='word_1_846' title='bbox 3580 5301 3699 5369; x_wconf 85' lang='lat' dir='ltr'><strong>prin</strong></span> <span class='ocrx_word' id='word_1_847' title='bbox 3719 5329 3739 5339; x_wconf 85' lang='lat'>-</span> 
     </span>
    </p>
   </div>
   <div class='ocr_carea' id='block_1_116' title="bbox 2166 5391 3726 5462">
    <p class='ocr_par' dir='ltr' id='par_1_116' title="bbox 2166 5391 3726 5462">
     <span class='ocr_line' id='line_1_116' title="bbox 2166 5391 3726 5462; baseline -0.001 -17"><span class='ocrx_word' id='word_1_848' title='bbox 2166 5413 2184 5445; x_wconf 73' lang='grc' dir='ltr'>α</span> <span class='ocrx_word' id='word_1_849' title='bbox 2229 5394 2374 5461; x_wconf 91' lang='lat' dir='ltr'><strong>cipes</strong></span> <span class='ocrx_word' id='word_1_850' title='bbox 2404 5391 2599 5457; x_wconf 85' lang='lat' dir='ltr'><strong>Israel;</strong></span> <span class='ocrx_word' id='word_1_851' title='bbox 2642 5393 2977 5461; x_wconf 91' lang='lat' dir='ltr'><strong>iniquitatem</strong></span> <span class='ocrx_word' id='word_1_852' title='bbox 3021 5404 3076 5447; x_wconf 89' lang='lat' dir='ltr'><strong>et</strong></span> <span class='ocrx_word' id='word_1_853' title='bbox 3114 5393 3329 5462; x_wconf 86' lang='lat' dir='ltr'><strong>rapinas</strong></span> <span class='ocrx_word' id='word_1_854' title='bbox 3368 5391 3726 5458; x_wconf 76' lang='lat' dir='ltr'><strong>intermittite,</strong></span> 
     </span>
    </p>
   </div>
   <div class='ocr_carea' id='block_1_117' title="bbox 2165 5481 3725 5553">
    <p class='ocr_par' dir='ltr' id='par_1_117' title="bbox 2165 5481 3725 5553">
     <span class='ocr_line' id='line_1_117' title="bbox 2165 5481 3725 5553; baseline -0.003 -19"><span class='ocrx_word' id='word_1_855' title='bbox 2165 5503 2182 5534; x_wconf 78' lang='grc' dir='ltr'><strong><em>ι</em></strong></span> <span class='ocrx_word' id='word_1_856' title='bbox 2226 5493 2280 5538; x_wconf 88' lang='lat' dir='ltr'><strong>et</strong></span> <span class='ocrx_word' id='word_1_857' title='bbox 2315 5482 2576 5550; x_wconf 86' lang='lat' dir='ltr'><strong>judicium</strong></span> <span class='ocrx_word' id='word_1_858' title='bbox 2609 5491 2663 5537; x_wconf 87' lang='lat' dir='ltr'><strong>et</strong></span> <span class='ocrx_word' id='word_1_859' title='bbox 2700 5481 2965 5551; x_wconf 87' lang='lat' dir='ltr'><strong>justitiam</strong></span> <span class='ocrx_word' id='word_1_860' title='bbox 3003 5484 3183 5537; x_wconf 84' lang='lat' dir='ltr'><strong>facite.</strong></span> <span class='ocrx_word' id='word_1_861' title='bbox 3212 5484 3475 5553; x_wconf 88' lang='lat' dir='ltr'><strong>Separate</strong></span> <span class='ocrx_word' id='word_1_862' title='bbox 3497 5482 3725 5537; x_wconf 81' lang='lat' dir='ltr'><strong>confinia</strong></span> 
     </span>
    </p>
   </div>
   <div class='ocr_carea' id='block_1_118' title="bbox 2163 5571 3729 5644">
    <p class='ocr_par' dir='ltr' id='par_1_118' title="bbox 2163 5571 3729 5644">
     <span class='ocr_line' id='line_1_118' title="bbox 2163 5571 3729 5644; baseline -0.001 -17"><span class='ocrx_word' id='word_1_863' title='bbox 2163 5595 2182 5627; x_wconf 83' lang='grc'>‹</span> <span class='ocrx_word' id='word_1_864' title='bbox 2226 5584 2400 5629; x_wconf 89' lang='lat' dir='ltr'><strong>vestra</strong></span> <span class='ocrx_word' id='word_1_865' title='bbox 2438 5590 2465 5627; x_wconf 89' lang='lat' dir='ltr'><strong>a</strong></span> <span class='ocrx_word' id='word_1_866' title='bbox 2499 5573 2696 5644; x_wconf 90' lang='lat' dir='ltr'><strong>populo</strong></span> <span class='ocrx_word' id='word_1_867' title='bbox 2731 5589 2869 5638; x_wconf 89' lang='lat' dir='ltr'><strong>meo,</strong></span> <span class='ocrx_word' id='word_1_868' title='bbox 2904 5576 2979 5629; x_wconf 92' lang='lat' dir='ltr'><strong>ait</strong></span> <span class='ocrx_word' id='word_1_869' title='bbox 3019 5575 3278 5629; x_wconf 87' lang='lat' dir='ltr'><strong>Dominus</strong></span> <span class='ocrx_word' id='word_1_870' title='bbox 3315 5574 3475 5629; x_wconf 89' lang='lat' dir='ltr'><strong>Deus.</strong></span> <span class='ocrx_word' id='word_1_871' title='bbox 3518 5593 3536 5625; x_wconf 72' lang='grc' dir='ltr'><strong><em>ι</em></strong></span> <span class='ocrx_word' id='word_1_872' title='bbox 3579 5571 3729 5639; x_wconf 78' lang='lat' dir='ltr'><strong>(Hie-</strong></span> 
     </span>
    </p>
   </div>
   <div class='ocr_carea' id='block_1_119' title="bbox 2158 5660 3729 5734">
    <p class='ocr_par' dir='ltr' id='par_1_119' title="bbox 2158 5660 3729 5734">
     <span class='ocr_line' id='line_1_119' title="bbox 2158 5660 3729 5734; baseline 0 -18"><span class='ocrx_word' id='word_1_873' title='bbox 2158 5663 2296 5725; x_wconf 86' lang='lat' dir='ltr'><strong>ron.)</strong></span> <span class='ocrx_word' id='word_1_874' title='bbox 2336 5662 2439 5717; x_wconf 82' lang='lat' dir='ltr'><strong>Pro</strong></span> <span class='ocrx_word' id='word_1_875' title='bbox 2485 5663 2681 5731; x_wconf 81' lang='lat' dir='ltr'><strong>rapinis</strong></span> <span class='ocrx_word' id='word_1_876' title='bbox 2730 5662 3076 5734; x_wconf 85' lang='lat' dir='ltr'><strong>Septuaginta</strong></span> <span class='ocrx_word' id='word_1_877' title='bbox 3120 5664 3383 5715; x_wconf 82' lang='lat' dir='ltr'><strong>miseriam</strong></span> <span class='ocrx_word' id='word_1_878' title='bbox 3433 5660 3729 5716; x_wconf 77' lang='lat' dir='ltr'><strong>transtule-</strong></span> 
     </span>
    </p>
   </div>
   <div class='ocr_carea' id='block_1_120' title="bbox 2158 5753 3726 5822">
    <p class='ocr_par' dir='ltr' id='par_1_120' title="bbox 2158 5753 3726 5822">
     <span class='ocr_line' id='line_1_120' title="bbox 2158 5753 3726 5822; baseline -0.003 -13"><span class='ocrx_word' id='word_1_879' title='bbox 2158 5764 2311 5817; x_wconf 88' lang='lat' dir='ltr'><strong>runt;</strong></span> <span class='ocrx_word' id='word_1_880' title='bbox 2343 5769 2438 5821; x_wconf 88' lang='lat' dir='ltr'><strong>pro</strong></span> <span class='ocrx_word' id='word_1_881' title='bbox 2467 5753 2726 5821; x_wconf 78' lang='lat' dir='ltr'><strong>conﬁniis,</strong></span> <span class='ocrx_word' id='word_1_882' title='bbox 2756 5755 3153 5822; x_wconf 78' lang='lat' dir='ltr'><strong>oppressionem.</strong></span> <span class='ocrx_word' id='word_1_883' title='bbox 3176 5754 3268 5809; x_wconf 78' lang='lat' dir='ltr'><strong>Est</strong></span> <span class='ocrx_word' id='word_1_884' title='bbox 3294 5762 3472 5809; x_wconf 88' lang='lat' dir='ltr'><strong>autem</strong></span> <span class='ocrx_word' id='word_1_885' title='bbox 3500 5764 3726 5807; x_wconf 80' lang='lat' dir='ltr'><strong>sensus&#39;</strong></span> 
     </span>
    </p>
   </div>
  </div>
