3950 6332
209 395 348 449 ίθέὅ

1131 392 1482 448 (ἹΟΜΜΕΝΤ.
1520 393 1585 447 IN
1624 393 2068 449 EZECIIIELEM.
2116 422 2185 434 --
2218 392 2345 448 LIB.
2391 393 2571 449 XVIII.

3314 394 3454 454 I026

206 512 310 575 Qui
335 508 623 578 accepistis
647 517 853 577 partem
868 507 1483 577 vestram,oprincipes,
1500 506 1773 576 Scriptura
1807 516 1851 572 Α
1880 509 2030 562 vobis
2078 524 2303 577 magnus
2353 524 2495 573 esse,
2548 492 2639 563 ﬁat
2685 508 2932 563 minister
2958 508 3172 581 (Matth.
3202 526 3285 577 xx;
3318 511 3448 567 Luc.

209 603 458 664 dicente,
486 599 711 669 principi
743 613 959 669 quoque
995 600 1119 654 hinc
1150 600 1273 653 inde
1302 599 1355 652 in
1384 599 1780 667 separationem

208 691 509 766 sanctuarii
525 690 923 760 possessionem
939 690 1190 753 civitatis,
1210 690 1546 753 subauditur,
1565 689 1779 742 dabitis.

208 779 278 835 Et
312 789 461 835 tanta
487 790 571 834 est
602 787 782 833 vestra
814 780 1073 849 potentia,
1104 789 1161 832 ut
1189 779 1349 832 unius
1378 780 1547 833 tribus
1576 787 1783 847 partem

210 869 483 938 acceperit
525 876 702 922 vestra
746 869 1036 937 possessio.
1086 868 1581 948 ldcircoprawipio
1625 877 1785 936 atque

209 972 530 1011 commoneo
552 966 607 1009 ut
627 956 855 1012 sulliciat
883 958 986 1012 huc
1008 973 1178 1025 usque
1206 958 1547 1026 iniquitatem
1597 956 1787 1012 fecisse

209 1057 265 1102 et
313 1048 550 1117 rapinas,
589 1047 714 1101 dum
757 1048 931 1101 aliena
962 1047 1213 1102 invaditis
1251 1054 1412 1114 atque
1434 1046 1684 1115 diripitis.
1722 1046 1786 1100 Et

209 1139 341 1207 quia
376 1138 633 1208 scriptum
670 1147 752 1193 est
786 1156 799 1191 :
837 1158 855 1189 ι
899 1138 1117 1191 Dimitte
1151 1136 1353 1191 malum
1381 1145 1436 1191 et
1473 1136 1559 1191 fac
1588 1136 1786 1192 bonum

212 1230 264 1296 (I
302 1228 447 1283 Patr.
481 1231 583 1299 Ill),
620 1250 639 1282 ι
667 1246 697 1284 e
740 1229 1014 1284 contrario
1045 1245 1060 1281 :
1096 1248 1114 1279 ι
1154 1226 1421 1283 Iudicium
1445 1226 1600 1281 facite
1628 1236 1789 1296 atque

203 1318 497 1386 jnStitiam,
514 1318 821 1386 jndicantes
836 1318 1083 1388 pupillos,
1098 1328 1155 1371 et
1172 1318 1531 1387 justifieantes
1555 1318 1784 1371 viduam.

214 1408 482 1478 Separate
510 1419 686 1464 vestra
727 1409 957 1463 confinia
987 1423 1016 1461 a
1042 1409 1236 1477 populo
1268 1425 1411 1473 meo,
1449 1428 1465 1458 ι
1500 1424 1565 1463 ne
1602 1408 1790 1462 videli-

213 1512 311 1555 cet
352 1502 614 1554 terminos
643 1498 1001 1563 transferatis,
1030 1499 1228 1567 ctqnia
1269 1498 1381 1567 ipsa
1415 1499 1613 1552 vicinia
1648 1498 1791 1551 IiI‘IIII.

213 1591 579 1653 humiliorem,
614 1590 705 1659 qui
748 1589 1093 1659 supercilium
1133 1587 1352 1655 majoris
1388 1598 1441 1642 et
1479 1589 1793 1657 potentioris

214 1694 326 1732 non
350 1687 526 1748 potest
551 1679 839 1733 sustinere.
868 1677 1005 1732 Hinc
1044 1692 1140 1749 per
1159 1678 1347 1732 Isaiam
1378 1678 1574 1731 dicitur
1601 1695 1616 1732 :
1651 1696 1668 1727 ι
1701 1676 1791 1731 Va:

163 1820 169 1822 ν
214 1768 315 1838 qui
365 1768 689 1838 conjungitis
719 1768 937 1823 domum
967 1768 1033 1823 ad
1078 1768 1317 1833 domum,
1359 1776 1413 1820 et
1440 1782 1627 1838 agrum
1663 1783 1791 1837 agro

1883 602 2039 671 xxn).
2083 621 2101 653 ι
2159 602 2223 655 Et
2266 602 2358 670 qui
2406 602 2633 657 voluerit
2675 618 2791 656 esse
2840 602 3062 671 primus,
3097 602 3167 656 sit
3213 603 3453 658 omnium

1884 710 2089 748 servus.
2124 692 2276 747 Sicut
2302 693 2440 746 filius
2469 693 2696 747 hominis
2727 708 2829 747 non
2852 693 2996 747 venit
3019 693 3331 758 ministrari,
3360 694 3453 749 sed

1886 784 2209 844 ministrare,
2238 792 2290 835 et
2320 782 2449 836 dare
2478 782 2710 833 animam
2740 797 2889 835 suam
2914 781 3330 851 redemptionem
3355 799 3454 852 pro

1886 874 2147 944 plurimis.
2204 875 2361 928 Multa
2398 881 2520 928 sunt
2551 873 2593 927 si
2627 872 2841 926 voluero
2868 874 2933 926 de
2961 874 3129 927 sacris
3160 873 3454 943 Scripturis

1886 964 2159 1016 revolvere
2181 1002 2195 1026 ,
2242 963 2332 1015 ubi
2370 960 2629 1026 majorum
2662 960 2907 1028 superbia
2943 970 3252 1026 coercetur,
3298 971 3352 1015 et
3385 962 3451 1015 ad

1889 1051 2243 1103 humilitatem
2292 1064 2480 1102 omnes
2534 1049 2732 1101 domini
2776 1058 3165 1117 provocantur,
3206 1050 3450 1115 dicentis,

1887 1139 2086 1193 Discite
2110 1153 2139 1190 a
2170 1152 2253 1191 me
2277 1139 2400 1205 quia
2431 1137 2572 1191 mitis
2596 1152 2730 1199 sum,
2760 1146 2815 1190 et
2842 1138 3057 1192 humilis
3082 1139 3261 1193 corde.

1964 1248 1982 1279 ι
2013 1229 2223 1282 Statera
2249 1226 2415 1295 jnsta,
2443 1236 2495 1281 et
2515 1228 2635 1297 ephi
2659 1232 2881 1297 justum,
2906 1238 2961 1282 et
2984 1229 3330 1299 batusjustus
3352 1234 3459 1287 erit

1895 1338 1913 1370 ι
1942 1321 2112 1374 vobis.
2166 1319 2298 1389 Ephi
2339 1329 2395 1372 et
2440 1319 2596 1372 batus
2634 1320 2854 1387 aequalia
2900 1327 2953 1374 et
2994 1322 3152 1376 unius
3194 1338 3457 1379 mensura:

1894 1426 1912 1459 ι
1939 1416 2117 1469 erunt,
2161 1417 2220 1460 ut
2258 1408 2434 1475 capiat
2475 1406 2731 1461 decimam
2770 1416 2975 1475 partem
3016 1409 3200 1476 batus,
3232 1419 3287 1465 et
3320 1414 3461 1467 deci-

1896 1519 1913 1550 ι
1943 1515 2083 1552 mam
2116 1509 2318 1569 partem
2346 1499 2491 1567 ephi,
2516 1497 2666 1566 juxta
2691 1514 2996 1554 mensuram
3022 1502 3134 1555 cori
3165 1504 3267 1557 erit
3291 1504 3459 1572 aequi-

1898 1607 1916 1639 ι
1946 1589 2162 1643 libratio
2192 1605 2398 1643 eorum.
2442 1588 2617 1643 Siclus
2647 1599 2823 1643 autem
2851 1591 3036 1660 viginti
3066 1591 3249 1647 obolos
3279 1594 3458 1650 habet.

1898 1696 1917 1730 ι
1946 1679 2113 1734 Porro
2143 1680 2328 1749 viginti
2353 1680 2490 1743 sicli,
2517 1688 2570 1733 et
2594 1680 2778 1749 viginti
2806 1681 3042 1750 quinque
3063 1683 3202 1747 sicli,
3223 1692 3277 1736 et
3299 1684 3458 1752 quin-

1901 1788 1918 1819 ι
1949 1770 2119 1823 decim
2162 1769 2278 1822 sicli
2319 1770 2517 1822 minam
2565 1768 2784 1823 faciunt.
2817 1788 2836 1823 ι
2897 1769 3168 1841 (Ηὶενοη.)
3212 1772 3464 1829 Dicamus

214 1859 487 1928 copulatis
509 1874 677 1928 usque
703 1860 770 1913 ad
806 1860 1094 1913 terminum
1121 1858 1246 1913 loci.
1276 1856 1546 1927 Numquid
1576 1858 1787 1912 habita-
1815 1853 1862 1912 B
1890 1872 2018 1928 ergo
2042 1858 2195 1925 juxta
2223 1857 2538 1912 Hebraicqu
2566 1866 2620 1911 et
2649 1858 2876 1912 litteram
2896 1900 2909 1924 ,
2948 1871 3002 1913 et
3033 1861 3159 1929 quid
3192 1861 3345 1915 nobis
3384 1863 3462 1927 Avi-

212 1949 349 2004 bitis
386 1948 483 2002 soli
524 1964 683 2018 super
729 1949 966 2003 terram?
999 1969 1018 2000 ι
1064 1947 1199 2019 (Ιδα.
1246 1947 1325 2018 v.)
1357 1946 1486 2012 Qua:
1525 1954 1607 2001 est
1646 1948 1790 2001 enim

217 2040 419 2105 rabies,
442 2056 563 2093 cum
586 2049 727 2095 tecta
760 2047 815 2094 et
844 2041 960 2110 agri
989 2040 1059 2094 ad
1096 2039 1438 2109 depellendos
1480 2039 1699 2104 imbres,
1738 2048 1792 2092 et

215 2132 286 2183 ad
312 2131 568 2185 serendas
595 2128 778 2200 fruges
800 2130 999 2183 habere
1020 2130 1268 2191 debeant,
1288 2144 1350 2183 ea
1379 2130 1578 2183 habere
1597 2141 1793 2196 cupere

216 2216 275 2269 in
299 2218 496 2286 quibus
518 2218 728 2270 cunctis
760 2216 1002 2270 habitare
1036 2232 1140 2270 non
1164 2216 1362 2286 possis,
1390 2225 1442 2270 et
1468 2231 1585 2285 qua:
1618 2217 1792 2269 colere

216 2321 329 2359 non
366 2304 617 2369 sufﬁcias,
657 2305 987 2374 alteriusque
1016 2307 1388 2360 necessitatem
1429 2314 1573 2359 tuam
1613 2303 1794 2358 facere

219 2396 596 2465 voluptatem?
640 2394 802 2449 Juxta
860 2396 1210 2466 tropologiam
1269 2405 1458 2451 contra
1510 2395 1794 2469 (htercticos

217 2487 441 2555 quidam
483 2487 586 2539 hoc
621 2486 823 2540 dictum
858 2486 1213 2550 arbitrantur,
1253 2487 1343 2557 qui
1373 2501 1496 2540 cum
1531 2485 1794 2539 moverint

216 2575 387 2645 pedes
413 2591 540 2629 suos
562 2576 626 2629 de
655 2578 885 2642 oriente,
918 2577 1135 2629 veniunt
1161 2578 1216 2630 in
1247 2591 1497 2646 campum
1529 2576 1792 2639 Sennaar,

217 2666 313 2735 qui
347 2667 730 2735 interpretatur
760 2668 1009 2722 excussio
1035 2668 1297 2731 dentium,
1333 2677 1388 2721 et
1422 2667 1689 2721 :edificant
1718 2667 1792 2720 ci-

217 2755 447 2811 vitatem
494 2754 831 2812 confusionis
880 2766 1193 2827 turremque
1230 2758 1517 2827 superbim.
1568 2756 1658 2811 Isti
1700 2758 1795 2812 do-

218 2860 345 2898 mus
371 2846 639 2911 domibus,
672 2845 724 2899 id
753 2854 857 2910 est,
893 2847 1141 2915 dogmata
1176 2847 1508 2917 conjungunt
1534 2847 1795 2916 dogmati-

218 2936 342 2990 bus.
372 2938 573 3003 Quibus
595 2939 795 2991 dicitur
818 2952 914 3005 per
937 2937 1213 2992 Michieam
1238 2956 1251 2991 :
1285 2955 1303 2989 ι
1333 2936 1506 2993 Nolite
1527 2937 1795 2991 aedificare

219 3026 276 3079 in
306 3030 465 3082 domo
493 3028 730 3082 derisum
768 3027 955 3095 (Mich.
983 3027 1105 3097 vu),
1139 3046 1159 3079 ι
1195 3042 1263 3082 ne
1294 3042 1451 3096 super
1481 3025 1796 3102 fundamen-

220 3124 337 3168 tum
360 3116 556 3170 Christi
583 3118 722 3185 quod
745 3117 939 3169 Paulus
968 3116 1242 3185 apostolus
1264 3117 1444 3185 posuit
1467 3115 1515 3187 (Ι
1534 3114 1655 3169 Cor.
1683 3114 1790 3187 tu),

1892 1946 2081 2001 deatur
2112 1947 2164 2001 in
2192 1946 2415 2017 singulis
2436 1948 2671 2016 apertius
2708 1948 3055 2016 explicemus.
3090 1949 3320 2013 Statera,
3345 1967 3463 2020 quae

1892 2036 2152 2091 Hebraice
2175 2036 2371 2090 dicitur
2414 2053 2639 2102 mozene,
2677 2037 2728 2091 in
2767 2038 2849 2092 his
2886 2038 3199 2107 intelligitur
3226 2056 3343 2108 qua:
3372 2056 3465 2110 ap-

1891 2127 2227 2197 penduntur;
2264 2127 2422 2198 epha,
2456 2142 2574 2197 quae
2614 2128 2665 2180 in
2714 2126 2901 2182 ϐηρςο
2943 2144 3191 2183 sermone
3217 2142 3468 2199 corrupte

1891 2216 2086 2272 dicitur
2134 2216 2282 2284 ephi,
2326 2219 2392 2271 ad
2436 2232 2737 2271 mensuram
2774 2217 3009 2285 pertinet
3031 2220 3301 2273 variarum
3352 2220 3463 2274 fru-

1891 2324 2035 2377 gum,
2059 2307 2205 2361 verbi
2233 2308 2425 2376 gratia,
2454 2307 2638 2372 tritici,
2671 2307 2877 2372 hordei,
2908 2308 3253 2377 leguminum.
3298 2310 3467 2366 Porro

1890 2398 2069 2463 batus,
2099 2398 2189 2466 qui
2224 2397 2484 2452 Ilebraice
2513 2397 2809 2468 appellatur
2833 2398 2939 2452 bati
2963 2440 2979 2463 ,
3002 2399 3189 2454 eadem
3217 2416 3463 2457 mensura

1891 2497 1975 2544 est
1997 2503 2116 2557 qum
2145 2497 2198 2543 et
2221 2488 2365 2557 ephi,
2396 2496 2451 2543 et
2486 2488 2537 2541 in
2568 2488 2848 2557 speciebus
2876 2496 3087 2543 tantum
3115 2489 3329 2559 liquidis
3356 2493 3465 2547 vini

1892 2588 1947 2633 et
1962 2579 2086 2645 olei,
2109 2589 2165 2634 et
2186 2580 2509 2634 istiusmodi.
2533 2577 2701 2634 Corus
2729 2570 2945 2649 triginta
2972 2580 3383 2650 habethodios,
3412 2593 3465 2638 et

1893 2668 1946 2723 in
1977 2678 2205 2739 utraque
2232 2684 2502 2734 mensura,
2533 2669 2634 2722 hoc
2664 2678 2747 2723 est
2772 2677 2881 2722 tam
2904 2670 3177 2724 aridarum
3214 2687 3374 2741 quam
3398 2672 3463 2725 li-

1893 2761 2194 2830 quentium,
2242 2768 2383 2814 tenet
2437 2759 2775 2828 principium.
2833 2759 3043 2814 Decima
3079 2776 3206 2830 pars
3246 2763 3356 2818 cori
3410 2764 3463 2817 in

1892 2851 1975 2905 his
1996 2865 2115 2920 quae
2140 2850 2318 2905 modio
2345 2859 2741 2915 mensurantur,
2767 2848 3063 2919 appellatur
3095 2851 3256 2920 epha,
3285 2852 3335 2906 id
3359 2864 3462 2916 est,

1894 2951 2003 2998 tres
2047 2943 2232 3005 modii,
2268 2951 2321 2995 et
2355 2942 2557 2997 decima
2599 2958 2725 3012 pars
2766 2944 2877 2997 cori
2910 2943 2961 2995 in
2994 2943 3274 3011 speciebus
3310 2944 3465 3013 liqui-

1892 3034 1975 3089 dis
2009 3043 2235 3087 vocatur
2271 3034 2429 3089 batus
2464 3032 2575 3086 sive
2615 3033 2800 3097 vadus,
2840 3040 2896 3085 ut
2940 3031 3177 3100 ejusdem
3203 3048 3466 3089 mensum

1894 3122 1965 3175 sit
1990 3120 2128 3190 epha
2158 3130 2213 3176 et
2245 3121 2419 3175 batus.
2462 3120 2747 3189 (Maurus.)
2794 3118 2942 3173 Unde
2982 3120 3036 3173 in
3082 3120 3223 3189 Lege
3246 3120 3466 3187 jubetnr

216 3205 350 3259 etin
373 3221 480 3273 quo
499 3206 789 3258 debuerant
815 3204 1078 3258 aedificare
1101 3221 1313 3268 aurum,
1333 3204 1790 3274 argentum,lapi—
1817 3193 1861 3255 C
1894 3209 2077 3281 (Leuit.
2125 3224 2201 3274 vt,
2249 3208 2422 3263 Exod.
2470 3206 2657 3276 xxix):
2692 3225 2709 3257 ι
2740 3207 2952 3261 Decima
2996 3222 3121 3276 pars
3166 3208 3287 3276 ephi
3338 3224 3465 3265 con-

219 3295 319 3347 des
360 3295 627 3363 pretiosos
653 3335 667 3357 ,
706 3310 735 3347 e
772 3295 1042 3349 contrario
1083 3294 1350 3349 aedificent
1395 3293 1558 3364 ligna,
1588 3291 1787 3358 fenum,

216 3384 498 3451 stipulam,
534 3399 761 3451 quorum
808 3384 929 3437 linis
968 3383 1273 3436 incendium
1310 3390 1408 3436 est.
1434 3382 1510 3435 De
1538 3380 1788 3450 hujusce-

216 3473 365 3527 modi
387 3473 632 3526 domibus
653 3472 899 3526 Salvator
922 3473 973 3526 in
997 3471 1285 3541 Evangelia
1312 3470 1547 3539 loquitur
1570 3485 1585 3522 :
1616 3488 1635 3519 ι
1665 3468 1790 3523 Οιιι-

215 3565 303 3619 uis
326 3565 418 3632 qui
454 3566 683 3618 audierit
722 3565 886 3617 verba
920 3580 1063 3626 mea,
1094 3572 1150 3617 et
1175 3578 1283 3615 non
1312 3561 1501 3615 fecerit
1527 3575 1590 3615 ea
1613 3600 1628 3626 ,
1657 3560 1791 3615 assi-

216 3656 498 3710 milabitur
538 3659 654 3722 viro
702 3660 912 3719 Stulto,
956 3656 1046 3723 qui
1092 3654 1322 3707 aedificat
1370 3653 1586 3705 domum
1636 3667 1789 3725 suam

215 3760 383 3816 super
412 3762 653 3801 arenam.
692 3746 977 3800 Descendit
1008 3744 1205 3813 pluvia,
1247 3751 1512 3795 venerunt
1544 3741 1785 3805 flumina,

217 3838 487 3890 llaverunt
508 3837 671 3900 venti,
689 3845 741 3888 et
767 3837 1099 3903 impegerunt
1121 3833 1173 3885 in
1201 3832 1416 3887 domum
1438 3832 1606 3896 illam,
1622 3840 1677 3887 et
1699 3847 1789 3886 ce-

215 3926 351 3979 cidit
385 3943 397 3977 :
429 3934 485 3979 et
518 3924 619 3979 fuit
654 3925 806 3977 ruina
837 3926 1025 3977 domus
1057 3922 1199 3976 illius
1230 3937 1447 3990 magna.
1484 3941 1502 3972 ι
1542 3923 1674 3975 Tam
1698 3922 1787 3975 diu

218 4026 402 4069 autem
434 4024 679 4083 quaerunt
710 4013 949 4068 bterctici
978 4027 1113 4065 nova
1150 4012 1420 4065 veteribus
1446 4012 1695 4080 jangere,
1734 4021 1789 4066 et

216 4106 408 4160 eadem
441 4104 831 4159 recentioribus
859 4104 1171 4165 immutare,
1198 4103 1369 4157 donec
1394 4110 1448 4155 et
1477 4116 1666 4156 sensus
1691 4103 1790 4156 bu-

217 4210 413 4249 manus
434 4204 490 4249 et
519 4209 695 4248 sermo
734 4192 967 4247 deficiat.
1010 4192 1122 4247 Hoc
1154 4192 1371 4247 interim
1397 4191 1598 4245 dictum
1625 4192 1695 4245 sit
1720 4191 1789 4245 ad

220 4286 363 4340 illius
388 4286 643 4353 temporis
666 4284 920 4355 populum
943 4291 998 4337 et
1025 4285 1091 4337 ad
1119 4283 1421 4337 htcreticos.
1447 4282 1714 4337 Caeterum
1734 4290 1787 4335 et

218 4376 419 4430 nostris
453 4374 783 4443 principibus
816 4382 1141 4443 praeceptum
1180 4371 1381 4441 poterit
1406 4372 1666 4440 cooptari,
1693 4360 1785 4441 qui

219 4466 273 4519 in
305 4479 511 4519 morem
534 4463 829 4518 Pharaonis
850 4471 905 4517 et
920 4460 1295 4533 Egyptiorum
1314 4461 1620 4531 opprimunt
1648 4461 1785 4515 filios

216 4558 384 4611 Israel
420 4571 518 4625 per
557 4556 851 4624 potentiam
1145 4552 1238 4623 u);
1288 4524 1396 4607 nec
1428 4552 1789 4605 meminerunt
1814 4524 1865 4583 Β

217 4649 482 4716 scriptum
519 4664 531 4698 :
571 4664 589 4696 ι
628 4646 829 4701 Ducem
877 4654 925 4698 te
955 4644 1380 4709 constituerunt,
1421 4658 1489 4697 ne
1518 4641 1786 4709 eleveris;

218 4738 312 4791 sed
333 4746 451 4791 esto
474 4736 615 4789 inter
636 4750 729 4789 eos
753 4735 907 4804 quasi
932 4750 1069 4789 unus
1096 4749 1163 4789 ex
1183 4734 1315 4804 ipsis
1345 4734 1533 4804 (Eccli.
1556 4736 1784 4804 xxxn)»

217 4828 288 4883 Et
313 4828 442 4882 illud
472 4826 613 4897 quod
639 4827 692 4879 in
725 4826 1013 4895 Evangelio
1042 4825 1304 4879 Dominus
1336 4825 1573 4894 loquitur
1599 4843 1611 4877 :
1644 4843 1663 4875 ι
1694 4824 1786 4879 Sin

216 4926 401 4972 autem
424 4917 620 4970 dixerit
644 4931 835 4970 servus
860 4915 951 4969 ille
972 4916 1025 4969 in
1050 4915 1213 4969 corde
1241 4928 1340 4969 suo
1375 4933 1388 4968 :
1412 4913 1652 4968 Moratur
1692 4915 1791 4969 do.

216 5010 399 5064 minus
425 5023 577 5063 meus
613 5007 823 5073 venire,
853 5016 912 5063 et
950 5008 1179 5079 cmperit
1205 5015 1490 5078 percutere
1529 5021 1711 5062 servos
1735 5012 1791 5059 et

215 5102 445 5155 ancillas
467 5141 481 5164 ,
517 5101 802 5156 comedere
845 5109 902 5155 et
942 5100 1128 5156 bibere
1150 5142 1166 5167 ,
1208 5111 1263 5156 et
1294 5101 1572 5169 inebriari,
1610 5100 1791 5155 veniet

215 5190 469 5243 dominus
508 5202 649 5245 serv:
686 5190 830 5245 illius
866 5190 921 5245 iu
964 5190 1051 5244 die
1074 5206 1180 5260 qua
1222 5206 1329 5246 non
1358 5199 1542 5262 putat,
1574 5200 1631 5246 et
1656 5191 1786 5244 hora

215 5294 380 5347 quam
404 5279 577 5333 nescit
604 5295 618 5332 :
646 5290 702 5334 et
725 5280 925 5336 dividet
956 5294 1099 5344 eum,
1140 5288 1196 5335 et
1236 5288 1443 5350 partem
1473 5280 1590 5349 ejus
1626 5288 1787 5350 ponet

213 5385 340 5424 cum
370 5368 675 5426 infidelibus
704 5371 917 5443 (Matth.
946 5387 1071 5425 xxiv
1095 5388 1110 5436 ;
1147 5371 1276 5427 Luc.
1299 5373 1450 5443 xu)»
1490 5371 1787 5441 Discipulos

214 5475 433 5531 quoque
486 5475 612 5519 suos
661 5463 715 5516 in
762 5463 1049 5531 Evangelia
1092 5463 1176 5518 his
1226 5463 1509 5533 praeceptis
1553 5463 1731 5517 erudit
1769 5480 1782 5515 :

219 5571 240 5604 ι
290 5550 455 5608 Scitis
480 5555 731 5624 quoniam
760 5556 1028 5624 principes
1056 5555 1294 5625 gentium
1327 5556 1672 5609 dominantur
1695 5569 1781 5609 eo-

214 5660 363 5709 rum,
405 5654 461 5699 et
499 5645 588 5713 qui
619 5645 852 5714 majores
889 5656 1033 5712 sunt,
1075 5655 1394 5715 potestatem
1436 5653 1689 5701 exercent
1733 5646 1784 5699 in

216 5749 312 5788 eos
358 5753 370 5764 ·
413 5751 517 5789 non
557 5736 634 5790 sic
679 5736 782 5790 erit
830 5738 967 5795 inter
1002 5753 1113 5791 vos.
1166 5737 1273 5791 Sed
1314 5736 1406 5805 qui
1453 5735 1687 5788 voluerit
1732 5736 1785 5788 in

1893 3314 2078 3368 Spersa
2102 3298 2238 3363 oleo,
2265 3318 2283 3350 ι
2316 3298 2456 3366 quod
2487 3311 2791 3351 mensuram
2822 3296 3039 3351 habebit
3068 3306 3313 3365 quartam
3343 3315 3466 3368 par-

1892 3396 1997 3444 tem
2022 3390 2112 3443 hin
2138 3406 2151 3443 ε
2183 3406 2202 3439 ι
2230 3396 2283 3442 et
2312 3388 2476 3441 libum
2508 3388 2575 3441 ad
2602 3386 2724 3439 vina
2755 3384 3021 3440 fundentia
3048 3384 3285 3452 ejusdem
3315 3404 3467 3443 men-

1891 3495 2031 3534 sura:
2058 3498 2077 3531 ι
2112 3480 2228 3533 dari
2256 3480 2306 3532 in
2334 3478 2722 3533 holocaustum.
2748 3478 2994 3535 Mensura
3017 3492 3145 3549 ergo
3173 3479 3317 3547 ephi,
3347 3495 3467 3548 quat

1893 3576 2001 3623 tres
2027 3569 2189 3623 habet
2216 3569 2349 3623 alias
2374 3583 2675 3633 mensuras,
2718 3578 2915 3624 sancta:
2951 3567 3232 3623 Trinitatis
3261 3571 3465 3643 signifi-

1892 3669 1981 3715 cat
2021 3662 2198 3724 fidem,
2238 3661 2389 3730 cujus
2426 3661 2685 3715 decimam
2720 3659 2971 3729 jubemur
3006 3660 3224 3725 offerre,
3263 3662 3316 3717 id
3360 3672 3462 3727 est,

1890 3754 2257 3807 credulitatem
2275 3753 2659 3808 incarnationis
2677 3751 3034 3823 Christi,qu:e
3058 3754 3108 3806 in
3136 3753 3278 3824 Lege
3310 3756 3464 3811 nobis

1889 3842 2197 3911 plenissime
2236 3843 2665 3903 commendatur,
2710 3842 2823 3897 sive
2862 3841 3257 3898 observantiam
3298 3845 3467 3915 ipsius

1876 3932 2149 4005 (deealogi.
2206 3930 2464 3986 Jubemur
2510 3932 2665 3988 simul
2720 3932 2915 3989 oll'erre
2965 3934 3165 4003 oleum,
3224 3937 3327 3992 hoc
3380 3949 3466 3994 est

1889 4023 2203 4077 charitatem
2234 4031 2286 4076 et
2316 4024 2761 4079 misericordiam.
2816 4024 3075 4081 Jubemur
3101 4036 3156 4082 et
3183 4028 3365 4084 vinum
3393 4032 3460 4085 ad

1888 4109 2258 4175 libamentum,
2298 4112 2350 4166 id
2388 4121 2489 4178 est,
2524 4113 2752 4183 gratiam
2790 4115 3083 4185 spiritalem
3104 4156 3131 4180 ,ν
3160 4118 3273 4173 sive
3307 4134 3461 4172 com-

1889 4201 2308 4257 municationem
2342 4202 2609 4271 passionis
2642 4202 2873 4269 Christi,
2913 4214 2968 4260 et
3003 4206 3119 4261 haec
3144 4205 3299 4274 juxta
3340 4225 3465 4278 par—

1892 4290 2132 4346 titionem
2163 4305 2427 4345 mensurae
2463 4292 2577 4357 hin,
2616 4292 2719 4347 hoc
2755 4301 2839 4347 est
2875 4295 3167 4348 secundum
3202 4295 3459 4352 distribu-

1888 4383 2089 4436 tionem
2127 4381 2379 4451 perfectze
2411 4382 2727 4445 devotionis.
2770 4382 3035 4456 (Hieron.)
3070 4384 3240 4441 Porro
3277 4387 3462 4453 siclos,

1889 4473 1978 4542 qui
2016 4473 2201 4528 Graace
2238 4474 2435 4528 dicitur
2469 4483 2644 4539 stater,
2684 4473 2870 4544 viginti
2899 4476 3061 4530 habet
3086 4475 3291 4531 obolos.
3320 4477 3462 4533 Mina

1895 4580 2039 4627 vero,
2081 4580 2200 4633 qua:
2236 4564 2531 4633 appellatur
2565 4581 2687 4617 mna
2712 4604 2728 4630 ,
2768 4564 2931 4619 habet
2966 4565 3125 4621 siclos
3162 4569 3460 4639 sexaginta,

1894 4655 1983 4724 qui
2020 4654 2226 4709 faciunt
2257 4653 2442 4709 obolos
2476 4653 2620 4708 mille
2657 4654 2932 4709 ducentos.
2970 4653 3121 4722 Quod
3163 4666 3340 4711 autem
3380 4658 3463 4712 di-

1892 4747 2055 4811 citur,
2082 4745 2265 4814 viginti
2289 4744 2406 4799 sicli
2433 4753 2488 4799 et
2509 4744 2694 4815 viginti
2719 4745 2953 4817 quinque
2982 4745 3122 4810 sicli,
3163 4754 3218 4801 et
3235 4747 3461 4817 quinde-

1892 4837 1998 4891 cim
2042 4835 2159 4891 sicli
2196 4836 2394 4890 minam
2424 4833 2643 4897 faciunt,
2678 4834 2934 4890 lectorem
2975 4840 3193 4898 turbare
3226 4852 3331 4892 non
3362 4839 3459 4891 de-

1892 4926 2005 4981 bet.
2064 4925 2270 4980 Idcirco
2319 4924 2461 4979 enim
2506 4922 2788 4985 difﬁcultas
2837 4924 2889 4978 in
2940 4926 3180 4982 numeris
3220 4926 3459 4996 ponitur,

1892 5021 1953 5066 ut
1976 5014 2236 5068 intentum
2263 5012 2498 5065 animum
2522 5009 2685 5077 faciat
2711 5010 2991 5075 auditoris.
3032 5012 3183 5067 Unde
3211 5022 3263 5067 et
3293 5013 3457 5069 multa

1893 5103 2143 5158 dicuntur
2179 5102 2231 5156 iu
2272 5100 2537 5170 parabolis
2570 5110 2624 5156 et
2661 5101 3051 5170 teniginatibus,
3096 5122 3116 5153 ι
3144 5112 3203 5157 ιιι
3238 5103 3329 5172 qui
3367 5104 3460 5159 ha-

1891 5196 1985 5249 bet
2030 5208 2188 5248 aures
2237 5193 2527 5258 audiendi,
2572 5182 2752 5248 audiat
2791 5193 3003 5261 (Matth.
3050 5194 3150 5265 xl).
3201 5214 3221 5248 ι
3271 5193 3459 5254 Omnis

1891 5286 2084 5356 quippe
2122 5284 2399 5354 prophetia
2438 5284 2766 5339 obscuritate
2802 5286 3041 5340 continet
3066 5285 3367 5351 veritatem.
3400 5294 3459 5342 ut

1891 5374 2135 5445 discipuli
2158 5375 2482 5430 intrinsecus
2506 5376 2745 5442 audiant,
2769 5376 2958 5456 vulgus
2987 5362 3217 5447 ignobile
3244 5386 3301 5434 et
3324 5377 3458 5441 foris

1888 5465 2117 5535 positum
2161 5464 2367 5517 nesciat
2422 5463 2549 5532 quid
2588 5463 2819 5519 dicatur.
2862 5463 3111 5536 Praecipit
3146 5480 3275 5537 ergo
3310 5464 3456 5522 Scri-

1888 5562 2047 5625 ptura
2083 5553 2262 5608 divina
2300 5562 2358 5607 ut
2388 5553 2531 5623 justa
2567 5553 2676 5607 sint
2708 5555 2941 5624 pondera
2963 5595 2978 5618 ,
3028 5554 3258 5615 dicens:
3294 5573 3313 5605 ι
3339 5553 3459 5609 Non

1888 5645 1992 5701 erit
2045 5644 2097 5699 in
2150 5643 2424 5713 marsupio
2472 5650 2563 5697 tuo
2608 5659 2858 5699 mensura
2901 5644 3118 5716 grandis
3152 5652 3207 5701 et
3258 5643 3453 5704 minor,

1890 5743 2084 5812 statera
2135 5748 2259 5788 vera
2296 5742 2351 5789 et
2380 5731 2525 5801 justa
2564 5734 2670 5788 erit
2729 5734 2907 5793 vobis.
2945 5743 3000 5789 et
3041 5750 3288 5790 mensura
3329 5750 3457 5789 vera
