3950 6358
481 358 611 415 1027

1108 358 1164 409 Β.
1207 356 1455 415 ΒΑΒΑΝῙ
1496 354 1714 413 διΑυιὶι
1749 346 2073 407 ARClllEP.
2116 344 2424 405 MOGUNT.
2464 345 2747 421 OPERUM
2786 345 2964 401 PARS
3001 347 3062 400 ll.

3595 348 3737 402 1033

466 485 523 527 ιιι
548 474 696 544 justa
733 472 838 528 erit
869 472 1022 527 vobis
1061 469 1256 542 (Lerit.
1300 470 1434 542 xix).
1465 490 1484 523 ι
1542 471 1607 525 Et
1645 469 1698 524 in
1734 466 2043 522 Proverbiis
2070 471 2116 528 Α
2146 462 2451 517 ccrdotihus
2471 460 2522 515 in
2548 460 2796 529 primitiis
2816 458 3102 513 oll'crendis
3124 474 3241 528 qua:
3257 458 3319 514 de
3346 459 3741 518 tribnsmodiis

459 564 669 618 dicitur
710 579 724 617 :
765 579 785 613 ι
824 560 1036 616 Statera
1083 560 1299 630 grandis
1336 570 1390 613 et
1427 560 1601 613 minor
1628 597 1645 622 ,
1684 553 2045 611 abominabile

468 662 549 708 est
588 662 877 723 utrumque
915 653 967 705 in
1004 660 1294 719 conspectu
1331 650 1426 704 Dei
1464 649 1644 721 (Prov.
1682 656 1783 715 xi).
1814 666 1833 698 ι
1892 645 2044 712 Quod

468 741 803 811 quidemnon
820 738 990 793 solum
1017 739 1069 790 in
1099 737 1435 791 commerciis
1458 745 1509 790 et
1534 738 1585 788 in
1608 749 1707 787 usu
1720 732 2045 802 quotidiana:

471 832 591 884 vitae
639 829 797 884 nobis
844 835 925 882 est
971 827 1365 881 observandum
1393 866 1407 889 ,
1445 825 1537 879 sed
1575 824 1627 877 in
1663 822 1913 876 omnibus
1951 834 2045 904 cu-

468 920 746 975 stodienda
778 917 987 985 justitia
1012 957 1027 981 ,
1081 916 1293 970 dicente
1329 914 1605 982 Scriptura
1643 930 1656 966 :
1697 910 2045 965 Sermonibus

469 1007 763 1063 tuis‘facies
790 1014 1046 1061 stateram
1072 1013 1125 1059 et
1152 1002 1587 1075 appendiculum,
1616 1010 1676 1055 ut
1704 1009 1757 1055 et
1782 1000 1835 1054 in
1867 999 2044 1053 verbis

466 1110 521 1153 et
551 1100 606 1153 in
635 1110 798 1169 Opere
826 1107 881 1151 et
902 1096 1319 1164 cogitationibus
1367 1095 1545 1149 omnia
1593 1093 1831 1163 pondere
1868 1100 1923 1144 et
1964 1106 2047 1143 ra-

469 1191 505 1242 ti
544 1204 612 1243 ne
660 1188 941 1243 faciamus.
991 1187 1216 1243 Obolum
1244 1196 1443 1248 autem,
1470 1186 1571 1239 hoc
1611 1193 1693 1238 est
1731 1182 2040 1237 vicesimam

467 1286 675 1349 partem
702 1277 820 1332 sicli
849 1279 963 1332 sive
998 1278 1235 1340 stateris,
1264 1290 1382 1330 esse
1416 1274 1689 1329 minimam
1733 1272 2043 1343 portiuncu-

465 1373 569 1425 lam
617 1372 671 1426 in
710 1370 818 1426 alio
860 1368 979 1424 loco
1001 1369 1263 1440 legimus:
1294 1368 1408 1435 ejus
1445 1366 1536 1435 qui
1582 1364 1754 1419 fidelis
1786 1372 1868 1416 est
1898 1370 2044 1415 totus

466 1462 699 1517 mundus
733 1461 1038 1515 divitiarum
1076 1478 1090 1513 :
1134 1459 1276 1514 illius
1323 1466 1501 1511 autem
1547 1455 1636 1524 qui
1686 1444 1917 1507 infidelis
1961 1459 2044 1506 est

467 1563 641 1622 neque
679 1551 887 1617 obolos,
937 1551 1089 1621 quasi
1138 1549 1255 1603 aliis
1296 1548 1474 1602 verbis
1514 1545 1709 1600 dixerit
1753 1560 1768 1598 :
1810 1542 2043 1598 lnlidelis

465 1641 599 1696 nihil
640 1642 695 1696 in
736 1643 903 1696 verbo
951 1639 1206 1711 possidet,
1250 1639 1343 1693 sed
1384 1638 1545 1691 etiam
1587 1635 1809 1689 minima
1844 1632 2046 1703 indiget

466 1731 731 1800 portione.
773 1731 856 1786 De
883 1746 990 1799 quo
1028 1729 1132 1784 alio
1170 1729 1335 1782 vcrbo
1374 1728 1425 1780 in
1463 1724 1755 1795 Evangelia
1791 1723 1987 1779 dicitur
2023 1739 2038 1776 :

2146 556 2427 609 dimidium
2460 554 2587 608 facit
2613 552 2871 616 modium,
2898 554 3177 621 perspicue
3212 563 3537 622 supputatur
3567 570 3739 609 sexa-

2145 643 2402 714 gesimam
2453 651 2660 713 partem
2714 642 3071 712 primitiarum
3118 644 3427 697 sacerdotes
3481 645 3736 712 accipere

2145 736 2359 789 debere.
2406 734 2530 788 Hrec
2556 734 2772 787 interim
2793 733 2946 803 juxta
2974 733 3209 788 litteram
3232 743 3286 788 et
3318 733 3477 802 juxta
3503 736 3733 792 Hebrai-

2145 838 2262 877 cam
2292 823 2598 886 veritatem,
2628 828 2683 876 et
2707 822 2940 875 sensisse
2964 830 3019 875 et
3049 823 3263 876 audisse
3290 822 3539 878 sufﬁciat.
3575 823 3737 878 Nunc

2146 918 2477 966 revertamur
2516 910 2581 965 ad
2618 910 3024 981 intelligentiam
3047 911 3360 980 spiritalem,
3394 913 3448 965 in
3480 928 3584 981 qua
3615 913 3739 981 pri-

2146 1015 2291 1054 mum
2325 1001 2672 1069 quaerendum
2713 1000 2979 1069 quomodo
3022 1000 3275 1053 dicatur:
3314 1022 3331 1051 ι
3364 1002 3580 1057 Honora
3614 1004 3733 1056 Do.

2144 1090 2347 1144 minum
2373 1090 2438 1144 de
2462 1088 2623 1157 justis
2654 1090 2757 1145 tuis
2788 1090 3077 1153 laboribus,
3108 1100 3162 1145 et
3196 1092 3263 1146 da
3291 1094 3339 1147 ei
3368 1094 3433 1147 de
3460 1093 3739 1149 fructibus

2135 1180 2360 1249 justitiaa
2383 1186 2507 1243 tum,
2546 1191 2602 1235 ut
2638 1182 2958 1250 impleantur
2983 1183 3199 1237 cellaria
3236 1193 3324 1237 tua
3354 1183 3643 1250 frumento,
3674 1193 3739 1239 et

2142 1274 2269 1328 vino
2296 1273 2583 1328 toreularia
2610 1285 2700 1327 tua
2732 1274 3033 1330 redundent
3065 1273 3245 1347 (Prov.
3274 1276 3393 1348 ιιι);
3420 1298 3437 1328 ι
3481 1287 3541 1331 ιιι
3574 1286 3735 1348 pust-

2144 1382 2303 1435 quam
2328 1366 2587 1421 obtuleris
2611 1366 2876 1435 primitias
2899 1367 3142 1421 laborum
3174 1377 3389 1422 tuorum
3416 1377 3577 1439 atque
3615 1372 3667 1423 vi
3681 1385 3739 1423 r-

2145 1464 2337 1520 tutum,
2374 1463 2427 1509 et
2455 1455 2675 1520 dixeris,
2699 1470 2825 1510 ecce
2846 1473 2989 1511 nunc
3018 1473 3115 1528 ego
3147 1459 3299 1512 attuli
3332 1460 3427 1513 tibi
3463 1460 3737 1529 primitias

2143 1545 2413 1602 fructuum
2442 1556 2617 1613 terra',
2650 1563 2785 1617 quos
2820 1548 3009 1603 dedisti
3052 1550 3202 1614 mihi,
3233 1550 3457 1605 Domine
3486 1570 3499 1604 :
3524 1567 3739 1605 merea-

2145 1638 2221 1692 ris
2249 1636 2475 1692 audire:
2510 1656 2529 1688 ι
2556 1636 2883 1692 Benedictus
2932 1645 2987 1692 tu
3032 1639 3084 1693 in
3123 1641 3367 1706 civitate,
3416 1648 3470 1696 et
3508 1642 3737 1696 benedi-

2145 1737 2264 1813 ctus
2299 1736 2353 1781 tu
2382 1727 2435 1781 in
2462 1742 2630 1798 agro;
2661 1728 2928 1783 benedicti
2958 1727 3051 1783 filii
3083 1730 3218 1784 uteri
3248 1730 3350 1796 tui,
3377 1738 3433 1786 et
3458 1732 3736 1802 genimina

473 1838 490 1870 ι
518 1820 636 1875 Non
662 1821 967 1892 egredietur
992 1818 1115 1874 inde
1148 1819 1252 1873 nisi
1293 1818 1481 1872 reddat
1518 1814 1869 1869 novissimum
1906 1828 2042 1882 qua-

2148 1825 2303 1873 tcrra:
2339 1824 2477 1882 tuae,
2524 1824 2579 1871 et
2626 1816 2834 1872 fructus
2878 1817 3239 1887 jumentorum
3287 1824 3530 1885 tuorum,
3559 1838 3577 1871 ι
3619 1833 3733 1875 etc.

467 1910 942 1983 drantemUIoult.
969 1910 1041 1980 v),
1069 1930 1087 1962 ι
1118 1910 1347 1974 boc‘cst,
1376 1907 1541 1962 etiam
1564 1915 1867 1960 extremum
1891 1920 2046 1957 num-

469 2014 615 2055 mum
652 2009 707 2055 et
744 2002 1030 2055 minutum.
1086 2000 1335 2069 Legimus
1380 1998 1567 2053 decem
1607 2010 1763 2050 mnas
1819 1994 2043 2066 singulis

470 2092 639 2147 servis
664 2092 732 2145 ad
752 2089 1134 2162 negotiandum
1165 2090 1410 2143 traditas.
1455 2087 1523 2141 Et
1552 2086 1604 2139 in
1634 2086 1737 2140 alia
1764 2086 2042 2157 paraboti,

472 2184 610 2237 inter
640 2196 825 2237 servos
844 2180 1052 2235 talenta
1080 2180 1281 2245 divisa,
1310 2189 1365 2232 et
1389 2176 1687 2232 debitorem
1728 2175 2045 2245 quingento-

472 2287 586 2326 rum
615 2272 954 2327 denariorum
975 2276 1029 2323 et
1053 2268 1465 2339 quinquaginta,
1496 2274 1551 2320 et
1578 2264 1855 2335 operarios
1877 2265 2047 2331 vinea:

469 2365 561 2436 qui
586 2364 823 2436 singulos
848 2362 1120 2432 accipiunt
1144 2360 1417 2423 denarios,
1445 2366 1500 2414 et
1527 2357 1806 2412 mulierem
1827 2357 2047 2411 viduam

468 2480 589 2533 qua:
629 2461 941 2518 drachmam
970 2458 1299 2529 perdiderat,
1337 2466 1392 2513 et
1414 2456 1508 2511 vix
1545 2470 1665 2509 eam
1695 2454 1928 2509 lucernae
1957 2449 2046 2507 ac-

469 2553 743 2610 censione”
768 2550 963 2621 reperit
1012 2549 1163 2622 (Luc.
1213 2555 1345 2611 xtv‘;
1372 2546 1563 2601 Matth.
1597 2560 1734 2612 xxv;
1763 2542 1893 2598 Luc.
1932 2558 2043 2609 vn;

471 2638 670 2705 Matth:
697 2640 801 2706 xx;
830 2638 959 2694 Luc.
991 2638 1104 2711 xv).
1142 2638 1271 2705 Quae
1302 2637 1483 2692 omnia
1505 2651 1661 2705 quem
1700 2647 1917 2690 sensum
1945 2633 2046 2688 ha-

468 2734 651 2797 beant,
688 2734 794 2786 non
832 2738 917 2786 est
950 2728 1109 2799 hujus
1153 2730 1406 2798 temporis
1442 2728 1734 2783 disserere.
1812 2752 1815 2753 ν
1974 2750 2019 2770 .-

544 2841 564 2874 ι
590 2820 656 2877 Et
690 2823 773 2878 ha:
803 2828 929 2876 sunt
966 2819 1215 2891 primitia:
1246 2835 1378 2889 quas
1418 2818 1637 2883 tolletis,
1678 2826 1885 2872 sextam
1922 2830 2049 2887 par—

474 2931 492 2964 ι
526 2921 633 2968 tem
660 2912 785 2981 ephi
811 2912 877 2967 de
906 2924 1033 2965 coro
1066 2908 1341 2974 frumenti,
1368 2915 1421 2961 et
1448 2915 1655 2962 sextam
1686 2914 1893 2975 partem
1922 2905 2046 2975 ephi

476 3023 493 3054 ι
524 3004 589 3057 de
608 3000 737 3057 sero
761 3000 968 3056 hordei.
998 2999 1244 3054 Mensura
1267 3013 1479 3068 quoque
1495 2997 1619 3051 olei.
1637 2995 1803 3050 Batus
1824 2994 1927 3050 olei
1949 2994 2043 3049 de-

474 3114 491 3145 ι
519 3092 657 3149 eima
699 3107 825 3162 pars
859 3092 971 3146 cori
1005 3098 1107 3153 est,
1138 3099 1194 3144 et
1231 3089 1416 3144 decem
1446 3088 1559 3143 bati
1597 3103 1786 3146 eorum
1823 3085 2045 3150 iaciunt,

2151 1907 2327 1981 (Deut.
2360 1906 2572 1977 xxvut.)
2600 1908 2666 1962 Et
2686 1908 2960 1977 possideas
2977 1907 3130 1978 juxta
3160 1910 3477 1980 Apostolum
3506 1908 3732 1981 (Ep/tea.

2149 1998 2185 2070 t)
2221 2012 2433 2053 onmem
2460 1998 2885 2054 benedictionem
2919 1999 3275 2069 spiritualium
3323 2001 3376 2054 in
3415 2002 3735 2055 caelestibus

2147 2091 2200 2143 in
2221 2088 2458 2153 Christo,
2483 2089 2609 2143 dum
2638 2088 2896 2159 quidquid
2924 2089 3107 2153 habes,
3136 2105 3249 2143 non
3276 2097 3381 2144 tua:
3418 2101 3578 2161 putas
3607 2106 3734 2145 esse

2145 2182 2379 2247 virtutis,
2414 2181 2506 2237 sed
2533 2178 2649 2248 ejus
2676 2180 3079 2246 misericordiae,
3112 2181 3199 2249 qui
3229 2180 3411 2252 fruges
3449 2182 3613 2235 dedit.
3666 2182 3734 2234 Et

2146 2272 2411 2341 siquidem
2455 2279 2660 2325 tantam
2708 2270 3057 2326 habuerimus
3100 2272 3379 2326 scientiam
3424 2270 3729 2341 Scriptura-

2146 2376 2289 2425 rum,
2317 2368 2376 2415 ut
2402 2360 2627 2431 mystica
2657 2373 2881 2428 quasque
2910 2359 3209 2429 pandamus
3227 2368 3282 2414 et
3305 2361 3596 2417 doceamus
3627 2360 3735 2414 ho-

2146 2451 2339 2516 mines,
2389 2450 2443 2505 id
2487 2459 2588 2514 est,
2641 2450 2902 2505 rationale
2948 2451 3179 2516 animal,
3224 2451 3415 2507 damus
3461 2453 3736 2522 primitias

2147 2537 2400 2593 frumenti
2458 2538 2648 2593 nostri.
2706 2537 2763 2592 Si
2826 2546 3006 2593 autem
3053 2546 3175 2608 post
3219 2554 3495 2610 anagogen
3537 2556 3734 2609 puram

2148 2637 2355 2684 tantum
2400 2644 2688 2699 sequamur
2718 2629 3021 2694 historiam,
3062 2644 3181 2698 quae
3223 2630 3495 2699 simplices
3523 2633 3737 2686 nutrire

2145 2730 2341 2793 potest,
2359 2720 2511 2790 juxta
2539 2719 2666 2775 illud
2697 2722 2838 2789 quod
2863 2721 3122 2790 scriptum
3166 2729 3289 2776 est:
3326 2740 3343 2771 ι
3374 2720 3631 2777 Homines
3676 2730 3735 2776 et

2140 2814 2385 2884 iumenta
2436 2811 2611 2867 salvos
2651 2811 2835 2876 facies,
2880 2811 3127 2875 Domine,
3155 2830 3174 2863 ι
3226 2811 3417 2866 damus
3460 2813 3734 2881 primitias

2148 2904 2332 2966 hordei
2364 2904 2554 2969 nostri,
2593 2902 2731 2973 quod
2760 2903 3020 2957 hordeum
3048 2902 3187 2956 sevit
3225 2916 3278 2958 et
3316 2902 3486 2967 Isaac,
3535 2905 3629 2959 sed
3676 2906 3735 2959 in

2150 3010 2290 3056 terra
2342 3000 2764 3071 alienigenarum
2790 3039 2803 3063 ,
2854 3006 2909 3053 et
2951 3008 3128 3052 ortum
3174 3006 3258 3053 est
3300 2999 3349 3053 ei
3394 2998 3730 3070 centuplum.

2148 3090 2247 3158 Qui
2282 3090 2470 3145 hordei
2513 3090 2605 3144 dat
2636 3087 2925 3157 primitias,
2958 3095 3135 3158 potest
3171 3088 3387 3163 dicere:
3426 3108 3445 3139 ί
3472 3088 3736 3143 Dominus

474 3205 491 3236 ι
520 3182 658 3253 quia
683 3183 870 3237 decem
894 3180 1007 3236 bati
1036 3180 1261 3250 implent
1283 3194 1489 3233 eorum.
1520 3198 1538 3229 ι
1587 3176 1856 3248 (Ηίειοοη.)
1890 3176 2047 3230 Dica-
2073 3180 2116 3241 C
2148 3182 2321 3252 pascit
2361 3186 2465 3245 me,
2512 3186 2565 3234 et
2611 3178 2744 3233 nihil
2789 3178 2919 3233 mibi
2956 3178 3145 3243 deerit,
3178 3179 3230 3231 in
3266 3178 3383 3233 loco
3411 3194 3625 3249 pascuae
3653 3181 3733 3233 iizi

472 3277 599 3327 mus‘
627 3264 791 3342 igitur
826 3270 1060 3342 primum
1086 3268 1239 3338 juxta
1280 3268 1535 3333 litteram,
1565 3266 1799 3332 δίκαδας,
1829 3268 1934 3323 hoc
1958 3275 2042 3322 est

469 3360 971 3432 decimam'partem
997 3354 1238 3414 omnium
1263 3357 1475 3428 frugum
1497 3357 1745 3412 Leviticze
1768 3356 1927 3412 tribui
1952 3371 2034 3426 po.

470 3451 627 3522 putus
644 3466 711 3507 ex
732 3451 850 3521 lege
874 3450 1121 3505 debebat.
1149 3450 1380 3503 Rursum
1410 3463 1476 3504 ex
1505 3447 1672 3518 ipsius
1696 3448 1918 3503 decimis
1944 3447 2045 3502 Le-

476 3536 617 3606 vitar,
652 3541 754 3595 boc‘
779 3547 863 3594 est
915 3538 1137 3593 inferior
1172 3538 1541 3592 ministrorum
1576 3538 1775 3610 gradus
1806 3538 2044 3592 decimas

469 3634 632 3687 dabat
684 3631 1072 3693 sacerdotibus,
1099 3636 1155 3683 et
1205 3630 1319 3683 lucc
1372 3637 1454 3682 est
1502 3644 1620 3696 quae
1678 3628 2045 3697 appellabatur

471 3713 881 3801 Διντιροδάκπδηζ
933 3720 1099 3773 Erant
1137 3733 1349 3788 quoque
1395 3706 1449 3772 et
1495 3717 1609 3771 ali-.e
1647 3717 1867 3771 decimae
1908 3731 2045 3786 quas

471 3812 840 3881 unusquisque
864 3811 927 3863 de
952 3807 1149 3879 populo
1180 3807 1344 3861 Israel
1374 3808 1424 3860 in
1451 3807 1562 3860 suis
1597 3806 1803 3859 horreis
1833 3819 2047 3872 separa-

467 3903 563 3960 bat
590 3911 648 3955 ut
681 3902 984 3955 comederet
1018 3914 1132 3963 eas,
1170 3913 1292 3953 cum
1322 3900 1425 3951 iret
1452 3897 1519 3950 ad
1556 3896 1810 3966 templum
1831 3896 1885 3949 in
1913 3896 2046 3949 urbe

468 3992 785 4054 Jerusalem,
816 3998 871 4044 et
918 3990 973 4043 in
1023 3988 1288 4044 vestibulo
1322 3986 1524 4056 templi,
1552 3996 1606 4040 et
1635 3988 1942 4042 sacerdotes
1983 4001 2047 4040 ac

471 4084 685 4138 Levitas
712 4080 1000 4134 invitarent
1036 4078 1103 4131 ad
1140 4077 1403 4132 convivia.
1434 4076 1606 4130 Erant
1633 4083 1809 4130 autem
1845 4086 1899 4130 et
1929 4076 2048 4130 alia:

473 4173 714 4235 decimis,
745 4183 877 4239 quas
904 4168 1226 4239 pauperibus
1256 4168 1638 4221 recondebam.
1689 4166 1760 4220 At
1787 4181 1915 4221 vero
1939 4166 2048 4235 pri-

472 4264 657 4315 mitiva
697 4270 816 4328 quas
857 4258 923 4311 de
968 4256 1209 4327 frugibus
1242 4255 1558 4321 offerebant,
1596 4271 1703 4310 non
1735 4264 1893 4311 erant
1928 4271 2051 4326 spo-

471 4349 593 4404 eiali
624 4360 846 4401 numero
874 4344 1111 4407 definita,
1146 4342 1236 4397 sed
1274 4341 1610 4397 ofierentium
1638 4343 1865 4398 arbitrio
1895 4344 2051 4399 dere-

474 4442 619 4494 licta.
680 4436 1152 4504 'Iraditionemque
1198 4434 1502 4502 accepimus
1546 4431 1894 4488 Hebraeorum
1940 4450 2046 4487 non

2146 3286 2231 3325 me
2261 3268 2544 3325 collocavit
2569 3286 2582 3321 :
2607 3268 2769 3337 super
2805 3282 2970 3336 aquas
3011 3267 3323 3323 refectionis
3363 3269 3612 3323 educavit
3642 3287 3734 3325 me

2144 3357 2317 3431 (Ρεαι.
2360 3356 2515 3428 xxii).
2549 3377 2567 3408 ι
2619 3356 2721 3422 Qui
2764 3364 2943 3411 autem
2979 3357 3257 3411 rationalia
3281 3360 3455 3427 pascit
3482 3360 3732 3412 animan-

2146 3447 2241 3511 tia,
2263 3446 2427 3501 vertit
2449 3446 2792 3511 sententiam,
2818 3452 2873 3499 et
2899 3444 3029 3499 dicit
3059 3462 3073 3498 :
3108 3464 3128 3496 ι
3156 3443 3480 3515 Pneparasti
3512 3447 3565 3499 in
3595 3462 3727 3502 cono

2145 3546 2329 3609 specto
2368 3552 2489 3592 meo
2526 3552 2765 3591 mensam
2824 3537 3081 3592 adversus
3109 3552 3202 3592 eos
3229 3538 3319 3607 qui
3356 3539 3614 3593 tribulant
3641 3556 3732 3594 me

2146 3630 2317 3702 (Psal.
2366 3631 2520 3701 xxu).
2552 3651 2570 3681 ι
2620 3630 2687 3682 Et
2725 3638 3009 3698 postquam
3056 3628 3161 3682 olei
3209 3638 3263 3683 et
3308 3630 3417 3683 vini
3469 3630 3732 3683 obtulerit

2146 3720 2431 3795 primitias,
2470 3719 2647 3790 jungit
2692 3726 2745 3772 et
2781 3718 3054 3787 loquitur:
3095 3736 3114 3769 ι
3151 3720 3496 3790 lmpinguasti
3528 3722 3580 3773 in
3609 3720 3732 3775 eho

2146 3819 2305 3877 caput
2332 3823 2528 3873 meum,
2558 3815 2612 3862 et
2637 3808 2773 3861 calix
2803 3816 2924 3861 tuus
2948 3809 3221 3862 inebrians
3245 3825 3406 3878 quam
3434 3810 3730 3880 praeclarus

2147 3910 2229 3957 est
2272 3898 2481 3969 (ιβιδ),
2510 3917 2528 3949 ο
2584 3897 2673 3952 illo
2710 3898 2828 3953 oleo
2868 3900 3011 3967 quod
3052 3900 3251 3969 absque
3288 3899 3403 3956 fece
3432 3904 3729 3956 mundissi-

2150 4004 2295 4041 mum
2336 3989 2404 4041 ad
2448 3987 2719 4041 lucernam
2774 3987 2981 4041 Domini
3029 3998 3381 4059 pneparatur.
3434 3991 3586 4058 Quod
3633 3993 3729 4062 qui

2149 4077 2436 4146 paraverit,
2459 4077 2785 4132 exhilaratur
2816 4077 2984 4131 facies
3012 4077 3127 4146 ejus
3148 4080 3201 4133 in
3227 4079 3366 4145 oleo,
3394 4082 3515 4135 oleo
3540 4084 3729 4136 exsul-

2149 4168 2365 4221 talionis
2410 4182 2515 4237 quo
2560 4166 2809 4221 Christus
2848 4179 3043 4223 unctus
3092 4179 3174 4224 est
3220 4186 3329 4240 pne
3374 4173 3729 4242 participibus

2149 4259 2261 4313 suis
2307 4256 2477 4328 (Psal.
2517 4256 2701 4328 κων),
2743 4267 2796 4312 et
2837 4257 3057 4314 effectus
3103 4260 3243 4315 oliva
3290 4277 3412 4315 cum
3466 4266 3727 4333 pmjilieta

2151 4350 2388 4404 cantabit
2415 4364 2431 4403 :
2472 4371 2487 4401 ι
2513 4350 2622 4419 Ego
2655 4358 2833 4405 autem
2860 4352 2999 4406 sicut
3019 4352 3158 4406 oliva
3192 4353 3466 4409 fructifera
3492 4356 3543 4409 in
3570 4334 3744 4413 domo.

2151 4441 2363 4497 Domini
2406 4440 2578 4512 (Psal.
2623 4440 2721 4511 LI),
2751 4461 2768 4493 ι
2814 4450 2868 4498 et
2904 4441 2994 4497 illo
3029 4444 3155 4499 vino
3186 4446 3325 4515 quod
3349 4444 3415 4499 de
3456 4462 3585 4501 vera
3620 4451 3727 4504 vite

473 4533 980 4603 Lege-praeceptam,
1006 4526 1100 4581 sed
1134 4526 1510 4595 magistrorum
1536 4518 1761 4578 arbitrio
1780 4524 2042 4589 inolitam,
2076 4520 2124 4577 D
2150 4531 2413 4585 redundat
2463 4533 2516 4585 in
2566 4530 2920 4588 torcularibus
2969 4532 3264 4590 Salvatoris
3289 4576 3305 4600 ,
3361 4537 3571 4593 dicente
3624 4540 3719 4594 Do

474 4622 564 4690 qui
594 4619 880 4690 plurimum
910 4614 1374 4685 quadragesimam
1413 4621 1621 4681 partem
1666 4612 1827 4667 dabat
1870 4627 2049 4667 sacer-

474 4712 707 4773 dotibus,
733 4708 823 4777 qui
846 4708 1122 4761 minimum
1150 4705 1560 4773 scxagesimam,
1595 4706 1733 4758 inter
1760 4708 2054 4775 qimdrage-

474 4803 664 4856 simam
708 4808 765 4853 et
805 4794 1192 4866 sexagesimam
1227 4793 1423 4848 licebat
1447 4793 1639 4847 offerre
1676 4796 2049 4862 quodcumque

474 4891 788 4944 voluissent.
820 4886 973 4953 Quod
1004 4886 1168 4955 igitur
1194 4885 1247 4937 in
1272 4883 1636 4939 Pentateucho
1658 4886 1875 4939 dubium
1899 4886 2050 4939 dere-

474 4980 657 5035 lictum
684 4986 786 5041 est,
812 4977 901 5031 hic
930 4974 1236 5044 specialiter
1260 4972 1512 5027 definitur
1544 4984 1763 5043 propter
1797 4977 2049 5029 sacerdo-

477 5080 588 5123 tum
619 5068 915 5127 avaritiam,
946 5080 1012 5119 ne
1038 5064 1265 5133 amplius
1294 5078 1324 5117 a
1352 5063 1546 5133 populo
1584 5066 1803 5135 exigunt
1842 5068 1893 5119 in
1940 5068 2048 5137 pri-

477 5161 645 5215 mitiis
686 5157 1006 5219 deferendis,
1055 5155 1106 5208 id
1158 5162 1259 5217 est,
1304 5164 1363 5207 ut
1403 5156 1791 5231 sexagesimum
1838 5166 2045 5225 partem

475 5251 703 5309 offerant
732 5260 917 5303 eorum
945 5262 1063 5316 qua:
1088 5246 1377 5315 gignuntur
1401 5256 1615 5300 eterra.
1674 5246 1731 5302 Si
1768 5249 1911 5302 enim
1954 5264 2047 5303 co-

475 5358 592 5406 rus,
631 5342 721 5411 qui
750 5339 1011 5395 Hebraice
1040 5336 1336 5406 appellatur
1374 5354 1513 5392 omer
1545 5347 1598 5393 et
1630 5354 1657 5393 a
1698 5339 2044 5409 Septuaginta

478 5432 873 5507 diciturdum,
922 5430 1143 5500 triginta
1183 5430 1348 5484 habet
1386 5431 1592 5486 modios
1636 5442 1743 5485 tam
1786 5434 1837 5486 in
1884 5434 2048 5488 aridis

478 5522 757 5594 spatiebus
776 5530 936 5590 quam
958 5520 1010 5574 in
1029 5520 1352 5589 liquentibus
1368 5561 1381 5584 ,
1401 5522 1533 5590 epba
1558 5532 1768 5591 quoquc
1793 5532 1846 5577 et
1868 5524 2049 5591 batus,

475 5614 625 5669 iuxta
644 5616 783 5682 quod
810 5627 969 5681 supra
998 5611 1249 5676 diximus,
1274 5614 1479 5665 decima
1508 5628 1629 5679 pars
1655 5623 1737 5667 est
1764 5614 1895 5677 cori,
1923 5632 2054 5684 prae-

480 5704 781 5774 cipiturque
806 5711 861 5757 ut
883 5713 1033 5757 sexta
1058 5716 1182 5768 pars
1206 5711 1311 5756 tam
1338 5704 1459 5770 cphi
1479 5719 1635 5761 uuam
1661 5705 1765 5759 bati
1792 5708 1946 5761 detu.-
1966 5723 2051 5763 sa-

2151 4622 2296 4674 mino
2326 4638 2339 4674 :
2376 4640 2393 4671 ι
2417 4622 2529 4693 Ego
2558 4636 2675 4675 sum
2706 4622 2848 4687 vitis,
2886 4638 2982 4677 vos
3009 4626 3348 4696 propagines,
3380 4627 3541 4685 Pater
3578 4648 3728 4689 meus

2150 4711 2383 4780 agricola
2415 4710 2596 4782 (Joan.
2630 4713 2740 4779 xv).
2769 4731 2788 4763 ι
2849 4710 2927 4766 De
2948 4713 3030 4767 bis
3062 4716 3417 4778 torcularibus
3452 4729 3561 4776 tres
3583 4726 3726 4792 psal-

2151 4816 2264 4855 mos
2295 4802 2538 4871 lcgimus,
2568 4810 2835 4867 octavum,
2866 4812 2919 4856 et
2950 4807 3353 4874 octogesimum,
3384 4820 3437 4863 et
3458 4815 3726 4883 octogesi-

2152 4905 2293 4943 mum
2346 4890 2590 4953 tertium,
2628 4892 2717 4960 qui
2753 4906 2941 4947 omnes
2985 4893 3050 4947 ad
3099 4895 3353 4951 Ecclesiae
3390 4914 3724 4968 sacramenta

2153 4979 2475 5034 referuntur.
2522 4980 2588 5035 Et
2622 4981 2673 5034 in
2703 4983 2869 5037 veteri
2897 4984 3112 5051 quidem
3152 4983 3293 5055 Lege
3330 4986 3533 5059 absque
3574 5006 3725 5047 men-

2150 5085 2275 5124 sura
2323 5079 2479 5124 erant
2522 5080 2596 5138 get
2644 5086 2868 5124 nuziero
2913 5072 3202 5140 primitiae;
3245 5093 3263 5124 ι
3298 5075 3413 5131 Non
3463 5080 3606 5133 enim
3656 5083 3724 5138 ad

2152 5174 2459 5214 mensuram
2486 5161 2623 5215 Deus
2647 5162 3078 5229 spiritum'dabat
3118 5164 3297 5236 (loou.
3337 5169 3441 5237 ιιι).
3468 5189 3487 5221 ι
3540 5170 3596 5224 In
3639 5187 3725 5228 se-

2150 5251 2323 5304 cunda
2366 5261 2543 5305 autem
2592 5251 2942 5308 aedificatione
2977 5256 3197 5325 templi,
3239 5256 3381 5327 quod
3425 5261 3722 5319 Ezechielis

2154 5342 2432 5410 prophetia
2462 5344 2719 5407 continet,
2751 5354 2899 5399 certa
2926 5361 3174 5401 mensura
3199 5357 3299 5414 est,
3320 5351 3376 5405 id
3402 5363 3485 5407 est
3505 5369 3725 5427 sexage-

2154 5434 2335 5488 narius
2382 5449 2656 5499 numerus,
2700 5451 2807 5505 quo
2844 5437 3071 5493 mundus
3109 5441 3387 5508 expletur,
3431 5453 3486 5497 ut
3530 5446 3727 5503 dicitur

2155 5527 2349 5580 nobis:
2387 5545 2403 5575 ι
2433 5526 2487 5579 In
2518 5542 2620 5595 qua
2653 5543 2903 5581 mensura
2939 5530 3107 5585 mensi
3144 5531 3373 5599 fueritis,
3415 5537 3726 5594 remotietur

2156 5616 2305 5671 vobis
2328 5616 2541 5687 (Matth.
2571 5616 2688 5688 vn).
2720 5636 2737 5669 ι

2233 5726 2250 5757 ι
2284 5707 2347 5760 Et
2374 5720 2597 5761 arietem
2626 5725 2788 5763 unum
2824 5709 2889 5765 dc
2926 5725 3084 5781 grege
3120 5712 3493 5778 ducentorum,
3543 5715 3610 5772 de
3636 5719 3717 5775 his
