3950 6352
167 367 184 419 ι
202 365 307 419 0‘39

1076 363 1423 419 COJIMENT.
1463 362 1526 417 ΙΝ
1568 362 2015 419 EZECIIIELEM.
2057 390 2121 402 ——
2160 364 2285 417 LIB.
2310 356 2485 421 XVIII

3269 371 3405 425 ιοδο

166 495 186 526 ι
219 491 342 546 qum
378 476 604 529 nutrivit
644 476 803 530 Israel
850 476 904 528 in
945 474 1290 538 sacriﬁcium,
1325 481 1380 526 et
1405 472 1460 526 in
1485 471 1738 526 holocau~
1766 476 1815 535 Α
1843 469 2237 540 nitentibusque
2294 472 2490 530 Judaais
2536 487 2595 530 ut
2623 478 2979 547 deponeretur
3009 478 3193 534 titulus
3219 479 3408 532 trium-

164 586 187 617 ι
222 578 389 632 stum,
424 578 477 621 et
517 568 568 620 in
609 566 827 635 paciﬁca
854 566 920 618 ad
948 564 1267 633 expiandum
1297 578 1393 630 pro
1418 563 1515 625 eis,
1547 562 1623 614 ait
1644 562 1742 614 Do-

165 676 185 706 ι
218 656 402 710 minus
427 656 582 710 Deus.
624 654 810 709 Omnis
838 654 1064 723 populus
1089 660 1243 706 terra:
1270 650 1533 706 tenebitur
1557 648 1743 718 primi-

167 764 188 795 ι
221 747 312 799 tiis
348 747 431 800 his
456 746 681 814 principi
709 746 763 798 in
790 745 973 798 Israel.
1021 744 1087 797 Et
1118 757 1278 811 super
1305 742 1547 811 principe
1582 749 1742 795 erunt

166 854 186 885 ι
222 836 557 899 holocausta,
586 845 642 889 et
663 834 1006 898 sacriﬁcium,
1032 842 1088 887 et
1111 833 1364 887 libamina
1404 832 1459 885 in
1494 828 1743 885 solemni-

167 947 187 976 ι
221 928 449 990 tatibus,
487 934 543 979 et
577 926 630 978 in
665 924 919 979 Kalendis
955 933 1010 978 et
1046 924 1099 977 in
1138 923 1395 984 sabbatis,
1437 922 1491 974 in
1525 921 1741 973 univer-

170 1034 188 1062 ι
224 1013 303 1067 sis
351 1013 782 1069 solemnitatibus
824 1014 1014 1067 domus
1060 1012 1241 1066 Israel.
1294 1011 1410 1080 Ipse
1450 1010 1611 1063 faciet
1642 1023 1741 1077 pro

169 1125 187 1154 ι
219 1114 447 1173 peccato
474 1104 797 1160 sacriﬁcium
828 1113 881 1158 et
917 1103 1283 1159 holocaustum
1322 1110 1377 1155 et
1412 1100 1633 1171 paciﬁca
1672 1100 1740 1154 ad

167 1212 185 1241 ι
220 1194 544 1263 expiandum
574 1206 674 1262 pro
709 1194 868 1248 domo
906 1193 1087 1248 Israel.
1119 1212 1139 1245 ι
1195 1191 1367 1261 Supra
1405 1191 1540 1245 dixit
1578 1200 1739 1260 quota

162 1298 295 1344 pars
322 1298 503 1336 eorum
536 1297 653 1350 quse
679 1282 1071 1351 appenduutur,
1106 1295 1368 1334 mensura:
1382 1294 1595 1348 quoque
1632 1290 1742 1333 tam

161 1372 442 1423 aridarum
474 1371 774 1439 specierum
804 1376 963 1441 q‘uam
987 1370 1322 1438 quueutium,
1348 1370 1540 1423 debeat
1563 1366 1743 1423 oﬁ'erri

160 1460 419 1529 principi.
456 1459 608 1515 Nunc
638 1461 882 1515 eumdem
914 1460 1271 1529 primitiarum
1302 1458 1355 1510 in
1386 1458 1745 1513 animantibus

164 1558 318 1605 tenet
341 1550 605 1613 ordinem,
639 1560 696 1603 ut
725 1565 889 1604 unum
928 1550 993 1603 de
1028 1563 1190 1618 grege
1220 1549 1571 1605 ducentorum
1608 1547 1747 1603 arie-

166 1651 283 1693 tum
306 1638 491 1709 jubcat
518 1638 723 1704 oﬁ‘erri,
758 1654 894 1709 quos
920 1639 1089 1692 nutrit
1127 1638 1290 1693 Israel
1317 1637 1369 1691 in
1398 1638 1739 1700 sacriﬁcium,

161 1740 220 1783 et
247 1729 306 1782 in
334 1729 701 1784 holocaustum
739 1738 792 1783 et
829 1729 881 1783 in
921 1727 1144 1798 paciﬁca
1185 1728 1252 1782 ad
1285 1728 1603 1798 expiandum
1646 1745 1744 1799 pro

1841 558 2036 628 phalis,
2081 561 2316 627 gentium
2346 562 2402 616 in
2438 563 2609 621 Pilato
2650 568 2802 621 turba
2842 568 3119 637 respondit
3150 579 3166 598 ·
3202 582 3223 618 ι
3253 565 3406 635 Quod

1826 646 2021 715 scripsi
2057 644 2251 713 scripsi
2279 644 2462 716 (Joan.
2490 649 2624 717 xu).
2652 669 2671 701 ›
2706 650 2852 704 ιὸιὼ
2888 656 3159 721 principe,
3206 654 3403 722 inq...t,

1823 736 2286 794 erantSiPulchre
2300 741 2655 797 sacerdotalis
2669 744 2902 814 dignitas
2918 755 3267 801 commoneto
3279 746 3403 801 rcui

1840 825 2081 894 subjecta
2109 826 2177 880 sit
2210 825 2416 893 oﬁicio,
2453 837 2512 882 ut
2543 830 2679 884 sciat
2710 846 2769 885 se
2818 832 3159 899 sacriﬁcium,
3180 842 3240 892 et
3262 834 3401 889 liba-

1840 912 1985 966 mina
2008 928 2126 982 quae
2159 914 2458 971 oﬁ’eruntur
2492 932 2555 973 ex
2578 918 2739 973 humo
2758 934 2856 989 pro
2875 921 3068 989 populo
3097 922 3287 979 oﬁerre
3312 924 3404 981 de‘

1840 1002 1970 1057 bere
1993 1003 2047 1057 in
2084 1006 2295 1059 cunctis
2322 1007 2768 1075 solemnitatibus,
2809 1020 2917 1064 tam
2940 1011 3185 1067 videlicet
3215 1013 3266 1067 in
3301 1014 3406 1068 Ka-

1841 1092 2035 1157 lendis,
2073 1093 2127 1147 id
2154 1103 2238 1149 est
2274 1098 2594 1163 neomeniis,
2617 1114 2777 1168 quam
2807 1099 2863 1153 in
2886 1100 3125 1155 sabbatis
3146 1140 3161 1165 ,
3192 1104 3406 1170 quando

1844 1180 2079 1235 tenebris
2099 1191 2288 1235 cuncta
2315 1185 2697 1252 operientibus,
2719 1185 2923 1241 lunaris
2944 1187 3218 1243 exordium
3248 1187 3407 1241 lumi-

1843 1270 1927 1324 nis
1950 1280 2052 1345 est.
2082 1271 2151 1324 Et
2178 1272 2229 1324 in
2269 1273 2452 1341 requie
2478 1276 2845 1339 sabbatorum,
2879 1286 2938 1330 ut
2969 1275 3136 1332 faciat
3158 1278 3405 1339 videlicet

1842 1375 1939 1429 pro
1958 1370 2180 1428 peccato
2206 1363 2271 1416 ad
2296 1364 2618 1432 expiandum
2651 1380 2749 1436 pro
2777 1367 2935 1420 domo
2968 1365 3149 1430 Israel,
3180 1383 3300 1436 quae
3324 1378 3405 1421 est

1842 1448 2079 1503 Ecclesia
2103 1451 2196 1504 Dei
2223 1452 2464 1515 viventis,
2491 1456 2740 1509 columna
2764 1464 2819 1508 et
2846 1454 3241 1513 ﬁrmamentum
3263 1459 3403 1511 veri-

1846 1536 2008 1589 tatis:
2043 1536 2142 1590 ista
2175 1548 2260 1592 est
2302 1540 2445 1593 enim
2481 1540 2670 1595 domus
2716 1542 2948 1596 viventis
2977 1542 3091 1607 Dei,
3120 1550 3174 1609 et
3221 1543 3409 1598 domas

1842 1625 2023 1691 Israel,
2065 1642 2184 1697 qum
2219 1630 2523 1709 expiatione
2556 1646 2777 1686 suorum
2798 1633 3015 1702 indiget
3044 1642 3404 1702 peccatorum.

1844 1712 1981 1778 Quia
2002 1727 2126 1783 ergo
2147 1714 2405 1770 festorum
2422 1717 2566 1787 leges
2585 1719 2840 1774 habemus
2862 1721 2914 1774 in
2931 1720 3195 1785 manibus,
3210 1729 3263 1775 et
3284 1721 3409 1776 inde

161 1817 384 1888 populo,
412 1819 487 1872 ait
507 1818 767 1873 Dominus
792 1818 949 1872 Deus.
984 1816 1133 1883 Quod
1166 1832 1265 1871 nos
1289 1817 1625 1887 interpretati
1656 1834 1746 1872 su-

1848 1817 1991 1855 nunc
2020 1818 2197 1859 sermo
2228 1814 2338 1869 est,
2373 1808 2709 1885 requiramus
2729 1808 3035 1880 diligentius
3062 1810 3152 1880 qui
3186 1812 3257 1865 sit
3279 1812 3414 1864 ordo

166 1925 293 1963 mus
329 1926 347 1959 ‹
377 1909 443 1963 de
485 1908 579 1977 his
605 1923 725 1977 qua:
750 1907 920 1961 nutrit
948 1907 1132 1971 Israel,
1177 1928 1195 1960 ι
1232 1908 1284 1961 in
1316 1906 1579 1963 Hebraico
1610 1908 1744 1963 scri-

162 2012 322 2068 ptum
350 2008 456 2063 est,
496 2012 827 2061 memmasce,
870 1998 1013 2067 quod
1063 1998 1253 2066 Aquila
1293 2006 1347 2051 et
1394 1996 1745 2066 Symmachus

164 2088 593 2155 interpretantur
620 2086 724 2142 ἀπὸ
745 2093 843 2141 τῶν
869 2086 1087 2149 ὑδάτων,
1121 2086 1467 2154 Septuaginta
1493 2095 1547 2138 et
1573 2082 1747 2138 Theo-

167 2178 335 2243 d0tio,
378 2178 478 2233 ἀπὸ
510 2187 610 2233 τῶν
641 2180 1011 2253 ποτιστηρίων,
1046 2177 1187 2247 quod
1238 2176 1466 2230 alterum
1506 2176 1572 2230 de
1615 2175 1743 2229 irri-

163 2270 310 2339 guis,
343 2268 571 2322 alterum
620 2267 687 2321 de
726 2266 1006 2321 canalibus
1040 2265 1150 2319 sive
1194 2266 1413 2336 piscinis
1445 2274 1638 2331 sonat,
1687 2274 1745 2319 ut

164 2358 421 2413 videlicet
450 2357 701 2428 primitiae
728 2356 989 2427 principis
1019 2372 1125 2412 non
1154 2356 1281 2410 alibi
1317 2357 1418 2410 nisi
1449 2356 1501 2410 in
1529 2356 1746 2424 irriguis

167 2448 501 2501 nutriantur.
542 2445 609 2499 Et
654 2446 921 2515 quomodo
968 2446 1022 2498 in
1076 2445 1441 2513 superioribus
1500 2443 1743 2513 legimus,

166 2536 563 2607 sexagesimam
601 2543 807 2606 partem
834 2533 1029 2590 debere
1068 2532 1248 2588 oﬁ‘erri
1272 2533 1523 2603 principi,
1549 2532 1615 2587 de
1660 2533 1745 2586 his

166 2641 291 2695 quae
320 2626 730 2696 appenduntur,
766 2632 819 2678 et
860 2638 980 2694 qua:
1009 2638 1273 2678 mensura:
1315 2622 1621 2690 subjacent,
1667 2622 1747 2677 sic

166 2730 319 2770 nunc
346 2715 712 2769 ducentesima
750 2729 875 2784 pars
916 2714 1267 2769 animantium
1290 2712 1510 2781 iubetur
1540 2712 1744 2781 oﬁ‘erri,

167 2814 223 2859 et
248 2804 619 2875 hujuscemodi
650 2804 779 2876 legis
808 2806 1089 2874 prmeeptis
1109 2820 1323 2860 omnem
1352 2806 1602 2875 populum
1627 2822 1747 2861 esse

168 2893 495 2961 subjectum,
529 2902 586 2946 ut
611 2890 805 2948 offerat
834 2891 954 2947 duci
996 2893 1109 2947 sive
1146 2894 1394 2962 principi,
1422 2894 1565 2962 quod
1598 2893 1742 2949 vide-

169 2985 300 3039 licet
330 2999 426 3053 per
452 2983 600 3038 illum
623 2982 933 3038 holocausta
960 2991 1015 3037 et
1039 2984 1304 3038 sacrilicia
1334 2993 1389 3037 et
1412 2984 1665 3038 libamina
1689 2984 1744 3038 in

169 3072 401 3143 singulis
426 3072 854 3127 solemnitatibus
875 3072 1169 3128 offerantur
1201 3089 1295 3143 pro
1316 3074 1531 3143 pepulo,
1558 3082 1612 3129 et
1644 3089 1742 3129 ex-

172 3164 353 3234 pietur
392 3162 580 3218 domus
608 3163 724 3216 Dei.
756 3161 833 3216 Ex
877 3176 985 3232 quo
1025 3162 1578 3238 animadvertendum,
1603 3162 1747 3232 quod
1773 3148 1817 3210 (ἶ
1849 3158 2057 3214 stivitas
2108 3174 2120 3210 :

174 3254 446 3324 quomodo
491 3253 718 3325 populus
752 3254 960 3309 debitor
994 3261 1075 3307 est
1108 3253 1465 3322 primitiarum
1517 3253 1748 3309 offeren-

170 3354 364 3398 darum
393 3344 641 3414 principi,
658 3344 737 3397 sic
756 3342 1005 3413 princeps
1026 3342 1236 3396 debitor
1248 3351 1330 3397 est
1353 3343 1530 3412 populi
1553 3342 1747 3404 oﬁ'erre

170 3432 274 3504 pro
296 3448 361 3489 eo
390 3434 653 3488 victimas.
692 3435 859 3500 Quem
881 3432 1034 3503 juxta
1063 3432 1411 3503 tropologiam
1442 3448 1550 3487 non
1583 3433 1740 3488 aliun'

172 3523 474 3593 intelligere
520 3520 834 3591 possumus,
872 3523 976 3576 nisi
1030 3522 1312 3577 Dominum
1368 3520 1743 3576 Salvatorem:

168 3615 276 3669 iste
299 3616 366 3667 de
386 3614 629 3669 ducentis
644 3614 1005 3670 animantibus
1025 3615 1250 3684 suscipit
1268 3614 1513 3680 arietem,
1530 3610 1666 3679 siie,
1690 3623 1750 3669 ut

171 3706 566 3778 signiﬁcantius
592 3707 886 3763 Hebraicus
908 3722 1083 3763 sermo
1112 3709 1462 3773 demonstrat,
1493 3707 1743 3780 βόκκημα.

152 3799 319 3867 quod
353 3799 420 3852 ad
454 3807 647 3853 cuncta
677 3798 999 3861 animantia,
1052 3805 1106 3851 et
1134 3811 1240 3851 non
1268 3797 1484 3865 proprie
1513 3797 1581 3851 ad
1610 3798 1748 3851 arie-

173 3897 284 3940 tem
318 3884 506 3939 referri
548 3891 742 3955 potest.
786 3884 852 3939 Et
899 3885 1123 3954 suscipit
1151 3884 1349 3938 animal
1394 3885 1495 3961 vel
1525 3888 1746 3940 arietem

172 3977 266 4045 qui
302 3978 535 4032 nutritus
562 3986 645 4031 est
676 3977 729 4031 in
751 3976 884 4031 locis
912 3976 1149 4045 irriguis,
1173 3975 1750 4052 sanctarunipvidelicct

175 4067 611 4136 Scripturarum,
663 4076 717 4121 et
763 4076 938 4136 potest
961 4068 1176 4121 dicere:
1216 4085 1234 4117 ι
1280 4066 1538 4121 Dominus
1578 4070 1749 4138 pascit

175 4164 355 4219 nic,et
384 4155 516 4209 nihil
544 4155 671 4210 mihi
709 4156 898 4220 deerit,
932 4156 984 4209 in
1007 4155 1122 4211 loco
1145 4140 1356 4225 pasCuae
1384 4156 1454 4210 ibi
1481 4172 1568 4211 me
1591 4156 1751 4210 collo-

174 4248 357 4302 cavit:
386 4262 549 4317 super
594 4261 760 4316 aquas
806 4245 1115 4302 refectionis
1170 4246 1418 4301 educavit
1460 4261 1546 4300 me
1575 4245 1746 4315 (Psal.

179 4338 340 4410 xx").
375 4358 394 4390 ι
434 4338 559 4392 Hmc
588 4346 744 4393 erant
767 4339 989 4409 irrigua,
1018 4340 1125 4392 into
1176 4347 1229 4393 et
1264 4338 1478 4393 canales
1507 4342 1574 4393 ad
1619 4354 1753 4408 quos

178 4445 229 4489 et
252 4432 420 4487 Jacob
448 4431 675 4486 ducebat
716 4446 906 4501 pecora
950 4446 1046 4485 sua
1078 4428 1228 4501 (Gen.
1256 4431 1405 4500 xxx),
1440 4428 1499 4483 ut
1543 4431 1595 4484 in
1624 4431 1753 4500 ipsis

1848 1890 2229 1959 festivitatum,
2268 1904 2326 1950 ut
2360 1911 2427 1950 ex
2469 1897 2599 1966 ipsis
2630 1899 2906 1956 ordinibus
2940 1910 2996 1955 et
3027 1898 3411 1955 sacriﬁciorum

1848 1987 1955 2042 ritu
1986 1978 2239 2058 colligere
2266 1986 2533 2055 possimus
2557 1987 2787 2057 qualiter
2814 1990 3177 2060 unusquisque
3204 2005 3271 2047 ex
3302 1990 3411 2062 suis

1846 2080 2059 2135 actibus
2087 2086 2138 2131 et
2168 2076 2666 2133 conversationibus
2699 2079 2901 2133 sanctis
2935 2078 3042 2134 Deo
3068 2078 3412 2134 festivitatem

1846 2170 2019 2240 possit
2037 2178 2249 2239 parare.
2282 2165 2462 2220 Prima
2487 2182 2615 2236 ergo
2636 2176 2717 2223 est
2741 2167 3005 2227 festivitas
3024 2169 3141 2235 Dei,
3172 2184 3289 2238 quae
3317 2183 3411 2238 ap-

1846 2259 2075 2328 pellatur
2102 2256 2430 2312 indesinens.
2463 2256 2540 2311 De
2574 2258 2656 2311 his
2691 2258 2833 2312 enim
2869 2259 3151 2313 mandatur
3174 2274 3292 2329 quae
3332 2258 3424 2333 iu«_

1846 2348 2181 2411 desinenter,
2228 2355 2283 2401 et
2320 2347 2435 2411 sine
2473 2348 2577 2401 ulla
2614 2350 2835 2416 prorsu’s
2875 2348 3261 2421 interruptione
3302 2364 3400 2404 ma-

1846 2437 2035 2491 tutinis
2072 2444 2126 2490 et
2151 2435 2473 2505 vespertinis
2501 2436 2780 2491 sacriﬁciis
2814 2435 3128 2494 offerantur.
3158 2438 3413 2495 Mandans

1848 2526 2011 2597 igitur
2055 2526 2402 2581 festivitatum
2455 2527 2624 2592 ritus,
2664 2542 2773 2583 non
2821 2526 2998 2596 primo
3046 2529 3230 2596 statim
3264 2515 3414 2593 venit

1846 2616 1913 2691 ad
1944 2614 2291 2669 festivitatem
2328 2603 2588 2679 Paschze,
2621 2630 2795 2685 neque
2830 2617 2898 2671 ad
2926 2617 3247 2686 Azymorum
3268 2656 3283 2682 ,
3321 2633 3413 2673 ne-

1845 2718 1949 2773 que
1996 2704 2063 2757 ad
2116 2702 2494 2773 Scenopegitc,
2545 2703 2782 2772 aliasque
2822 2704 2888 2759 de
2935 2706 3126 2774 quibus
3161 2707 3411 2777 przecipi-

1846 2806 1965 2859 tur,
2018 2794 2111 2848 sed
2146 2794 2284 2847 hanc
2328 2793 2555 2861 primam
2601 2795 2776 2861 posuit
2829 2794 2882 2847 in
2937 2810 3041 2864 qua
3083 2796 3409 2850 sacriﬁcium

1844 2884 2151 2940 indesinens
2172 2883 2387 2937 mandat
2406 2881 2616 2949 offerri,
2648 2898 2753 2959 quo
2784 2882 2987 2938 scilicet
3016 2896 3267 2954 agnoscat
3287 2870 3423 2963 quis

1844 2975 1932 3028 ille
1959 2975 2069 3027 vult
2095 2988 2211 3029 esse
2230 2972 2498 3043 perfectus
2516 2981 2572 3026 et
2592 2984 2830 3037 sanctus,
2853 2974 2977 3042 quia
2999 2990 3103 3029 non
3126 2974 3410 3049 aliquando

1845 3064 2059 3134 quidem
2107 3064 2311 3134 agenda
2344 3072 2429 3119 est
2454 3061 2917 3133 Deo,.aliquando
2954 3080 3060 3120 non
3097 3069 3304 3139 agenda
3335 3069 3414 3126 fe.-

2172 3158 2264 3211 sed
2313 3170 2524 3234 semper
2556 3165 2611 3210 et
2645 3156 3004 3211 indesinenter
3033 3156 3212 3226 justus
3251 3175 3414 3230 agere

1850 3238 2011 3306 debet
2038 3250 2180 3305 diem
2222 3247 2438 3304 festum.
2481 3247 2813 3303 Sacriﬁcium
2840 3263 3070 3318 namque
3096 3247 3238 3319 q’uod
3266 3252 3412 3308 inde-

1848 3342 2106 3405 sinenter,
2136 3347 2191 3395 et
2218 3338 2272 3393 in
2303 3339 2580 3395 matutinis
2603 3348 2659 3395 et
2694 3339 2750 3393 in
2777 3340 3098 3408 vespertinis
3126 3344 3412 3413 mandatur

1847 3429 2051 3495 offerri,
2069 3431 2170 3485 hoc
2190 3430 2414 3494 indicat,
2428 3437 2487 3483 ut
2505 3436 2561 3483 et
2581 3428 2633 3482 in
2650 3428 2765 3500 lege
2786 3444 2848 3483 ac
2867 3429 3142 3499 prophetis
3167 3446 3285 3503 qua:
3305 3447 3429 3485 ma-

1848 3520 2078 3574 ;utinum
2109 3527 2319 3589 tempus
2342 3518 2664 3583 ostendunt,
2690 3525 2742 3572 et
2765 3518 2818 3571 in
2844 3518 3147 3589 evangelica
3170 3521 3412 3575 doctrina

1849 3626 1966 3681 qua:
1989 3610 2371 3681 vespertinum,
2396 3608 2565 3678 idest,
2594 3609 2648 3663 in
2667 3622 2889 3678 vespera
2912 3607 3093 3663 mundi
3119 3608 3412 3666 Salvatoris

1849 3702 2085 3757 ostendit
2102 3700 2410 3765 adventum,
2427 3698 2747 3773 indesinenti
2760 3699 3053 3754 intentione
3072 3699 3405 3769 persisteret.

1849 3792 1957 3846 llas
1998 3807 2125 3861 ergo
2158 3790 2291 3846 tales
2320 3788 2635 3846 festivitates
2664 3790 2918 3845 Dominus
2952 3790 3081 3846 dicit
3109 3808 3120 3843 :
3160 3809 3179 3842 ι
3222 3784 3287 3846 Et
3310 3790 3406 3846 ob—

1850 3882 2134 3936 servabitis
2170 3881 2283 3935 dies
2314 3880 2481 3936 festos
2515 3894 2684 3936 meos.
2723 3898 2742 3932 ›
2791 3880 2913 3955 Dies
2941 3895 3069 3951 ergo
3107 3878 3274 3936 festus
3300 3880 3409 3935 Do-

1851 3972 1979 4025 mini
2014 3979 2115 4037 est,
2152 3972 2196 4026 si
2223 3972 2272 4026 ei
2296 3972 2618 4027 sacriﬁcium
2640 3971 3003 4026 indesinenter
3026 3972 3333 4039 oﬁ‘etamus,
3363 3974 3413 4029 si

1851 4063 1967 4116 sine
2014 4062 2410 4116 intermissione
2439 4076 2683 4126 oremus;
2736 4062 2808 4115 ita
2856 4070 2915 4115 ut
2956 4063 3209 4117 ascendat
3236 4064 3410 4118 oratio

1852 4161 2067 4217 nostra,
2114 4153 2252 4206 sicut
2280 4152 2554 4207 incensum
2586 4152 2637 4204 in
2664 4162 2952 4221 conspectu
2984 4150 3099 4219 ejus
3135 4168 3319 4215 mane,
3356 4163 3411 4208 et

1851 4244 2078 4298 elevatio
2106 4259 2357 4297 manuum
2388 4252 2687 4297 nostrarum
2717 4242 2811 4297 ﬁat
2842 4243 2889 4297 ei
2937 4242 3259 4299 sacriﬁcium
3289 4260 3409 4301 ves-

1852 4334 2118 4403 pertinum
2152 4331 2323 4404 (Psal.
2368 4332 2512 4404 ch).
2565 4333 2660 4387 Est
2688 4334 2849 4405 igitur
2892 4335 3064 4403 prima
3106 4334 3415 4392 solemnitas

1850 4422 1993 4493 jugis
2040 4422 2288 4477 sacriﬁcii
2340 4422 2421 4477 vel
2471 4423 2839 4489 indesinentis,
2889 4440 3008 4493 quae
3056 4440 3086 4478 a
3126 4426 3418 4482 cultoribus

179 4482 413 4489 --τ--ννη
455 4482 673 4486 η-ηηη
1082 4482 1119 4501 ν
1449 4482 1493 4483 η
1626 4482 1749 4500 Tm
1850 4482 1870 4492 -
1914 4482 1943 4493 ν
2825 4482 2836 4489 .
2905 4482 2922 4493 .

178 4524 426 4576 biberent
452 4530 611 4589 atque
639 4520 1003 4590 conciperent,
1036 4528 1089 4574 et
1123 4518 1277 4588 juxta
1307 4519 1580 4589 virgarum
1610 4519 1752 4575 colo-
1778 4482 1829 4540 Β
1858 4512 2127 4579 Evangelii
2153 4528 2216 4565 eo
2249 4512 2405 4566 modo
2431 4527 2536 4582 quo
2561 4528 2721 4582 supra
2743 4514 3105 4582 exposuimus,
3137 4515 3292 4569 debet
3319 4529 3415 4585 ex-

177 4613 299 4665 rum
351 4609 490 4665 fetus
534 4610 752 4664 ederent
790 4608 1045 4674 Domino;
1104 4624 1200 4679 pro
1253 4608 1517 4663 sacriﬁcio
1560 4608 1751 4675 Aquila

177 4715 232 4756 et
260 4702 620 4771 Symmachus
661 4699 855 4753 donum
885 4699 1348 4767 interpretantur:
1383 4697 1525 4771 quod
1560 4698 1611 4750 in
1645 4697 1748 4752 lle-

179 4794 367 4847 ta-aico
414 4792 610 4846 dicitur
640 4790 852 4852 Manna,
884 4796 940 4844 et
981 4789 1196 4858 proprie
1246 4804 1352 4843 nou
1402 4787 1632 4857 pertinet
1683 4788 1750 4842 ad

180 4883 431 4949 hostiam,
456 4882 549 4937 sed
578 4879 643 4934 ad
668 4894 729 4933 ea
760 4888 878 4948 quae
909 4895 975 4933 ex
1004 4878 1177 4932 simila
1204 4887 1256 4933 et
1286 4878 1518 4948 polenta,
1545 4885 1599 4933 et
1631 4878 1749 4932 oleo

182 4970 478 5025 otl'eruntur
511 4970 565 5022 in
591 4968 877 5024 sacriﬁcio.
910 4968 1291 5023 Holocaustum
1322 4982 1451 5021 vero
1479 4975 1578 5032 est,
1612 4968 1752 5035 quod

184 5070 353 5115 totum
379 5058 600 5114 oﬁ'ertur
636 5058 743 5113 Deo
786 5066 839 5112 ct
873 5072 1026 5112 sacro
1068 5058 1189 5126 igne
1217 5057 1568 5112 consumitur.
1602 5057 1755 5110 Paci-

179 5148 307 5212 ﬁca,
330 5148 544 5217 quando
574 5148 983 5202 reconciliamur
1010 5148 1209 5213 Deo,et
1230 5162 1326 5216 pro
1352 5149 1508 5202 nobis
1529 5148 1755 5216 Aposto-

182 5235 267 5291 lus
302 5234 537 5304 loquitur
576 5254 595 5287 τ
632 5252 651 5286 ‹
702 5234 992 5288 Precamur
1022 5249 1119 5302 pro
1145 5234 1387 5298 Christo,
1433 5234 1751 5289 reconcilia-

181 5326 316 5381 mini
346 5325 453 5380 Deo
480 5324 564 5397 (11
591 5324 711 5379 Cor.
740 5325 815 5394 v).
852 5345 868 5376 ι
906 5325 971 5377 Et
999 5325 1048 5377 in
1083 5324 1186 5377 alio
1216 5325 1331 5379 loco
1360 5343 1371 5375 :
1408 5343 1424 5373 i
1464 5324 1604 5379 Deus
1634 5332 1751 5377 erat

179 5416 235 5469 in
261 5414 479 5469 Christo
506 5417 760 5467 mundum
798 5414 1148 5469 reconcilians
1170 5415 1270 5467 sibi
1310 5412 1517 5487 (llud).
1567 5434 1584 5465 ι

250 5504 358 5559 Iste
381 5513 561 5561 autem
594 5507 857 5576 princeps,
897 5508 979 5561 cui
1006 5506 1256 5575 priiuitia‘:
1284 5506 1349 5559 de
1394 5507 1751 5579 animantibus

178 5596 496 5663 offeruntur,
523 5598 635 5667 ipse
662 5607 744 5653 est
763 5608 815 5652 et
849 5614 961 5663 rex,
987 5606 1045 5652 ut
1078 5599 1130 5651 in
1157 5598 1331 5652 crucis
1358 5612 1568 5667 quoque
1599 5598 1751 5654 titulo

179 5688 583 5745 demonstratur
611 5686 900 5742 IImbraicis
922 5698 973 5741 ct
997 5688 1198 5741 (irrccis
1226 5687 1421 5742 litteris
1438 5703 1499 5741 ac
1523 5687 1746 5753 Latinis,

1854 4603 2005 4672 pleri.
2039 4598 2143 4656 Sed
2179 4602 2452 4672 quoniam,
2482 4603 2618 4657 sicut
2651 4603 2992 4672 propheticus
3020 4620 3196 4659 sermo
3224 4608 3418 4677 perdo-

1853 4695 1963 4749 cuit
1991 4694 2187 4765 (Amos.
2215 4696 2334 4765 vn),
2369 4695 2482 4749 dies
2510 4693 2630 4770 festi
2666 4705 3007 4765 peccatorqu
3035 4707 3419 4754 convertuntur

1852 4785 1903 4836 in
1943 4783 2251 4847 luctum,'et
2291 4784 2498 4839 cantica
2551 4800 2733 4843 eorum
2781 4788 2831 4840 in
2876 4787 3172 4856 planctum;
3210 4800 3415 4843 certum

1849 4881 1929 4926 est
1951 4888 2074 4941 qu.a
2104 4874 2194 4942 qui
2240 4882 2426 4941 peccat
2454 4913 2467 4937 ,
2494 4882 2548 4926 et
2571 4875 2677 4943 agit
2703 4876 2815 4929 dies
2843 4877 3080 4944 peccati,
3120 4864 3277 4946 agere
3308 4895 3414 4933 nou

1855 4974 2034 5031 potest
2061 4966 2197 5018 diem
2228 4964 2419 5016 festum
2455 4982 2465 5013 :
2498 4973 2552 5017 ct
2580 4965 2697 5019 ideo
2735 4965 2836 5019 illis
2866 4966 3048 5020 diebus
3074 4967 3265 5035 quibus
3291 4984 3388 5036 pec

1853 5067 1972 5119 cat,
2001 5054 2204 5118 offerre~
2239 5070 2341 5108 nou
2380 5064 2555 5125 potest
2600 5058 2907 5112 indcsinens
2936 5059 3258 5113 sacriﬁcium
3282 5062 3391 5113 Deo

1856 5144 1960 5198 Sed
2010 5145 2096 5199 ille
2125 5144 2318 5198 offerre
2369 5153 2591 5214 potest,
2638 5149 2728 5214 qui
2776 5147 3138 5202 indesinenter
3186 5151 3416 5203 custodit

1849 5235 2128 5303 justitiam,
2172 5244 2226 5288 ct
2261 5244 2545 5289 conservat
2588 5237 2929 5305 semetipsum
2962 5252 2991 5290 a
3030 5248 3265 5307 peccato.
3303 5237 3345 5303 Q
3370 5256 3414 5292 ia

1854 5326 1940 5379 die
1958 5334 2132 5378 autem
2158 5327 2499 5395 interruperit
2524 5336 2577 5380 et
2597 5328 2914 5395 peccaverit,
2945 5338 3147 5381 certum
3172 5338 3255 5381 est
3275 5331 3416 5398 quod

1854 5416 1905 5467 in
1932 5413 2016 5467 illa
2042 5416 2126 5468 die
2159 5430 2261 5467 non
2283 5414 2434 5469 effert
2462 5416 2783 5469 sacriﬁcium
2806 5417 3111 5471 indesincus
3133 5416 3260 5470 Deo.
3288 5420 3415 5484 Quae

1855 5514 1936 5559 est
1965 5515 2143 5558 autem
2173 5504 2436 5559 festivitas
2458 5496 2681 5570 sabbati,
2710 5508 2811 5561 nisi
2843 5490 2927 5561 illa
2959 5508 3023 5561 de
3050 5525 3153 5577 qua
3184 5508 3411 5577 Aposto-

1854 5594 1935 5648 lus
1964 5592 2093 5647 dicit
2127 5611 2140 5646 :
2184 5610 2201 5643 ‹
2238 5593 2587 5663 Relinquetur
2612 5610 2741 5664 ergo
2770 5597 3144 5661 sabbatismus,
3191 5598 3289 5650 huc
3336 5606 3419 5652 est

1854 5682 2061 5739 sabbati
2101 5682 2427 5751 observatio,
2457 5684 2652 5756 pepulo
2700 5686 2790 5740 Dei
2822 5684 3004 5751 (Hebr.
3040 5688 3133 5754 tv).
3174 5708 3190 5737 ι
3233 5688 3409 5741 Relin-
