3950 6332
541 343 675 400 1051

1168 346 1228 400 n.
1271 346 1523 401 uanam
1560 346 1778 404 suum
1813 347 2134 405 ARClllEP.
2178 350 2486 409 uocum.
2525 318 2809 410 eranum
2849 357 3032 418 rans
3069 358 3136 416 ιι.

3673 361 3821 418 ἰυδὶ

539 461 763 526 quentes
796 468 921 523 ergo
952 452 1203 518 Judaieas
1233 456 1443 510 sabbati
1481 456 1906 521 observationes,
1939 458 2114 528 qualis
2141 472 2188 530 Α
2217 460 2318 516 bus
2343 463 2596 531 operibus
2615 466 2747 530 suis,
2775 467 3027 523 saeculum
3053 469 3311 537 futurum,
3343 481 3470 528 tunc
3496 488 3623 529 cum
3647 477 3820 530 aufu-

538 549 728 604 debeat
764 563 883 603 esse
910 547 1218 603 Christiano
1248 551 1455 605 sabbati
1487 551 1792 606 observatio
1816 553 2110 609 videamus.

541 639 636 695 Die
664 640 868 695 sabbati
900 640 1030 693 nihil
1065 653 1128 694 ex
1158 642 1410 696 omnibus
1449 644 1629 697 mundi
1667 644 1878 698 actibus
1903 653 2134 733 Oportet“

537 729 768 799 operari.
829 729 885 783 Si
935 744 1066 799 ergo
1102 731 1316 786 desinas
1363 732 1432 786 ab
1479 733 1730 788 omnibus
1766 729 2114 789 saecularibus

536 819 784 888 operibus
805 858 819 882 ,
846 831 902 873 et
926 820 1056 873 nihil
1091 821 1416 875 mundanum
1447 839 1601 890 geras
1620 863 1634 886 ,
1661 823 1755 878 sed
1783 824 2115 892 Spiritalibus

536 910 792 979 operibus
819 925 1000 972 vaces,
1043 911 1110 965 ad
1134 911 1417 966 ecclesiam
1448 915 1762 976 convenias,
1791 913 2112 970 lectionibus

534 999 728 1054 divinis
757 1009 810 1054 et
841 1002 1160 1055 tractatibus
1195 1017 1378 1056 aurem
1422 1003 1684 1070 pmbeas,
1709 1003 1773 1057 de
1800 1004 2112 1060 coelestibus

532 1090 758 1158 cogites,
804 1091 869 1146 de
913 1091 1089 1144 futura
1120 1107 1214 1161 spe
1253 1092 1666 1146 sollicitudinem
1701 1107 1878 1164 geras,
1925 1106 2114 1150 ventu-

534 1196 651 1234 rum
700 1181 958 1250 judicium
989 1197 1098 1251 prae
1139 1182 1313 1238 oculis
1359 1184 1577 1249 habeas,
1624 1200 1729 1239 non
1757 1188 2016 1256 respicias
2045 1189 2113 1245 ad

532 1275 814 1342 przesentia
865 1283 918 1329 et
948 1277 1199 1342 visibilia,
1238 1279 1332 1332 sed
1379 1279 1446 1332 ad
1475 1279 1764 1334 invisibilia
1799 1290 1853 1336 et
1884 1281 2062 1334 futura
2094 1300 2107 1334 :

531 1366 646 1420 haec
690 1375 773 1420 est
811 1369 1118 1424 observatio
1148 1370 1354 1425 sabbati
1386 1371 1695 1427 Christiano
1724 1389 1738 1428 :
1780 1376 1874 1430 sed
1919 1377 2034 1430 haec
2057 1383 2112 1430 et

529 1455 696 1510 Ιιιάίῐξί
724 1458 1013 1514 observare
1035 1460 1310 1515 deberent.
1345 1461 1584 1530 Denique
1611 1463 1772 1517 etiam
1798 1465 1938 1534 apud
1967 1465 2112 1535 ipsos

530 1547 572 1599 si
602 1546 774 1614 faber,
823 1550 865 1603 si
907 1559 1161 1616 structor,
1199 1562 1254 1606 et
1300 1554 1344 1608 si
1382 1554 1473 1623 qui
1519 1555 1823 1626 hujusmodi
1860 1557 2111 1627 Opiﬁcum

530 1635 709 1700 fuerit,
735 1640 936 1694 otiatur
967 1642 1018 1694 in
1047 1642 1132 1696 die
1173 1643 1400 1697 sabbati.
1435 1644 1629 1700 Lector
1667 1656 1847 1701 autem
1876 1646 2009 1718 legis
2034 1647 2114 1702 di-

526 1727 664 1781 vina:
693 1729 772 1781 vel
801 1729 992 1784 doctor
1034 1747 1141 1785 non
1172 1732 1373 1788 desinit
1400 1748 1430 1786 a
1462 1734 1604 1788 bono
1635 1749 1816 1804 opere,
1845 1743 1899 1789 et
1931 1745 2110 1790 tamen

2216 553 2325 623 giet
2350 554 2504 610 dolor
2530 565 2582 610 et
2611 558 2828 614 tristitia
2858 572 2913 615 et
2939 563 3188 630 gemitus,
3219 574 3274 618 et
3302 567 3406 619 erit
3432 567 3618 621 omnia
3648 579 3706 621 et
3759 567 3818 621 in

2214 643 2464 698 omnibus
2487 645 2646 700 Deus.
2673 646 2731 700 In
2761 663 2868 718 quo
2903 651 3126 705 sabbato
3155 655 3415 708 concedat
3444 657 3610 710 etiam
3649 656 3822 710 nobis

2216 732 2357 786 Deus
2380 733 2520 787 diem
2548 733 2742 790 festum
2767 753 2925 806 agere
2954 756 3161 807 secum,
3189 757 3310 797 cum
3340 747 3548 800 sanctis
3593 746 3820 816 angelis

2215 823 2328 877 suis
2374 820 2510 879 festa
2558 825 2862 892 celebrare;
2895 829 3182 888 offerentes
3219 835 3544 891 sacriﬁcium
3600 839 3789 896 laudis

2213 919 2269 964 et
2293 913 2576 968 reddentes
2595 915 2868 973 Altissimo
2889 928 3013 973 vota
3046 932 3252 977 nostra.
3285 924 3438 982 Tunc
3468 927 3722 986 fortassis
3755 943 3818 986 et

2213 1000 2539 1065 sacrificium
2598 1004 2928 1072 indesinens,
2981 1011 3046 1064 de
3087 1027 3194 1080 quo
3239 1029 3399 1084 supra
3447 1023 3816 1089 exposuimus

2213 1089 2403 1144 melius
2431 1089 2724 1150 offeretur:
2757 1102 2881 1150 tunc
2914 1098 3058 1151 enim
3089 1101 3278 1156 melius
3307 1103 3680 1162 indesinenter
3712 1125 3813 1164 as-

2210 1368 2494 1426 aeternum,
2521 1365 2813 1419 secundum
2851 1371 3095 1425 ordinem
3148 1370 3558 1434 Melchisedech.
3611 1382 3808 1437 Tertia

2213 1448 2478 1506 festivitas
2500 1453 2717 1521 punitur
2739 1455 3047 1516 Neomenia:
3080 1462 3216 1530 dies,
3249 1465 3303 1520 in
3349 1482 3456 1537 qua
3488 1468 3718 1526 offertur
3749 1482 3813 1527 et

2212 1540 2389 1595 hostia
2418 1541 2558 1596 sicut
2604 1544 2863 1614 scriptum
2909 1559 3037 1603 est:
3077 1568 3095 1601 ι
3139 1551 3196 1606 In
3238 1554 3478 1611 calendis
3522 1569 3732 1626 autem,
3781 1579 3803 1613 ι

2213 1633 2265 1687 id
2289 1642 2395 1700 est,
2422 1635 2474 1689 in
2506 1637 2772 1693 mensium
2793 1643 3050 1709 exordiis,
3087 1663 3106 1696 ‹
3151 1645 3388 1703 oﬂ‘eretis
3421 1651 3805 1709 holocaustum

2214 1722 2460 1788 Domino,
2509 1742 2527 1776 ι
2569 1735 2672 1781 etc.
2705 1727 2998 1786 Neomenia
3028 1743 3206 1790 autem
3254 1737 3451 1792 dicitur
3482 1757 3618 1796 nova
3642 1744 3804 1800 luna.

527 1817 807 1873 sabbatum
854 1836 961 1876 non
1010 1825 1365 1878 contaminat.
1411 1824 1468 1879 Si
1516 1827 1659 1880 cnim
1690 1828 1820 1882 dicit
1858 1828 1925 1883 ad
1971 1843 2105 1883 eos:
2139 1820 2184 1879 Β
2213 1809 2308 1864 Est
2327 1827 2456 1882 ergo
2484 1821 2538 1867 et
2561 1814 2663 1869 ista
2692 1815 2984 1886 festivitas,
3007 1836 3128 1876 cum
3153 1823 3278 1878 luna
3313 1827 3617 1884 innovatur.
3643 1831 3804 1887 Nova

531 1928 550 1960 ς
591 1909 698 1963 Aut
737 1927 840 1966 non
869 1911 1075 1982 legistis
1098 1914 1223 1984 quia
1249 1916 1558 1971 sacerdotes
1584 1918 1634 1970 in
1660 1919 1859 1988 templo
1898 1921 2110 1978 sabba-.

529 2009 639 2053 tum
670 2002 890 2066 violant,
927 2012 982 2056 et
1004 2003 1119 2058 sine
1142 2005 1368 2060 crimine
1391 2006 1560 2060 sunt?
1600 2005 1818 2076 (Matth.
1847 2009 1969 2078 xu.)
2010 2028 2027 2062 ι

599 2090 697 2156 Qui
729 2105 855 2160 ergo
880 2092 1114 2146 cessavit
1151 2093 1219 2147 ab
1253 2094 1507 2164 operibus
1550 2096 1732 2149 surculi
1769 2104 1824 2150 et
1853 2097 2108 2166 spiritali-

525 2181 625 2234 bus
655 2180 864 2235 actibus
897 2191 1077 2246 vacat,
1109 2182 1207 2236 iste
1229 2191 1312 2237 est
1342 2185 1431 2252 qui
1465 2184 1790 2240 sacrificium
1813 2187 2022 2241 sabbati
2052 2195 2108 2242 et

525 2273 665 2326 diem
695 2271 890 2326 festum
919 2274 1030 2343 agit
1053 2274 1419 2328 sabbatorum.
1447 2274 1630 2346 Neque
1659 2291 1821 2330 onera
1850 2285 2031 2347 portat
2052 2279 2105 2333 in

523 2364 629 2416 via.
674 2362 822 2418 Onus
847 2364 988 2418 enim
1016 2373 1101 2419 est
1126 2378 1285 2418 omne
1310 2374 1610 2435 peccatum,
1655 2367 2107 2434 quemadmodum

525 2453 655 2506 dicit
682 2463 736 2507 et
763 2453 1028 2526 Propheta
1059 2475 1073 2513 :
1111 2477 1129 2510 ι
1168 2457 1318 2514 Sicut
1360 2475 1496 2515 onus
1521 2475 1685 2531 grave
1720 2470 1940 2530 gravata
1980 2470 2107 2517 sunt

523 2559 684 2613 super
734 2560 817 2600 me
859 2545 1054 2618 (Psal.
1109 2565 1311 2604 XXXVIII
1336 2550 1378 2622 ).
1418 2572 1436 2605 ι
1498 2551 1682 2621 Neque
1732 2552 1877 2607 enim
1926 2553 2106 2624 ignem

526 2634 771 2688 accendit
807 2635 974 2700 illum,
1011 2637 1217 2694 scilicet
1246 2640 1422 2711 ignem
1453 2643 1518 2698 de
1543 2657 1649 2710 quo
1678 2641 1878 2698 dicitur
1909 2659 1922 2697 :
1967 2661 1986 2694 ι
2030 2642 2108 2699 Ite

526 2724 580 2777 in
610 2723 810 2778 lumine
839 2725 980 2796 ignis
1021 2729 1206 2794 vestri,
1237 2738 1292 2784 et
1327 2731 1380 2784 in
1404 2731 1618 2785 ﬂamma
1662 2749 1825 2803 quam
1857 2734 2109 2789 accendi-

526 2817 624 2870 stis
653 2817 706 2870 in
740 2817 962 2874 sabbato
995 2821 1363 2892 unusquisque
1384 2822 1518 2891 (Isa.
1553 2823 1659 2895 1.).)
1698 2825 1802 2879 Sed
1827 2835 1881 2879 et
1911 2825 1961 2879 in
1989 2826 2106 2881 loco

525 2922 622 2960 suo
651 2916 704 2960 et
730 2923 834 2963 non
863 2911 1104 2980 procedit
1141 2925 1206 2966 ex
1234 2926 1320 2966 eo.
1350 2912 1482 2979 Quis
1505 2929 1632 2983 ergo
1655 2924 1737 2969 est
1766 2915 1914 2971 locus
1942 2916 2059 2986 ejus
2083 2917 2106 2970 ?

524 2997 731 3051 Animae
751 2998 959 3053 scilicet
978 3000 1256 3070 spiritalis.
1303 2999 1517 3056 Justitia
1547 3003 1696 3058 locus
1722 3005 1856 3074 ejus,
1883 3008 2100 3070 veritas,

529 3089 810 3157 sapientia,
854 3091 1235 3157 sanctificatio,
1271 3101 1325 3148 et
1365 3094 1542 3148 omnia
1583 3111 1701 3162 qua:
1739 3094 1983 3151 Christus
2025 3105 2107 3152 est

2211 1909 2392 1954 autem
2432 1901 2634 1957 dicitur
2673 1919 2798 1961 cum
2855 1909 2955 1963 soli
2989 1912 3233 1980 proxima
3283 1914 3447 1972 fuerit
3494 1919 3687 1977 effecta
3744 1934 3802 1977 ct

2207 1987 2364 2042 valde
2390 1989 2440 2044 ei
2473 1990 2783 2060 conjuncta,
2824 1996 2896 2050 ita
2934 2007 2994 2052 ut
3034 2002 3134 2054 sub
3183 2002 3430 2060 claritate
3458 2008 3574 2076 ejus
3602 2010 3795 2064 lateat.

2211 2075 2318 2132 Sed
2342 2080 2537 2134 mirum
2565 2082 2792 2140 fortasse
2827 2087 3087 2156 videatur,
3113 2092 3276 2147 immo
3325 2075 3649 2166 superﬂuum
3707 2103 3796 2157 lex

2209 2167 2390 2223 divina
2416 2172 2690 2228 mandare.
2721 2175 2857 2242 Quid
2884 2180 3028 2234 enim
3056 2183 3328 2255 religionis
3354 2191 3614 2246 condecet
3649 2194 3799 2248 Inlue

2207 2273 2380 2324 nova,
2411 2260 2463 2315 id
2513 2273 2615 2329 est,
2653 2280 2776 2320 cum
2826 2269 3169 2343 coujungitur
3213 2277 3312 2331 soli
3354 2288 3410 2333 et
3453 2282 3695 2338 adhaeret
3743 2287 3794 2340 ei

2208 2351 2495 2408 observare
2522 2353 2888 2413 festivitatem.
2940 2358 3068 2418 Haec
3117 2365 3161 2418 si
3209 2369 3504 2425 secundum
3550 2373 3795 2431 litteram

2208 2441 2641 2513 considerentur,
2671 2463 2777 2503 non
2810 2459 2918 2505 tam
2952 2453 3197 2524 religiosa
3224 2474 3384 2526 quam
3415 2467 3795 2533 superstitiosa

2209 2531 2551 2590 videbuntur.
2581 2538 2698 2598 Sed
2714 2541 2919 2596 sciebat
2940 2543 3225 2614 Apostolus
3254 2531 3628 2623 Paulusiquia
3677 2574 3788 2612 non

2208 2621 2275 2675 de
2305 2622 2389 2676 his
2417 2622 2653 2693 loquitur
2678 2627 2787 2694 lex,
2819 2647 2991 2700 neque
3020 2634 3180 2689 ullum
3227 2638 3388 2692 ritum
3417 2621 3540 2710 quia
3586 2643 3793 2702 Jtldeets

2207 2713 2481 2769 observari
2507 2715 2723 2772 videtur
2745 2729 2967 2778 sanctus
3010 2722 3245 2795 Spiritus
3268 2733 3535 2801 praecipit,
3565 2745 3619 2789 et
3665 2737 3792 2792 ideo

2208 2802 2275 2856 ad
2298 2818 2411 2870 eos,
2447 2809 2538 2876 qui
2569 2809 2727 2866 fidem
2749 2813 2843 2868 Dei
2871 2831 3241 2890 susceperunt,
3277 2825 3491 2881 dicebat
3524 2846 3537 2882 :
3577 2847 3595 2880 ‹
3618 2829 3793 2887 Nemo

2209 2913 2339 2969 ergo
2375 2901 2690 2970 vosjudicet
2718 2908 2769 2962 in
2798 2911 2918 2966 cibo
2945 2924 3038 2968 aut
3063 2916 3115 2970 in
3148 2927 3275 2986 potu
3312 2929 3405 2973 aut
3430 2922 3482 2975 in
3503 2932 3655 2992 parte
3679 2925 3789 2979 diei

2207 2986 2330 3042 festi
2358 3000 2450 3045 aut
2470 2998 2752 3051 neomenia
2782 3009 2874 3054 aut
2906 3003 3150 3072 sabbato,
3175 3023 3295 3078 quae
3327 3019 3451 3064 sunt
3479 2986 3682 3068 u-mbrre
3705 3013 3788 3066 fu-

2209 3087 2453 3134 turorum
2513 3081 2736 3154 (Coloss.
2782 3097 2864 3160 ιι).
2915 3111 2932 3143 ι
2978 3092 3034 3148 Si
3078 3110 3207 3166 ergo
3246 3101 3435 3154 umbra
3483 3101 3786 3158 futurorum

525 3181 673 3234 locus
695 3182 886 3236 animae
906 3191 1010 3238 est.
1041 3183 1116 3237 Es
1143 3200 1250 3254 quo
1279 3184 1398 3240 loco
1419 3202 1537 3240 eam
1569 3204 1672 3242 non
1696 3197 1909 3258 oportet
1933 3191 2103 3258 exire,
2132 3186 2176 3248 C
2209 3180 2311 3234 es"
2340 3172 2642 3240 sabbatum:
2669 3178 2734 3231 de
2759 3195 2865 3249 (1υο
2888 3197 2988 3251 ιπο
3044 3186 3254 3242 Viribus
3283 3204 3442 3259 supra
3495 3192 3788 3262 θκριίοῖινί-

529 3281 724 3326 utvera
742 3275 966 3328 sabbata
991 3276 1276 3340 custodiat,
1290 3283 1345 3330 et
1365 3276 1506 3332 diem
1530 3276 1722 3332 festum
1748 3280 1800 3332 in
1822 3280 2105 3335 sacrificiis

523 3365 702 3434 exigat
721 3364 1087 3430 sabbatorum,
1121 3366 1259 3421 sicut
1280 3374 1333 3421 et
1359 3366 1619 3422 Dominus
1647 3369 1864 3423 dicebat
1891 3388 1903 3424 :
1945 3389 1961 3421 ε
1998 3371 2102 3437 Qui

532 3464 712 3510 manet
737 3455 789 3508 in
805 3470 888 3510 me
905 3464 959 3509 et
970 3471 1068 3525 ego
1086 3458 1137 3509 in
1154 3472 1218 3510 eo
1234 3455 1413 3527 (Joan.
1430 3459 1542 3530 xv).
1569 3479 1587 3511 ι
1614 3458 1763 3526 Quod
1782 3471 1958 3515 autem
1973 3462 2107 3516 dixi-

527 3562 646 3602 mus
659 3562 784 3601 vcra
803 3547 1096 3612 sabbata,si
1113 3549 1269 3603 altius
1287 3562 1587 3619 repetamus
1602 3553 1838 3620 quzesint
1851 3568 1974 3607 vera
1992 3553 2107 3608 sab-

525 3639 669 3701 bata,
688 3637 826 3691 ultra
854 3639 997 3693 hunc
1022 3640 1278 3694 mundum
1300 3649 1384 3694 est
1406 3656 1529 3695 vera
1552 3641 1761 3695 sabbati
1776 3643 2099 3696 observatio.

524 3728 674 3792 Quod
711 3728 851 3782 enim
889 3730 1149 3799 scriptum
1178 3739 1260 3784 est
1308 3730 1360 3783 in
1392 3728 1587 3785 Genesi
1640 3729 1793 3802 (Gen.
1846 3733 1933 3801 ιι),
1976 3735 2101 3802 quia

529 3818 792 3887 requievit
848 3819 989 3874 Deus
1044 3820 1095 3873 in
1153 3821 1238 3874 die
1268 3820 1478 3876 sabbati
1531 3822 1597 3874 ab
1650 3823 1899 3890 operibus
1950 3826 2099 3888 suis,

528 3923 634 3961 non
666 3909 908 3963 videmus
941 3909 1023 3962 vel
1053 3918 1179 3964 tunc
1224 3909 1425 3964 factum
1480 3925 1601 3965 esse
1651 3911 1703 3964 in
1741 3912 1826 3965 die
1876 3916 2103 3980 septima

527 3997 611 4052 vel
659 3999 818 4052 etiam
872 4016 1016 4053 nunc
1067 4000 1202 4055 fieri.
1245 3999 1470 4070 Semper
1500 4003 1664 4055 Deum
1706 4004 1951 4058 videmus
1976 4019 2103 4073 ope-

530 4091 662 4154 rari,
711 4099 765 4145 et
815 4092 1018 4146 nullum
1050 4094 1331 4148 sabbatum
1367 4102 1492 4160 est,
1546 4097 1598 4150 in
1652 4112 1757 4165 quo
1806 4115 1911 4153 non
1960 4098 2101 4153 Deus

527 4190 799 4248 operetur,
835 4181 1022 4251 inquo
1056 4199 1161 4237 non
1205 4186 1464 4253 perducat
1519 4187 1685 4241 solem
1737 4204 1892 4242 suum
1940 4205 2102 4258 super

529 4271 696 4324 bonos
744 4280 799 4326 et
850 4273 1018 4327 malos
1047 4314 1062 4339 ,
1110 4284 1164 4328 et
1207 4275 1354 4344 pluat
1405 4292 1567 4346 super
1613 4279 1790 4348 jnstos
1834 4289 1889 4335 et
1929 4283 2099 4351 injus-

529 4374 614 4415 tos
665 4361 874 4432 (Matth.
921 4367 993 4434 v).
1055 4382 1074 4414 ε
1112 4363 1167 4417 In
1218 4381 1325 4434 quo
1375 4382 1481 4421 non
1540 4370 1799 4437 producat
1846 4371 1898 4424 in
1949 4388 2102 4424 mon-

532 4449 678 4504 tibus
720 4451 923 4516 fenum,
954 4461 1007 4506 et
1044 4452 1266 4507 herbam
1312 4457 1558 4509 servituti
1607 4457 1878 4511 homimun
1927 4457 2097 4531 (Paul.

527 4539 727 4611 exul),
771 4559 789 4592 ι
828 4541 878 4593 in
907 4555 1014 4611 quo
1061 4558 1165 4596 non
1199 4544 1463 4613 percntiat
1489 4554 1545 4599 et
1581 4555 1752 4611 sanet,
1786 4527 2014 4602 deducat
2035 4551 2100 4603 ad
2130 4527 2178 4585 Ῑ)

531 4626 799 4682 infernu'm
824 4636 877 4681 et
912 4629 1152 4694 reducat,
1185 4630 1238 4684 in
1286 4647 1393 4701 quo
1441 4648 1544 4686 non
1589 4635 1798 4689 occidat
1839 4644 1894 4690 et
1920 4637 2103 4692 vivere

531 4721 695 4774 faciat
746 4720 895 4774 Unde
917 4729 973 4774 et
1017 4722 1270 4775 Dominus
1313 4724 1366 4777 in
1413 4723 1732 4795 Evangeliis,
1760 4742 1884 4781 cum
1931 4726 2100 4784 Judmi

531 4809 939 4877 praescriberent
951 4810 1052 4863 sibi
1071 4810 1135 4863 de
1157 4811 1470 4880 operatione
1485 4822 1538 4866 et
1564 4815 1840 4871 curatione
1865 4817 2098 4884 sabbati,

534 4900 809 4970 respondit
835 4901 954 4954 eis:
988 4919 1007 4951 ι
1051 4899 1209 4954 Pater
1248 4917 1399 4956 meus
1446 4918 1614 4971 usque
1653 4905 1810 4960 modo
1852 4916 2105 4975 operatur

534 4997 590 5042 et
639 5003 736 5056 ego
782 5003 975 5059 operor
1019 4989 1195 5060 (Joan.
1225 4989 1301 5062 v).
1348 5009 1368 5042 ι
1408 4991 1708 5050 Ostendeus
1739 5012 1836 5065 per
1879 4998 1993 5054 ha:c
2047 4999 2101 5052 in

536 5079 684 5133 nullo
733 5078 889 5146 hujus
936 5081 1114 5135 saeculi
1162 5084 1385 5139 sabbato
1440 5086 1776 5154 requiescere
1818 5089 2019 5154 Deum,
2071 5105 2102 5144 a

535 5170 1022 5239 dispens..lionibus
1048 5173 1250 5237 mundi,
1282 5183 1336 5228 et
1365 5190 1395 5227 a
1445 5176 1842 5244 provisionibus
1889 5179 2102 5249 generis

536 5262 776 5315 humani.
802 5261 934 5315 Nam
960 5272 1233 5319 creaturas
1255 5267 1470 5333 quidem
1492 5265 1617 5321 fecit
1639 5283 1704 5321 ex
1732 5268 1884 5322 initio
1906 5280 1959 5324 et
1980 5271 2107 5324 sub-

536 5350 764 5403 smntias
791 5350 1031 5419 protulit,
1060 5363 1292 5421 quantas
1317 5356 1420 5410 sibi
1448 5355 1655 5410 sciebat
1684 5367 1742 5410 ut
1768 5367 1891 5427 pote
1922 5376 2101 5413 rerum

535 5440 813 5503 conditor,
847 5441 914 5495 ad
958 5443 1338 5510 perfectionem
1387 5446 1571 5499 mundi
1613 5462 1770 5516 posse
1809 5446 2052 5502 sufﬁcere
2089 5467 2101 5501 :

538 5529 633 5581 sed
681 5545 847 5598 usque
892 5533 960 5586 ad
1002 5536 1516 5589 consummationem
1563 5538 1765 5602 saeculi,
1803 5539 1872 5593 ab
1919 5555 2104 5593 earum

539 5620 841 5687 provisione
885 5631 940 5676 et
985 5624 1379 5693 dispensatione
1423 5644 1528 5682 non
1583 5642 1774 5684 cessat.
1820 5632 1938 5688 Erit
1976 5647 2104 5702 ergo

535 5718 726 5763 verum
757 5714 1061 5780 sabbatum,
1092 5718 1271 5787 inquo
1296 5719 1652 5787 requiesceret
1676 5724 1815 5778 Deus
1843 5726 1910 5782 ab
1931 5735 2101 5784 omni-

2210 3273 2359 3325 mus;
2399 3271 2452 3314 et
2490 3269 2770 3322 neomenia
2817 3271 3006 3328 umbra
3053 3273 3358 3333 futurorum
3406 3291 3535 3336 est:
3578 3294 3784 3339 certum

2206 3362 2290 3408 est
2335 3356 2459 3424 quia
2485 3366 2540 3412 et
2569 3371 2777 3417 creterze
2807 3364 3129 3424 festivitates
3158 3371 3407 3426 similiter
3432 3375 3635 3429 umbra:
3660 3388 3784 3432 sunt

2208 3447 2531 3507 futurorum.
2568 3453 2674 3510 Sed
2702 3475 2843 3514 nunc
2873 3462 2939 3516 de
2989 3467 3271 3519 neomenia
3304 3469 3598 3526 videamus.
3640 3473 3783 3528 Dixi-

2206 3558 2327 3598 mus
2354 3545 2478 3613 quia
2509 3553 2801 3605 neomenia:
2834 3552 3096 3609 festivitas
3144 3559 3465 3628 appellatur,
3493 3578 3615 3617 cum
3661 3565 3782 3619 luna

2205 3633 2450 3690 innovari
2498 3641 2726 3709 cmperit
2760 3654 2813 3696 et
2866 3646 2965 3699 soli
3005 3649 3251 3716 proxima
3302 3651 3416 3706 fieri
3461 3655 3782 3726 penitusque

2205 3725 2509 3794 conjuncta.
2545 3728 2632 3784 Sol
2663 3730 2906 3800 justitize,
2937 3735 3184 3792 Christus
3232 3751 3333 3794 est.
3369 3743 3504 3798 iluic
3548 3745 3594 3799 si
3633 3725 3778 3811 luna,

2208 3815 2258 3869 id
2301 3825 2402 3880 est,
2451 3818 2699 3875 Ecclesia
2736 3839 2853 3889 sua,
2898 3843 3018 3895 qua:
3047 3828 3246 3885 lumine
3302 3833 3469 3903 ipsius
3522 3836 3777 3906 repletur,

2197 3904 2382 3972 juncta
2423 3907 2607 3976 fuerit,
2643 3920 2697 3965 et
2723 3916 2937 3982 penitus
2959 3919 3005 3971 ei
3033 3921 3342 3988 adhreserit,
3376 3924 3448 3977 ita
3494 3935 3551 3978 ut
3583 3904 3782 3980 secun-

2205 3997 2329 4049 dum
2383 3999 2604 4053 verbum
2648 4001 2931 4073 Apostoli:
2966 4027 2982 4058 ‹
3029 4010 3120 4078 qui
3169 4026 3227 4065 se
3274 4012 3450 4084 jungit
3504 4017 3731 4072 Domino
3764 4059 3777 4084 ,

2205 4101 2343 4140 unus
2369 4103 2491 4140 cum
2527 4105 2591 4143 eo
2618 4093 2838 4160 spiritus
2869 4093 2958 4148 fiat
2999 4097 3048 4166 (1
3088 4096 3210 4152 Cor.
3249 4100 3356 4172 vt),
3401 4122 3419 4154 ι
3465 4113 3589 4161 tunc
3632 4105 3781 4162 festi-

2202 4174 2424 4230 vitatem
2458 4182 2752 4236 neomenia:
2780 4185 2909 4254 agit.
2945 4185 3095 4242 Tune
3150 4191 3295 4245 enim
3343 4208 3481 4248 nova
3526 4194 3774 4262 efﬁcitur,

2204 4280 2325 4318 cum
2383 4268 2641 4336 abjecerit
2686 4283 2922 4329 veterem
2969 4277 3262 4347 hominem,
3290 4292 3344 4338 et
3389 4286 3571 4340 induta
3620 4287 3816 4345 fuerit'

2203 4372 2421 4423 novum,
2465 4380 2482 4411 ι
2527 4363 2616 4429 qui
2647 4367 2938 4420 secundum
2986 4369 3153 4424 Deum
3188 4383 3402 4430 creatus
3449 4387 3533 4431 est
3562 4377 3773 4449 (Ephes,

2205 4446 2300 4516 IV),
2349 4467 2366 4498 ι
2414 4459 2572 4520 atque
2606 4453 2679 4507 ita
2720 4457 2913 4511 merito
2957 4459 3317 4517 innovationis
3361 4446 3774 4535 solemnitatem,

2205 4550 2324 4604 quae
2369 4549 2451 4592 est
2499 4545 2794 4599 neomeniae
2838 4546 3120 4616 festivitas,
3151 4555 3309 4622 gerit.
3359 4554 3510 4613 Tunc
3551 4560 3777 4631 denique

2207 4637 2312 4692 est,
2352 4633 2565 4697 quando
2595 4651 2768 4705 neque
2797 4639 2963 4695 videri
2993 4658 3166 4712 neque
3186 4651 3564 4716 comprehendi
3594 4655 3775 4708 huma-

2207 4718 2291 4771 nis
2325 4722 2629 4789 aspectibus
2670 4738 2866 4794 potest.
2909 4730 3104 4788 Anitna
3148 4736 3290 4790 enim
3340 4754 3464 4792 cmn
3513 4750 3676 4798 totam
3720 4763 3773 4801 se

2207 4809 2494 4865 sociaverit
2519 4813 2768 4883 Domino,
2799 4827 2852 4874 et
2896 4822 2950 4875 in
2982 4823 3321 4893 splendorem
3348 4828 3482 4883 lucis
3509 4832 3626 4901 ejus
3671 4845 3770 4890 tota

2205 4901 2552 4966 concesserit,
2586 4904 2824 4974 nihilque
2847 4913 3066 4966 omnino
3097 4922 3364 4970 terrenum
3397 4921 3617 4990 cogitat,
3648 4925 3770 4978 nihil

2204 4994 2533 5047 mundanum
2563 4998 2805 5065 requirit,
2837 5016 2934 5055 nec
2967 5002 3269 5061 hominibus
3314 5009 3526 5076 placere
3578 5015 3766 5077 studet,

2202 5081 2297 5134 sed
2323 5090 2484 5137 totam
2528 5099 2585 5138 se
2629 5088 2904 5157 sapientiae
2947 5090 3156 5158 lumini,
3184 5104 3349 5151 totam
3399 5099 3565 5155 calori
3604 5109 3766 5163 sancti

2207 5170 2438 5240 Spiritus
2462 5178 2875 5245 mancipaverit,
2910 5183 3116 5239 subtilis
3162 5197 3217 5240 et
3262 5190 3519 5257 spiritalis
3561 5193 3764 5263 effecta,

2204 5268 2474 5333 quomodo
2503 5269 2650 5322 cerni
2705 5271 2771 5323 ab
2815 5273 3119 5330 hominibus
3166 5286 3261 5331 aut
3306 5281 3556 5340 humanis
3600 5295 3766 5355 potest

2206 5361 2583 5427 eonspectibus
2630 5366 2991 5432 apprehendi?
3021 5368 3280 5424 Animalis
3335 5388 3569 5445 namque
3615 5377 3763 5433 homo

2208 5447 2504 5518 intelligere
2531 5460 2584 5504 et
2627 5453 2933 5510 discernere
2978 5472 3083 5510 non
3128 5468 3306 5527 potest
3342 5462 3656 5531 spiritalem.
3703 5468 3757 5522 Et

2208 5536 2328 5591 ideo
2362 5538 2672 5607 dignissime
2704 5542 2843 5595 diem
2872 5543 3066 5599 festum
3101 5557 3224 5617 aget
3268 5558 3323 5604 et
3372 5553 3605 5608 hostiam
3647 5570 3764 5611 neo-

2207 5629 2397 5682 menia:
2431 5630 2675 5697 Domino,
2707 5643 2887 5701 utpote
2937 5652 3032 5704 per
3072 5638 3244 5707 ipsum
3276 5642 3526 5697 innovata
3565 5645 3764 5716 jugula-

2206 5717 2301 5771 bit.
2366 5720 2568 5788 Quarto
2613 5723 2665 5776 in
2702 5724 2818 5779 loco
2864 5730 3080 5796 ponitur
3132 5743 3274 5785 Inter
3318 5733 3638 5792 festivitates
3679 5739 3761 5794 Dei
