3950 6342
191 424 332 479 1055

1066 423 1425 481 COMMENT.
1466 424 1532 480 IN
1574 423 2026 481 EZECHIELEM.
2066 454 2132 464 —-
2167 424 2292 479 LIB.
2340 424 2518 480 XVIII.

3327 432 3348 486 i
3360 432 3464 488 03¢

179 533 409 591 Pascha:
435 534 768 599 solemnitas,
797 537 847 590 in
889 551 996 607 qua
1032 538 1321 595 festivitate
1368 555 1539 610 agnus
1566 541 1770 596 occidi-
1799 546 1848 606 Α
1878 550 2078 595 metere
2124 539 2349 605 fructus,
2396 554 2461 594 ex
2509 538 2704 609 quibus
2750 538 2918 595 laetari
2972 538 3141 595 facias
3181 542 3366 609 Deum,
3408 556 3463 601 et

181 635 296 681 tur.
330 624 436 681 Sed
462 624 584 680 vide
615 632 670 679 tu
693 626 905 696 Agnum
936 643 1141 693 verum,
1170 628 1383 700 Agnum
1414 630 1533 697 Dei,
1562 631 1772 703 Agnum

178 716 275 786 qui
310 716 447 770 tollit
495 724 719 787 peccata
760 718 967 784 mundi,
1023 728 1079 775 et
1128 720 1293 775 dicito
1331 722 1458 791 quia
1504 742 1523 774 ι
1568 722 1775 777 Pascha

178 816 435 861 nostrum
459 805 770 862 immolatus
797 817 883 862 est
920 808 1167 864 Christus
1193 807 1248 881 (Ι
1277 809 1400 865 Cor.
1425 811 1501 883 v).
1553 831 1570 861 ι
1605 812 1774 868 inda):

178 895 393 949 carnali
422 908 584 949 sensu
613 894 903 963 comedant
937 911 1131 953 carnes
1168 899 1314 969 agni,
1334 909 1648 981 posautcm
1675 918 1768 955 cn-

175 984 464 1041 medamus
487 998 709 1039 carnem
735 984 885 1040 verbi
913 986 1027 1040 Dei.
1060 986 1179 1057 Ipse
1207 988 1355 1042 enim
1380 989 1517 1043 dixit
1540 1008 1561 1043 az
1600 1010 1617 1039 ι
1661 990 1775 1045 Nisi

174 1074 533 1129 comederitis
589 1090 779 1131 carnes
822 1091 989 1141 meas,
1038 1092 1146 1132 non
1194 1078 1463 1135 habebitis
1500 1080 1669 1135 vitam
1718 1082 1771 1138 in

174 1160 338 1214 vobis
363 1158 494 1230 ipsis
535 1158 717 1230 (Ioan.
758 1158 858 1231 vr).
907 1179 925 1212 ι
957 1161 1069 1217 [Ioc
1114 1163 1258 1233 quod
1306 1164 1468 1219 modo
1510 1164 1775 1234 loquimur

174 1263 377 1304 carnes
410 1257 538 1302 sunt
558 1248 709 1302 verbi
737 1247 857 1314 Dei,
892 1250 936 1304 si
964 1256 1147 1306 tamen
1194 1266 1303 1307 non
1340 1252 1497 1323 quasi
1547 1253 1776 1310 inﬁrmis

174 1338 350 1404 olera,
376 1346 470 1391 aut
504 1339 657 1408 quasi
688 1339 872 1409 pueris
910 1339 1067 1396 lactis
1095 1340 1786 1413 alimoniampraeferamus:

176 1429 225 1483 si
270 1428 513 1499 perfecta
557 1428 849 1498 loquimur,
882 1429 928 1484 si
982 1431 1227 1496 robusta,
1278 1430 1326 1485 si
1369 1430 1554 1497 fortia,
1584 1445 1775 1487 carnes

176 1524 337 1578 vobis
385 1524 534 1578 verbi
574 1524 669 1578 Dei
716 1523 1036 1593 apponimus
1062 1522 1443 1578 comedendas.
1482 1521 1582 1578 Ubi
1629 1525 1774 1578 enim

176 1615 445 1685 mysticus
487 1629 689 1679 sermo,
718 1615 810 1669 ubi
859 1615 1194 1684 dogmaticus
1234 1623 1288 1668 et
1342 1614 1623 1670 Trinitatis
1669 1615 1774 1672 fide

178 1708 423 1777 repletus
445 1706 720 1777 profertur
740 1722 804 1761 ac
827 1708 1054 1772 solidus,
1069 1707 1158 1761 ubi
1176 1706 1340 1761 futuri
1365 1706 1568 1773 smculi,
1592 1716 1772 1763 amoto

174 1796 450 1850 velamine
472 1796 690 1862 litterae,
720 1796 852 1867 legis
883 1795 1141 1866 spiritalis
1164 1804 1500 1851 sacramenta
1527 1798 1769 1866 pandun-

1877 647 2038 702 agere
2064 631 2206 688 diem
2236 630 2455 686 festum.
2483 629 2637 698 Quod
2668 620 2830 685 aliter
2861 629 3086 701 implere
3109 646 3214 686 non
3235 634 3458 701 poteris,

1877 725 1980 789 nisi
2005 723 2193 795 audias
2218 722 2534 793 Apostolum
2580 723 2849 778 dicentem
2888 741 2900 776 :
2935 743 2953 775 ι
2999 722 3101 791 Qui
3144 726 3377 781 seminat
3404 726 3458 781 in

1877 801 2089 884 spiritu,
2112 815 2179 870 de
2223 814 2414 885 spiritu
2463 822 2629 869 metet
2662 815 2828 867 vitam
2851 822 3105 869 :etcrnam
3130 813 3274 886 (Gal.
3308 814 3405 887 vi).
3437 833 3457 867 ι

1878 904 1938 960 Si
1965 905 2043 960 sic
2071 905 2327 965 semines,
2355 913 2409 958 et
2431 903 2508 957 sic
2540 911 2733 966 metas,
2767 916 2895 957 vere
2928 902 3070 957 diem
3114 903 3306 959 festum
3345 906 3464 976 agis

1876 1010 2156 1050 novorum.
2187 992 2482 1065 Propterea
2524 993 2759 1063 denique
2804 1002 2857 1049 et
2879 996 3140 1064 propheta
3185 995 3460 1064 admonet,

1876 1087 2065 1142 dicens
2102 1105 2117 1141 :
2155 1106 2173 1139 ι
2214 1087 2471 1142 lnnovatc
2501 1087 2557 1141 in
2590 1087 2742 1141 vobis
2778 1086 2987 1141 novalia
3014 1127 3029 1152 ,
3062 1096 3117 1142 et
3164 1088 3327 1144 nolite
3371 1104 3462 1145 sc-

1875 1177 2088 1232 minare
2113 1192 2276 1247 super
2301 1178 2484 1247 spinas
2514 1176 2658 1249 (Osc.
2691 1179 2766 1248 κ).
2817 1197 2835 1229 ι
2866 1176 2965 1244 Qui
3010 1192 3141 1249 ergo
3170 1192 3265 1233 cor
3307 1194 3462 1234 suum

1873 1273 1934 1323 et
1960 1265 2275 1321 interiorem
2307 1267 2579 1321 hominem
2609 1276 2835 1321 renovat
2861 1268 2927 1322 de
2954 1268 3039 1322 die
3080 1268 3133 1322 in
3165 1269 3327 1335 diem,
3362 1271 3463 1326 iste

1876 1357 1978 1412 sibi
2019 1356 2241 1411 innovat
2285 1356 2513 1418 novalia,
2545 1365 2598 1410 et
2628 1372 2736 1411 non
2773 1358 3005 1424 seminat
3049 1374 3210 1429 super
3258 1361 3458 1430 spinas,

1876 1449 1975 1505 sed
2026 1462 2188 1517 super
2242 1456 2443 1501 terram
2492 1449 2711 1514 bonam,
2740 1465 2859 1518 qum
2907 1451 3094 1505 reddat
3136 1454 3186 1506 ei
3231 1452 3462 1508 fructum

1877 1539 2301 1593 trieentesimum
2359 1547 2453 1593 aut
2504 1540 2901 1610 sexagesimum
2967 1550 3059 1594 aut
3110 1544 3463 1598 centesimum

1878 1629 2030 1699 (Luc.
2062 1629 2202 1700 VIII).
2250 1630 2354 1686 lste
2378 1645 2507 1699 ergo
2532 1632 2753 1699 est,qui
2804 1632 2855 1685 in
2902 1632 3090 1701 spiritu
3135 1634 3364 1690 seminat
3408 1646 3465 1691 et

1877 1720 2079 1790 colligit
2110 1719 2317 1775 fruetus
2356 1722 2599 1790 spiritus.
2632 1722 2864 1778 Fructus
2899 1733 3077 1778 autem
3102 1726 3320 1796 spiritus
3348 1729 3463 1797 pri-

1876 1826 1997 1866 mus
2026 1812 2269 1866 omnium
2312 1821 2396 1867 est
2424 1814 2674 1882 gaudium
2704 1814 2847 1883 (Cal.
2880 1816 2952 1885 v).
2984 1816 3052 1871 Et
3078 1818 3272 1873 merito
3321 1821 3461 1875 diem

178 1894 291 1951 tur,
317 1886 406 1977 ubi
429 1901 553 1956 spes
568 1887 760 1941 anima:
775 1887 959 1941 avulsa
982 1887 1048 1942 de
1070 1887 1227 1941 terris
1249 1881 1557 1957 jac'tatnrin
1582 1888 1767 1951 caelos,
1798 1894 1847 1953 B
1875 1902 2071 1957 {egrum
2100 1918 2361 1957 ουτοι-ατη
2392 1881 2663 1958 ﬂuctuum
2689 1881 2817 1973 δέη,
2846 1881 2937 1975 qu}
2992 1908 3241 1977 gaudium
3273 1915 3458 1975 mem;

176 1986 233 2033 et
261 1977 316 2031 in
338 1976 444 2032 illis
462 1977 762 2032 collocatur
815 1998 833 2028 ‹
861 1994 981 2046 qua:
1000 1978 1187 2033 oculus
1208 1994 1313 2033 non
1337 1980 1491 2044 vidit,
1507 1995 1606 2033 nec
1631 1980 1775 2034 auris

180 2068 408 2133 audivit,
429 2084 532 2124 nec
559 2070 611 2123 in
636 2084 726 2123 cor
759 2068 994 2124 hominis
1022 2070 1378 2124 ascenderunt
1400 2069 1452 2140 (Ι
1464 2068 1586 2125 Cor.
1611 2070 1701 2141 ιι),
1751 2090 1769 2122 ι

178 2158 300 2211 haec
332 2158 513 2211 omnia
538 2174 729 2213 carnes
755 2167 881 2213 sunt
907 2160 1055 2214 verbi
1080 2160 1196 2224 Dei,
1222 2160 1315 2230 qui
1340 2168 1515 2229 potest
1536 2152 1776 2230 perfecto

181 2249 462 2304 intellectu
494 2251 634 2305 vesci
661 2260 715 2304 et
742 2251 901 2305 corde
929 2251 1231 2321 purificato,
1251 2251 1342 2307 ille
1364 2268 1490 2308 vere
1517 2239 1776 2307 festivitaé

184 2348 269 2393 tes
323 2340 537 2408 paschae
589 2340 832 2395 immolat
885 2342 1234 2408 sacrificium,
1278 2350 1332 2398 et
1390 2343 1534 2398 diem
1576 2342 1775 2398 festum

181 2430 298 2498 agit
337 2445 462 2483 cum
502 2429 613 2484 Deo
659 2442 716 2485 et
745 2446 867 2486 cum
897 2432 1102 2503 angelis
1131 2432 1265 2501 ejus.
1314 2432 1442 2489 Post
1482 2424 1621 2490 hanc
1666 2434 1775 2490 imo

178 2523 497 2577 continuata
526 2521 650 2577 huic
676 2522 943 2578 festivitas
970 2525 1215 2595 sequitur
1250 2540 1583 2593 azymorum,
1612 2539 1777 2594 quam

181 2615 383 2669 merito
426 2608 746 2680 celebrabis,
788 2617 833 2670 si
876 2617 1202 2672 extermines
1243 2630 1404 2673 omne
1452 2617 1778 2674 fermentum

182 2705 403 2760 malitia:
426 2714 479 2760 et
501 2706 755 2775 nequitiae
776 2707 843 2761 ab
877 2707 1056 2762 anima
1096 2706 1207 2774 tua,
1240 2717 1297 2763 et
1320 2723 1511 2781 azyma
1548 2710 1779 2767 sinceri-

184 2799 320 2852 tatis
354 2797 706 2866 veritatisquc
749 2799 1022 2853 custodias
1049 2798 1101 2870 (Ι
1132 2798 1254 2853 Cor.
1287 2800 1364 2871 v).
1407 2800 1593 2871 Neque
1633 2803 1777 2857 enim

184 2888 483 2959 putandum
512 2895 595 2942 est
618 2889 1041 2957 omnipotentem
1082 2888 1251 2944 Deum
1276 2889 1423 2961 leges
1469 2892 1777 2947 hominibus

182 2995 288 3052 pro
312 2979 578 3037 fermento
608 2982 867 3047 scribere,
896 2992 949 3037 et
976 2997 1073 3052 per
1098 2998 1160 3038 ea
1204 2982 1395 3051 jubere
1422 2970 1807 3039 exterminari.

185 3072 424 3126 animam
456 3073 522 3128 de
546 3075 776 3143 pepulo;
806 3074 852 3128 si
882 3089 987 3143 qua
1015 3073 1154 3129 forte
1175 3089 1367 3145 parum
1425 3075 1626 3146 aliquid
1670 3074 1777 3131 fer-

190 3162 361 3217 menti
388 3162 545 3231 hujus
567 3179 634 3218 ex
654 3162 827 3217 farina
846 3164 1123 3233 conspersi
1152 3165 1205 3219 in
1227 3165 1385 3221 domo
1403 3180 1501 3220 sua
1525 3165 1777 3220 habuisse

1876 1991 2144 2061 praecipue.
2167 1992 2257 2059 qui
2278 1991 2447 2046 simul
2470 2001 2638 2046 mctat
2661 2000 2714 2047 et
2736 2008 2924 2062 pacem
2960 2003 3017 2049 et
3044 1997 3377 2065 patientiam,
3409 2010 3462 2054 et

1876 2081 2176 2136 bonitatem
2213 2090 2269 2137 et
2296 2082 2787 2148 mansuetudinem,
2820 2082 3064 2154 aliosque
3094 2086 3286 2140 hormn
3312 2088 3461 2142 simi-

1876 2172 1953 2228 les
1980 2171 2189 2227 fruetus
2243 2173 2481 2243 colligat,
2514 2174 2828 2245 dignissime
2881 2190 3141 2231 novorum
3188 2177 3459 2235 fructuum

1874 2267 2222 2324 festivitatem
2247 2268 2476 2323 Domino
2505 2280 2646 2340 aget.

1946 2356 2098 2412 Tunc
2142 2357 2338 2412 deinde
2401 2359 2646 2427 sequitur
2691 2358 2960 2414 festivitas
3005 2358 3460 2429 Septimanorum.

1878 2450 2032 2507 Sicut
2056 2451 2201 2505 enim
2230 2452 2375 2506 inter
2403 2450 2538 2516 dies,
2569 2452 2831 2522 septimus
2856 2452 3055 2522 quique
3076 2453 3193 2507 dies
3212 2454 3463 2510 observa-

1877 2547 1966 2594 tur
1994 2539 2301 2607 sabbatum,
2344 2548 2509 2596 etest
2540 2540 2823 2607 festivitas,
2851 2542 2925 2596 ita
2955 2550 3012 2596 ut
3057 2543 3198 2598 inter
3252 2561 3465 2602 menses

1878 2628 2141 2698 septimus
2163 2628 2366 2698 quique
2396 2629 2602 2683 mensis
2620 2629 2899 2685 sabbatum
2930 2631 2999 2685 sit
3021 2633 3305 2687 mensium.
3330 2635 3457 2698 Agi-

1880 2728 1968 2774 tur
1992 2732 2119 2789 ergo
2146 2718 2201 2772 in
2222 2733 2288 2775 eo
2316 2717 2608 2785 festivitas,
2642 2735 2763 2789 qua:
2786 2719 2987 2774 dicitur
3015 2719 3247 2775 Sabbata
3280 2722 3460 2779 sablia.

1878 2820 2082 2876 torum,
2105 2819 2159 2865 et
2180 2809 2242 2865 fit
2268 2810 2323 2865 in
2349 2810 2437 2866 die
2455 2810 2632 2881 prima
2667 2809 2869 2867 mensis
2898 2811 3159 2865 memoria
3190 2812 3457 2868 tubarum.

1878 2899 1985 2957 Sed
2014 2902 2136 2972 quis
2164 2910 2249 2956 est
2296 2900 2390 2971 qui
2416 2899 2761 2956 festivitatem
2797 2908 2951 2971 gerat
2978 2902 3253 2956 memoria:
3306 2901 3459 2955 tuba-

1877 3001 1996 3042 rum
2023 3026 2038 3053 ,
2080 2986 2183 3042 nisi
2215 2986 2307 3057 qui
2332 2994 2512 3055 potest
2539 2986 2836 3056 scripturas
2851 2985 3210 3054 .propheticas
3232 2993 3286 3041 et
3307 3000 3442 3041 evan

1876 3077 2074 3148 gelicas
2108 3085 2271 3147 atque
2305 3075 2650 3147 apostolicae,
2680 3090 2801 3145 quae
2828 3074 2976 3129 velut
2997 3074 3206 3129 caelesti
3230 3075 3460 3144 quadam

1877 3176 2169 3237 personant
2197 3166 2345 3232 tuba,
2377 3166 2639 3219 mandare
2661 3164 2957 3231 memoria),
2990 3173 3045 3219 et
3075 3165 3213 3219 intra
3242 3166 3463 3221 thesau~

190 3253 695 3322 deprehendantur,
734 3269 961 3322 eamque
1006 3252 1193 3309 curam
1248 3269 1572 3325 magnopere
1610 3253 1775 3310 fuisse
1803 3243 1847 3305 C
1881 3272 2000 3311 rum
2025 3256 2204 3311 cordis
2232 3255 2315 3310 sui
2345 3254 2675 3311 recondere?
2707 3252 2807 3320 Qui
2842 3266 2971 3325 ergo
3005 3254 3121 3309 hac
3150 3254 3279 3308 facit
3306 3263 3360 3309 et
3405 3255 3461 3309 in

188 3330 385 3396 divinae
414 3341 687 3411 maiestati
711 3358 816 3413 qua
859 3342 1111 3399 fermenti
1136 3342 1294 3413 hujus
1317 3359 1479 3400 causa
1506 3344 1775 3400 intantum

191 3446 252 3487 se
275 3432 421 3487 dicat
436 3432 655 3499 offendi,
674 3434 1005 3499 utanirnam,
1024 3450 1183 3504 quam
1200 3436 1315 3505 ipse
1330 3436 1697 3506 adimaginem
1720 3444 1776 3491 et

191 3520 600 3576 similitudinem
630 3536 782 3576 suam
798 3523 948 3589 fecit,
965 3523 1313 3593 exterminari
1331 3538 1431 3593 pro
1463 3524 1563 3578 hoc
1587 3521 1778 3590 jubeat

191 3619 247 3667 et
270 3611 459 3666 everti.
486 3610 604 3666 Non
630 3613 761 3667 mihi
791 3614 1005 3667 videtur
1032 3591 1149 3668 haec
1168 3591 1364 3669 divinis
1385 3613 1591 3684 legibus
1618 3614 1777 3685 digna

191 3715 315 3757 esse
359 3700 731 3774 intelligentia,
760 3703 853 3758 sed
879 3703 1007 3757 illud
1031 3704 1201 3773 magis
1246 3710 1350 3769 est,
1375 3705 1515 3772 quod
1560 3704 1775 3759 horres-

191 3792 288 3857 cit,
311 3792 504 3846 merito
517 3793 781 3848 horrescit
808 3795 967 3856 Deus,
992 3809 1037 3847 sr
1063 3794 1300 3858 malitias,
1326 3793 1370 3848 si
1394 3794 1506 3859 irae,
1523 3794 1568 3849 si
1590 3795 1776 3863 nequi-

193 3884 282 3939 tia:
304 3883 498 3953 spiritu
518 3882 820 3939 infirmetur
842 3885 1020 3937 anima
1037 3892 1090 3938 et
1105 3884 1429 3938 intumescat
1446 3885 1515 3937 ad
1534 3882 1735 3955 ﬂagitia
1755 3901 1770 3949 ;

192 3978 311 4033 haac
340 3992 447 4031 non
476 3976 590 4030 vult
616 3992 735 4032 esse
760 3978 815 4031 in
844 3978 1021 4031 anima
1054 3978 1217 4041 Deus,
1243 3985 1298 4050 et
1318 3976 1426 4030 tale
1450 3978 1774 4030 fermentum

191 4069 294 4125 nisi
318 4069 677 4135 abjecerimus
690 4070 755 4123 de
772 4069 930 4124 domo
948 4069 1140 4122 animae
1154 4077 1371 4132 uestrae,
1391 4067 1584 4121 merito
1596 4075 1774 4121 exter-

190 4158 536 4213 minabimur.
568 4159 674 4213 Sed
702 4174 769 4214 ne
798 4167 1134 4224 contemnas,
1176 4158 1389 4212 etiamsi
1421 4171 1643 4226 parvam
1690 4158 1768 4210 vi-

188 4248 339 4302 deris
366 4248 510 4302 intra
535 4256 587 4303 te
614 4246 928 4303 fermentari
967 4246 1248 4311 malitiam,
1282 4246 1406 4316 quia
1442 4265 1459 4297 ι
1505 4246 1771 4317 modicum
1812 4306 1819 4314 ,

185 4338 515 4393 fermentum
553 4345 717 4393 totam
750 4352 982 4392 massam
1027 4338 1322 4407 corrumpit
1365 4336 1425 4409 (Ι
1451 4335 1591 4389 ‘Cor.
1624 4336 1706 4407 v).
1748 4354 1766 4387 ι

188 4429 256 4483 Et
281 4428 401 4481 ideo
425 4442 599 4497 neque
624 4428 689 4482 de
714 4442 883 4497 parvo
901 4434 1124 4497 peccato
1151 4428 1407 4498 negligas,
1428 4426 1682 4497 quoniam
1704 4442 1771 4480 ex

186 4538 295 4575 uno
320 4529 540 4587 peccato
564 4527 854 4590 generatur
877 4528 930 4573 et
952 4518 1116 4578 aliud.
1136 4518 1287 4573 Sicut
1305 4518 1453 4572 enim
1476 4531 1542 4571 ex
1557 4517 1768 4587 juStitia

184 4618 477 4681 generatur
490 4610 717 4679 justitia,
733 4624 798 4663 ex
826 4608 1075 4663 castitate
1088 4608 1311 4662 castitas
1335 4605 1402 4678 (si
1425 4608 1568 4661 enim
1592 4606 1769 4675 primo

187 4700 422 4754 tenuiter
436 4708 619 4770 castus
630 4713 749 4753 esse
763 4698 1006 4767 cmperit,
1026 4706 1247 4766 accepto
1260 4696 1525 4751 castitatis
1540 4694 1769 4749 fermen-

188 4778 277 4857 to,
293 4790 531 4861 quotidie
553 4790 750 4844 castior
776 4790 1006 4844 ellicitur
1027 4808 1038 4842 :
1062 4789 1137 4842 ita
1158 4798 1212 4841 et
1233 4790 1324 4857 qui
1341 4786 1507 4842 semel
1522 4788 1663 4839 intra
1685 4801 1764 4850 se,

186 4883 315 4935 licet
334 4896 558 4950 parvum
592 4880 808 4935 malitiae
830 4880 1129 4949 reposuerit
1157 4881 1504 4945 fermentum,
1529 4879 1767 4948 quotidie

185 4955 479 5039 semetipso
502 4971 726 5039 nequior
761 4969 987 5025 efficitur
1013 4985 1077 5024 ac
1097 4970 1352 5025 deterior.
1379 4970 1444 5024 Et
1472 4970 1591 5024 ideo
1616 4970 1659 5023 si
1685 4970 1767 5025 vis

187 5074 352 5131 agere
396 5074 704 5129 azymorum
738 5060 1079 5116 festivitatem
1107 5077 1227 5115 cum
1256 5061 1385 5126 Deo,
1429 5078 1495 5115 ne
1545 5077 1768 5130 parvum

186 5151 406 5220 quidem
440 5150 654 5213 malitiae
680 5150 999 5206 fermentum
1023 5154 1161 5207 intra
1188 5162 1238 5206 te
1262 5154 1498 5207 residere
1525 5153 1765 5222 patiaris.

188 5244 319 5297 Post
350 5243 489 5295 hanc
519 5243 761 5311 sequitur
788 5251 939 5297 sexta
972 5244 1258 5305 festivitas,
1290 5260 1410 5312 qua:
1442 5245 1639 5297 dicitur
1663 5243 1766 5297 Νο-

192 5332 483 5395 vortim,~itl
513 5341 643 5395 est,_
685 5333 931 5401 primitiae
976 5334 1043 5388 dc
1095 5335 1249 5388 novis
1300 5332 1614 5389 offeruntur.
1667 5335 1767 5389 Ubi

191 5424 335 5479 enim
361 5424 658 5478 seminatus
706 5425 867 5478 fuerit
896 5440 1045 5494 ager,
1075 5425 1649 5496 diligenter‘excultus,
1682 5434 1766 5477 at-

193 5528 297 5583 que
318 5512 384 5567 ad
412 5514 779 5568 maturitatem
817 5514 1122 5583 pervenerit
1159 5530 1346 5585 seges,
1378 5524 1506 5569 tunc
1551 5514 1605 5567 in
1657 5513 1766 5567 fru-

193 5617 378 5663 ctuum
394 5605 720 5677 perfectione
738 5606 1002 5661 festivitas
1020 5606 1229 5660 Domini
1245 5607 1467 5675 geritur.
1506 5603 1559 5658 Si
1576 5620 1702 5674 ergo
1717 5614 1772 5660 et

196 5707 252 5753 tu
273 5698 355 5752 vis
370 5712 628 5752 novorum
653 5698 792 5752 diem
808 5694 1015 5752 'festum
1043 5712 1202 5766 agere
1228 5712 1349 5751 cum
1380 5695 1626 5759 Domino,
1649 5696 1771 5751 vide

196 5790 466 5862 quomodo
491 5788 744 5854 semines,
774 5797 864 5843 aut
895 5790 983 5843 ubi
1032 5790 1285 5857 semines,
1314 5798 1373 5843 ut
1418 5789 1592 5859 possis
1636 5789 1772 5845 tales

598 5880 865 5941 ΡΑτιιοι..
914 5879 1042 5943 CX.

1793 4576 1846 4635 D

1876 3347 1993 3419 lege
2015 3348 2229 3402 Domini
2280 3346 2569 3400 meditatur
2615 3344 2703 3399 die
2751 3358 2816 3398 ac
2864 3352 3025 3398 nocte
3074 3340 3332 3413 (Prata),
3361 3343 3463 3397 ista

1877 3434 2222 3491 festivitatem
2250 3434 2390 3506 gerit
2414 3434 2692 3489 memoriae
2728 3434 2997 3487 tubarum.
3038 3431 3145 3488 Sed
3176 3442 3248 3487 et.
3276 3433 3323 3487 si
3369 3437 3460 3504 qui

1875 3532 2054 3594 potest
2075 3524 2281 3596 gratias
2305 3524 2424 3579 illas
2455 3523 2628 3578 sancti
2656 3522 2892 3592 Spiritus
2918 3523 3243 3591 promereri,
3266 3524 3461 3594 quibus

1877 3614 2128 3684 inspirati
2164 3622 2291 3670 sunt
2341 3614 2637 3685 prophetes,
2668 3624 2723 3668 et
2765 3612 3001 3682 psallens
3029 3613 3211 3669 dicere
3243 3632 3256 3668 :
3294 3633 3313 3666 ‹
3354 3614 3444 3671 Ca-

1876 3706 1989 3760 nite
2010 3705 2063 3759 in
2096 3703 2251 3760 initio
2278 3704 2479 3759 mensis
2504 3702 2740 3769 tuba,,in
2772 3701 2860 3757 die
2886 3702 3115 3771 insignis
3145 3703 3458 3759 solemnita-

1877 3795 1947 3849 tis
1968 3792 2084 3861 ejus
2111 3792 2283 3865 (Psal.
2319 3790 2507 3864 un),
2540 3800 2595 3847 et
2619 3792 2711 3860 qui
2739 3792 2841 3845 scit
2873 3790 2927 3844 in
2949 3790 3179 3845 Psalmis
3205 3790 3456 3859 jubilare,

1874 3885 2035 3954 digne
2058 3882 2169 3937 Deo
2200 3882 2313 3949 agit
2337 3881 2739 3935 solemnitatem
2772 3881 3043 3935 tubarum.
3080 3881 3176 3934 Est
3204 3882 3379 3937 adhuc
3402 3894 3459 3938 et

1874 3974 1976 4027 alia
2006 3974 2271 4028 festivitas
2304 3987 2428 4027 cum
2466 3970 2706 4041 afﬂigunt
2750 3972 2961 4027 animas
3005 3987 3130 4027 suas
3180 3984 3234 4028 et
3283 3974 3456 4029 humi-

1874 4066 2027 4130 liant,
2054 4065 2150 4120 sed
2180 4079 2285 4119 non
2315 4064 2450 4119 festa
2498 4063 2856 4118 celebrantes.
2889 4064 2933 4118 Ο
2974 4067 3110 4120 mira
3160 4067 3452 4122 festivitas!

1874 4154 1998 4209 Dies
2029 4153 2199 4209 festus
2224 4161 2447 4209 vocatur
2476 4151 2692 4208 afﬂictio
2740 4153 2949 4208 animae.
2988 4174 3005 4206 ι
3048 4154 3146 4211 Hic
3173 4155 3339 4222 enim,
3370 4156 3453 4211 in-

1872 4246 2009 4315 quit,
2041 4245 2156 4301 dies
2184 4252 2268 4299 est
2302 4243 2724 4314 propitiationis,
2755 4244 2965 4299 decima
3006 4244 3094 4300 die
3126 4247 3326 4303 mensis
3372 4263 3456 4303 se-

1870 4339 2046 4410 ptimi.
2095 4358 2113 4391 ι
2157 4339 2319 4395 Vides
2364 4352 2511 4408 ergo,
2539 4338 2585 4393 si
2617 4338 2697 4392 vis
2753 4337 2897 4392 diem
2950 4337 3148 4393 festum
3196 4354 3377 4409 agere,
3410 4344 3455 4395 si

1870 4429 1953 4483 vis
1980 4438 2038 4482 ut
2062 4428 2274 4483 [tutetur
2320 4426 2462 4482 Deus
2510 4441 2672 4497 super
2708 4435 2777 4492 te,
2808 4424 2984 4497 afﬂige
3027 4428 3261 4482 animam
3308 4431 3455 4485 tuam

1870 4528 1927 4576 et
1950 4519 2171 4574 humilia
2200 4534 2339 4573 eam.
2372 4516 2488 4573 Non
2537 4518 2588 4573 ei
2615 4518 2898 4587 permittas
2928 4517 3146 4587 explere
3185 4519 3452 4575 desideria

1872 4629 1990 4678 sua,
2030 4628 2129 4667 nec
2157 4611 2422 4667 concedas
2446 4610 2496 4665 ei
2541 4609 2796 4664 lascivius
2821 4610 3055 4679 evagari,
3087 4610 3180 4664 sed
3205 4610 3255 4664 in
3279 4626 3451 4680 quau-

1873 4698 1983 4759 tnm
2014 4702 2131 4755 fieri
2159 4709 2355 4770 potest,
2384 4680 2555 4770 afﬂige
2584 4708 2639 4752 et
2687 4698 2910 4753 humilia
2938 4714 3077 4753 eam.
3128 4701 3368 4769 Denique
3399 4713 3454 4756 et

1871 4793 2089 4847 Pasehze
2137 4790 2403 4845 festivitas
2445 4798 2502 4843 et
2546 4803 2856 4859 azymorum
2906 4803 3101 4857 panem
3150 4787 3451 4846 afﬂictionis

1870 4885 2068 4939 habere
2098 4882 2314 4937 dicitur.
2344 4878 2454 4933 Nec
2486 4886 2663 4948 potest
2703 4878 2826 4947 quis
2855 4892 3014 4947 agere
3060 4878 3201 4934 diem
3229 4878 3444 4947 festum,

1869 4952 1975 5030 nisi
1996 4969 2297 5028 alﬂictionis
2325 4986 2516 5040 panem
2547 4968 2972 5034 manducaverit,
2999 4978 3054 5024 et
3081 4971 3442 5026 manducave-

1874 5065 1945 5118 rit
1965 5064 2163 5133 pascha
2207 5078 2327 5117 cum
2372 5058 2754 5114 amaritudine.
2796 5078 2813 5109 ί
2860 5058 3250 5114 Manducabitis
3277 5063 3443 5127 enim,

1875 5154 2068 5222 inquit,
2098 5166 2285 5222 azyma
2312 5165 2434 5204 cum
2466 5148 2849 5203 amaritudine.
2875 5167 2893 5198 ι
2929 5146 3090 5202 Vides
3111 5163 3237 5217 ergo
3261 5152 3448 5219 quales

1872 5252 1998 5295 sunt
2022 5241 2340 5295 festivitates
2361 5238 2476 5292 Dei.
2509 5236 2624 5292 Non
2653 5236 2917 5305 recipiunt
2961 5237 3296 5292 dulcedinem
3326 5255 3447 5293 cor-

1871 5334 2143 5403 poralem;
2175 5333 2306 5387 nihil
2339 5332 2646 5395 remissum,
2673 5330 2808 5383 nihil
2831 5330 3222 5399 voluptuosum,
3250 5341 3342 5385 aut
3365 5332 3444 5387 Iud

1872 5427 2145 5479 xuriosum
2166 5424 2370 5488 volunt,
2401 5424 2494 5478 sed
2546 5420 2887 5476 afﬂictionem
2915 5424 3127 5487 animm,
3155 5434 3209 5477 et
3249 5424 3443 5482 amari.

1873 5516 2129 5579 tudinem,
2164 5517 2625 5589 humilitatemque
2664 5519 2961 5591 deposcunt
2988 5535 3001 5573 :
3028 5521 3152 5591 quia
3185 5540 3202 5573 ι
3248 5522 3339 5591 qui
3384 5537 3445 5577 se

1872 5604 2137 5671 humiliat,
2188 5606 2301 5676 ipse
2345 5608 2668 5664 exaltabitur
2725 5609 2956 5680 (Matth.
3012 5610 3184 5682 χχιιι)
3232 5631 3249 5662 ι
3300 5612 3443 5682 apud

1874 5697 2059 5752 Deum.
2094 5696 2205 5752 Hoc
2229 5714 2357 5768 ergo
2378 5700 2617 5769 deposcit
2644 5710 2701 5756 et
2721 5702 3115 5771 propitiationis
3150 5702 3282 5757 dies.
3308 5702 3442 5758 Cum

1873 5787 2019 5842 enim
2046 5785 2241 5843 afﬂicta
2268 5786 2430 5844 fuerit
2455 5791 2633 5845 anima
2654 5799 2710 5846 et
2735 5791 3011 5846 humiliata
3056 5792 3110 5845 in
3150 5802 3443 5862 conspectu

2968 5880 3045 5943 33
