3950 6338
477 400 617 458 (035

1115 389 1176 444 Β.
1216 384 1470 443 RABANI
1508 381 1728 442 MAURI
1767 375 2088 435 ARCHIEP.
2128 370 2438 431 MOGUNT.
2481 367 2769 426 OPERUM
2808 363 2989 423 PARS
3028 366 3089 421 ll.

3620 363 3755 420 1036

480 508 875 583 Domini,‘tuhc
903 512 951 567 ei
978 508 1300 581 propitiatur
1329 506 1471 561 Deus
1505 522 1519 558 :
1555 510 1611 558 et
1656 510 1785 557 tunc
1832 496 1899 551 ad
1945 509 2067 551 eam
2096 498 2147 559 Α
2173 489 2287 546 riae.
2316 487 2466 543 Pone
2494 485 2742 551 virtutes,
2778 490 3097 555 potestates,
3126 478 3302 544 sedes,
3335 476 3757 542 dominationes,

478 608 628 667 venit
656 604 764 671 ille,
796 613 955 673 quem
996 597 1277 684 proposuit
1304 596 1445 651 Deus
1486 588 1921 664 propitiatorium
1970 600 2069 657 per

482 700 639 756 fidem
668 696 725 752 in
773 677 1034 762 sanguine
1080 702 1180 744 suo
1222 686 1475 743 Christus
1515 683 1672 738 .lesus
1722 677 1984 734 Dominus
2016 682 2071 730 et

481 788 809 857 Redemptor
853 781 969 851 ejus
995 779 1047 851 (I
1074 775 1351 847 Joanm).
1380 776 1498 830 Jam
1538 786 1665 828 vero
1692 770 1912 831 ultimus
1955 767 2070 857 dies

482 879 653 936 festus
682 856 799 939 Dei,
827 872 919 943 qui
946 872 1033 933 sit,
1068 884 1176 939 quo
1199 868 1341 923 Deus
1386 866 1601 921 laetatur
1635 862 1690 917 in
1726 860 1966 923 homine,
1990 856 2072 911 vi-

483 971 659 1024 deam.
719 961 1073 1033 Seenopegia,
1144 957 1339 1028 inquit.
1367 956 1606 1011 Laetatur
1650 966 1779 1023 ergo
1806 964 1968 1020 super
1998 956 2066 1011 te,

484 1074 614 1114 eum
666 1055 867 1112 viderit
892 1053 945 1107 in
974 1054 1081 1107 hoc
1106 1050 1309 1105 mundo
1338 1048 1394 1103 in
1433 1042 1798 1101 tabernaculis
1825 1040 2074 1096 habitan-

488 1158 617 1213 tem,
651 1160 776 1203 cum
804 1153 857 1200 te
891 1141 1086 1197 viderit
1111 1156 1219 1196 non
1253 1138 1451 1194 habere
1496 1135 1661 1189 ﬁxum
1691 1141 1746 1188 et
1789 1128 2073 1185 fundatum

484 1238 819 1295 animumac
848 1232 1183 1306 propositum
1217 1243 1378 1301 super
1407 1236 1600 1291 terras,
1636 1240 1733 1279 nec
1762 1221 2075 1277 desideran~
2133 1259 2143 1279 κ

488 1338 599 1384 tem
647 1340 769 1397 qua;
834 1332 1048 1378 terrena
1100 1327 1257 1385 sunt,
1302 1332 1404 1373 nec
1447 1315 1695 1371 umbram
1751 1313 1876 1366 vitae
1917 1309 2075 1378 hujus

488 1419 643 1492 quasi
668 1414 1063 1489 possessionem
1092 1411 1372 1483 propriam
1400 1415 1455 1463 et
1477 1413 1791 1477 perpetuam
1819 1403 2075 1472 deputan-

494 1524 623 1579 tem,
660 1510 757 1566 sed
786 1507 934 1563 velut
957 1506 1013 1561 in
1057 1505 1289 1560 transitu
1318 1502 1577 1573 positum,
1607 1507 1663 1552 et
1687 1497 1755 1551 ad
1783 1510 1967 1551 veram
2013 1493 2078 1547 il—

492 1606 537 1659 la
547 1619 597 1658 m
624 1600 857 1673 patriam
876 1598 1020 1654 unde
1039 1610 1293 1669 egressus
1315 1601 1418 1657 est,
1446 1589 1705 1663 paradisi,
1730 1587 2077 1643 festinantem

492 1709 557 1749 ac
569 1691 835 1746 dicentem
855 1705 867 1741 :
890 1706 907 1737 ι
926 1685 1103 1742 Incola
1116 1700 1214 1756 ego
1230 1698 1347 1739 sum
1361 1690 1415 1738 et
1447 1678 1765 1752 peregrinus
1787 1676 1926 1732 sicut
1957 1690 2076 1730 om-

491 1796 588 1835 nes
609 1788 789 1850 patres
807 1777 913 1832 mei
951 1774 1123 1848 (Psal.
1148 1773 1398 1841 xxxvrn).
1433 1792 1451 1823 ι
1478 1771 1533 1825 in
1553 1766 1913 1825 tabernaculis
1933 1765 2075 1821 enim

2170 593 2334 651 atque
2358 594 2519 641 omne
2547 592 2744 633 nomen
2767 575 3193 631 clarissimarum
3217 570 3635 639 coelestiumque
3651 569 3762 623 vir-

2173 678 2364 733 tutum,
2391 682 2498 722 non
2519 666 2718 731 solum,
2745 663 2888 733 quod
2913 662 2965 716 in
2992 660 3245 732 prmsenti
3274 657 3470 713 smculo
3509 656 3764 712 nomina-

2175 769 2282 824 tur,
2313 759 2410 815 sed
2432 757 2578 828 quod
2601 756 2767 812 etiam
2795 756 2850 808 in
2878 752 3079 807 futuro.
3112 751 3258 805 Inter
3277 749 3377 804 bos
3408 762 3604 802 omnes
3629 762 3763 803 eon-

2172 850 2373 913 sidera,
2406 856 2460 904 et
2483 844 2689 915 conjice
2720 840 2993 914 quomodo
3014 842 3097 912 agi
3127 840 3336 911 possint
3365 837 3483 893 dies
3508 835 3633 892 festi
3657 836 3766 891 Do-

2173 941 2473 1010 mini,qu:e
2523 938 2599 994 ibi
2644 935 2936 1000 festivitas,
2982 947 3103 1003 qua:
3149 931 3367 1003 gaudia,
3398 944 3519 1000 quae
3566 928 3767 983 lzetitia:

2140 1087 2147 1093 ,
2174 1031 2509 1104 magnitudo.
2541 1028 2677 1084 Nam
2706 1028 2773 1083 de
2808 1027 2895 1081 his
2921 1040 3059 1096 quas
3085 1040 3247 1096 supra
3276 1022 3513 1078 diximus
3542 1021 3765 1091 spirita-

2174 1122 2316 1177 libus
2360 1118 2762 1183 festivitatibus,
2796 1117 2963 1171 etiam
3012 1114 3057 1171 si
3101 1127 3308 1185 magnze
3362 1119 3491 1167 sunt
3541 1118 3598 1164 et
3642 1123 3772 1164 vere

2173 1212 2457 1284 prmeipuaa
2476 1226 2598 1266 cum
2626 1207 2942 1281 spiritaliter
2970 1214 3232 1278 geruntur
3254 1204 3306 1257 in
3336 1202 3517 1256 anima
3539 1242 3556 1267 ,
3584 1208 3769 1255 tamen

2176 1317 2242 1358 ex
2267 1310 2423 1373 parte
2452 1308 2600 1365 sunt,
2636 1314 2746 1355 non
2762 1314 2841 1354 ex
2868 1298 3098 1367 integro.
3130 1296 3208 1350 Ex
3233 1302 3387 1365 parte
3424 1308 3558 1363 ergo
3586 1292 3639 1347 in
3666 1291 3769 1346 hoc

2177 1390 2378 1447 mundo
2389 1391 2561 1446 sancti
2577 1397 2741 1461 agunt
2755 1388 2897 1443 diem
2916 1386 3133 1452 festum,
3148 1385 3272 1454 quia
3284 1400 3349 1440 ex
3380 1392 3536 1454 parte
3572 1383 3772 1445 sciunt,

2178 1492 2231 1539 et
2248 1498 2315 1539 ex
2338 1492 2494 1554 parte
2508 1482 2852 1553 prephetant.
2869 1478 3003 1534 Cum
3019 1487 3199 1533 autem
3225 1475 3498 1539 venerint,
3513 1490 3640 1544 qua:
3653 1489 3777 1543 per-

2179 1574 2318 1630 fecta
2353 1580 2501 1638 sunt,
2525 1573 2806 1628 destruent
2843 1571 2944 1626 ista
2983 1583 3198 1639 qum-ex
3224 1576 3379 1639 parte
3412 1573 3540 1620 sunt
3565 1564 3628 1638 (1
3650 1563 3775 1618 Cor.

2180 1663 2328 1734 xm).
2363 1661 2675 1718 Sicutenim
2700 1660 2955 1731 perfectae
2978 1659 3219 1715 scientia:
3240 1658 3385 1715 cedit
3418 1658 3549 1722 ista,
3576 1672 3700 1727 qua:
3712 1671 3778 1711 ex

2181 1764 2334 1825 parte
2360 1762 2462 1821 est,
2478 1753 2798 1825 etperfectze
2813 1751 3112 1824 prophetia:
3138 1749 3279 1806 cedit
3298 1750 3423 1815 ista,
3442 1764 3567 1818 quae
3578 1762 3641 1802 ex
3662 1763 3781 1817 par-

496 1840 1237 1948 habita-veruntetpatres,et
1252 1860 1827 1925 Abrahamincasulis,
1847 1859 2017 1920 idest,
2034 1857 2087 1911 in
2120 1858 2165 1917 B
2197 1855 2247 1901 le
2276 1846 2484 1902 esttila
2516 1855 2573 1900 ει
2606 1844 2859 1915 perfecta:
2891 1842 3194 1908 fcslit'ilali,
3216 1840 3359 1897 cedit
3391 1841 3522 1905 ista.
3550 1854 3675 1909 quze
3712 1855 3779 1895 ex

496 1961 864 2018 tabernaculis
875 1960 1271 2016 babitavitcum
1284 1958 1432 2013 lsaac
1447 1964 1501 2011 et
1522 1954 1689 2011 Iacob
1709 1950 2083 2011 cohaeredibus

495 2054 830 2110 remissionis
851 2051 1110 2121 ejusdem.
1133 2050 1267 2107 Cum
1292 2065 1422 2121 ergo
1454 2047 1630 2103 incola
1653 2045 1822 2100 fueris
1849 2053 1904 2099 et
1932 2058 2085 2113 pere-

495 2145 682 2218 grinus
703 2144 757 2199 in
788 2144 968 2206 terris,
1000 2150 1056 2196 et
1094 2156 1198 2196 non
1218 2148 1302 2195 est
1322 2153 1475 2194 mens
1496 2147 1587 2193 tua
1617 2137 1724 2191 fixa
1766 2144 1821 2205 et
1844 2135 2087 2189 radicata

498 2238 555 2290 in
568 2234 853 2290 desideriis
871 2242 1230 2295 terrenarum,
1246 2230 1339 2285 sed
1353 2239 1573 2299 paratus
1595 2243 1673 2291 es,
1691 2236 1750 2281 ut
1778 2226 1886 2282 cito
1914 2234 2090 2280 trans-

490 2331 683 2397 t-as,et
705 2328 932 2392 paratus
955 2332 1016 2372 es
1042 2315 1347 2373 extendere
1372 2323 1423 2369 te
1452 2326 1670 2381 semper
1711 2311 1775 2365 ad
1806 2307 2086 2364 anteriora

491 2416 659 2484 (Phil.
691 2413 796 2485 In),
834 2427 1123 2482 usquequo
1162 2407 1456 2481 pervenias
1489 2409 1556 2462 ad
1591 2418 1791 2461 terram
1820 2403 2084 2459 fluentem

489 2510 573 2567 lic
593 2520 649 2565 et
674 2510 800 2566 mel.
826 2517 881 2563 et
901 2505 1274 2561 hereditatem
1299 2504 1480 2574 capias
1501 2502 1808 2558 futurorum
1834 2514 1848 2551 :
1871 2498 1914 2554 si
1937 2508 1987 2553 te
2007 2496 2090 2551 in-

498 2608 684 2662 quam,
701 2592 934 2662 positum
952 2590 1006 2643 in
1023 2589 1110 2643 his
1125 2587 1307 2642 videat
1325 2587 1483 2648 Deus,
1501 2585 1712 2639 laetatur
1726 2584 1779 2638 in
1796 2592 1868 2648 te,
1885 2590 1937 2636 et
1951 2582 2091 2637 diem

503 2685 701 2739 festum
746 2690 869 2753 aget
902 2695 1067 2750 super
1095 2688 1166 2733 te.
1198 2677 1323 2732 Haec
1350 2675 1569 2746 quidem
1619 2675 1672 2728 in
1716 2674 1990 2744 praesenti.
2034 2672 2090 2725 ln

502 2773 685 2826 futuro
722 2784 853 2824 vero
875 2810 889 2833 ,
924 2769 969 2823 si
1007 2768 1090 2821 vis
1127 2765 1473 2821 considerare
1505 2764 1776 2834 quomodo
1814 2762 1931 2816 dies
1970 2760 2092 2815 festi

503 2869 757 2930 agantur,
782 2859 929 2927 erige
956 2855 1227 2926 paululum
1250 2855 1294 2909 si
1321 2862 1476 2923 potes
1499 2867 1691 2908 sensus
1723 2859 1845 2906 tuos
1866 2866 1895 2904 a
1920 2857 2089 2912 terra,

502 2959 560 3003 et
587 2948 910 3005 obliviscere
936 2944 1210 3016 paulisper
1245 2937 1359 2998 haec
1400 2957 1518 3012 qua“:
1553 2941 1822 2996 habentur
1843 2939 1898 2993 in
1930 2936 2089 2991 faeie.

509 3039 767 3095 Describe
788 3051 920 3091 vero
947 3036 1041 3091 tibi
1071 3033 1341 3105 quomodo
1363 3033 1559 3087 coelum
1583 3040 1638 3086 et
1661 3038 1806 3085 terra
1830 3034 2089 3089 transeat,

505 3140 562 3185 et
609 3128 807 3183 transit
845 3126 1020 3181 omnis
1068 3126 1158 3179 hic
1200 3112 1416 3179 habitus
1461 3120 1669 3175 mundi.
1716 3117 1925 3174 Caelum
1964 3129 2091 3170 vero

2185 1949 2339 2010 parte
2366 1947 2449 1994 est
2472 1936 2759 1993 festivitas.
2783 1936 2967 2007 Neque
2990 1934 3313 2005 enim,quod
3347 1932 3650 2003 perfectum
3673 1940 3778 1997 est,

2186 2030 2419 2085 mundus
2450 2029 2551 2083 iste
2581 2042 2777 2098 capere
2814 2034 3027 2097 potest;
3055 2024 3167 2089 ubi,
3199 2033 3259 2078 ut
3287 2024 3549 2088 diximus,
3586 2035 3780 2077 ncces—

2187 2121 2324 2176 sitas
2350 2118 2614 2189 corporis,
2652 2134 2796 2173 nunc
2826 2116 3031 2182 cibum,
3060 2130 3203 2170 nunc
3233 2123 3441 2184 potum,
3467 2129 3616 2168 nunc
3640 2127 3784 2168 som-

2188 2226 2315 2265 num
2340 2209 2599 2280 suggerit,
2620 2222 2763 2263 nunc
2787 2208 2954 2262 etiam
2975 2214 3449 2276 quantamennque
3472 2202 3783 2259 necessario

2187 2304 2312 2358 vita:
2362 2301 2650 2372 prtesentis
2700 2297 3119 2354 sollicitudinem
3174 2305 3390 2360 movet;
3423 2296 3545 2365 quae
3599 2292 3784 2347 omnia

2189 2393 2594 2460 interrumpunt
2623 2389 2739 2444 sine
2774 2388 2938 2443 dubio
2962 2386 3420 2443 continuationem
3467 2382 3786 2438 festivitatis

2193 2484 2307 2539 Dei.
2358 2482 2495 2539 Cum
2540 2490 2724 2536 autem
2774 2480 2986 2535 venerit
3039 2478 3189 2544 illud,
3214 2476 3359 2547 quod
3404 2477 3611 2532 dictum
3658 2483 3785 2538 est,

2192 2574 2259 2629 de
2288 2573 2373 2629 his
2399 2572 2491 2643 qui
2520 2571 2877 2627 restituentur
2909 2570 2965 2624 in
2994 2578 3202 2633 sancta,
3235 2568 3281 2623 si
3312 2576 3494 2622 tamen
3520 2574 3577 2620 et
3606 2580 3706 2620 nos
3732 2573 3789 2617 et

2192 2679 2261 2719 cx
2291 2663 2378 2718 his
2399 2677 2519 2717 esse
2544 2676 2853 2717 mereamur
2880 2660 2973 2730 qui
3008 2650 3327 2716 restituendi
3370 2665 3519 2723 sunt,
3550 2657 3641 2725 qui
3687 2671 3786 2711 ne-

2194 2768 2299 2825 que
2327 2753 2587 2818 esurient,
2616 2766 2793 2822 neque
2822 2752 3027 2817 sitient,
3059 2765 3237 2821 neque
3266 2750 3655 2813 dormitabunt,
3684 2763 3787 2803 ne-

2194 2859 2300 2915 que
2321 2843 2664 2909 laborabunt,
2686 2843 2779 2898 sed
2805 2850 2965 2897 erunt
2990 2840 3280 2913 pervigiles
3300 2840 3441 2896 sicut
3465 2837 3787 2909 angelorum

2194 2935 2304 2989 vita
2332 2932 2557 3004 pervigil
2588 2933 2807 2999 dicitur,
2840 2946 2961 2986 cum
3008 2931 3061 2985 in
3094 2930 3245 2986 illum
3285 2929 3533 2984 ordinem
3571 2925 3795 2981 restitui

2195 3025 2548 3079 merebuntur
2569 3063 2584 3088 ,
2620 3032 2749 3077 tunc
2772 3021 2878 3077 erit
2897 3022 3039 3076 vera'
3055 3029 3107 3076 et
3131 3022 3445 3089 incorrupta
3475 3016 3743 3072 festivitas
3767 3033 3785 3069 :

2196 3115 2351 3186 cujus
2392 3113 2703 3169 festivitatis
2736 3114 2990 3182 princeps
3045 3120 3101 3166 et
3139 3125 3368 3181 sponsus
3419 3118 3477 3163 et
3516 3106 3781 3161 Dominus

507 3233 711 3273 novum
728 3225 782 3272 ct
808 3230 947 3270 nova
978 3224 1119 3284 terra
1151 3212 1426 3268 fundetur.
1464 3210 1669 3264 Amove
1692 3207 1760 3263 de
1786 3205 2093 3275 conspecti-
2122 3216 2166 3279 (ζ
2198 3210 2306 3265 erit
2355 3210 2467 3279 ipse
2503 3206 2957 3281 JesusChristus
3006 3204 3257 3261 Salvator
3307 3211 3513 3257 noster.
3542 3200 3651 3255 Sed
3696 3199 3788 3254 his

508 3309 610 3362 bus
640 3307 746 3361 tuis
778 3307 942 3362 etiam
979 3304 1108 3360 solis
1138 3301 1298 3371 hujus
1338 3300 1534 3365 lucem,
1569 3307 1624 3353 et
1657 3298 1724 3352 da
1764 3297 1839 3352 illi
1870 3295 2089 3358 mundo,

509 3400 603 3468 qui
651 3406 913 3453 venturus
959 3406 1063 3463 est,
1101 3395 1229 3450 solis
1285 3394 1446 3463 hujus
1498 3390 1805 3461 septuplum
1855 3389 2032 3442 lumen
2079 3404 2093 3439 :

510 3488 621 3543 imo
640 3488 821 3557 potius
842 3482 1460 3557 secundumiscripturm
1500 3481 1879 3535 auctoritatem
1924 3477 2096 3547 ipsum

512 3577 565 3635 ei
593 3556 662 3633 da
688 3577 994 3633 Dominum.
1024 3556 1221 3631 Lucem
1253 3588 1414 3644 pone,
1456 3581 1699 3627 astantes
1730 3568 1950 3641 angelos
1981 3568 2094 3639 διο-

591 3742 971 3756 Ἥ

976 3741 1367 3753 Μ

1374 3740 1662 3750 .-αα-γφο-ο
1680 3737 1953 3747 ..ρ-..νφσ--μ
1988 3736 2041 3745 .—

2204 3301 2276 3355 ita
2302 3298 2594 3371 prmlibatis
2620 3299 2674 3353 in
2705 3296 2930 3369 singulis
2958 3292 3362 3357 festivitatibus,
3390 3305 3529 3360 quas
3556 3288 3797 3344 oblatio—

2204 3406 2299 3446 nes
2319 3387 2514 3444 oﬁ‘erre
2544 3388 2795 3452 debeant,
2826 3400 3059 3455 sequens
3104 3383 3241 3439 liber
3285 3382 3644 3444 demonstrat,
3673 3390 3802 3449 my-

2205 3481 2504 3550 sticamque
2544 3476 2976 3532 observationem
3004 3488 3192 3528 earum
3228 3471 3377 3527 brevi
3421 3483 3677 3526 sermone
3707 3468 3802 3523 de-

2208 3576 2493 3624 monstrat.
3428 3578 3431 3583 '

3533 3724 3791 3741 ——--

1510 3889 1810 3964 LIBER
1892 3881 2338 3962 DECIMUS
2416 3877 2767 3959 NONUS

906 4124 1255 4196 SEQUITUR
1286 4124 1513 4180 CAPUT
1552 4124 1711 4178 XLV.

598 4247 618 4282 ι
663 4226 789 4281 ιιωο
814 4222 942 4277 dicit
973 4216 1391 4273 Dominus'Deus
1416 4234 1429 4269 :
1476 4215 1530 4269 In
1558 4215 1735 4285 primo
1766 4228 1973 4278 mense,
2003 4228 2107 4289 una

530 4341 548 4374 ι
593 4316 794 4375 mensis
821 4325 1003 4368 sumes
1032 4306 1259 4363 vitulum
1302 4306 1369 4361 de
1405 4314 1650 4360 armento
1679 4303 2106 4369 immaculatum,

535 4430 549 4461 ι
594 4416 649 4464 et
671 4403 912 4476 expiabis
933 4397 1322 4455 sanetuarium.
1354 4395 1423 4449 Et
1448 4395 1596 4450 tollet
1619 4395 1871 4451 sacerdos
1893 4395 1958 4450 de
1984 4408 2107 4447 san-

2219 4139 2237 4169 ‹
2280 4117 2617 4174 solemnitate
2642 4116 2825 4181 faciet,
2872 4118 3013 4171 sicut
3042 4132 3205 4188 supra
3231 4118 3377 4175 dicta
3410 4131 3539 4176 sunt
3583 4138 3685 4194 per
3712 4088 3824 4180 se-j

2218 4230 2236 4262 ‹
2283 4220 2426 4280 ptem
2457 4210 2572 4295 dies
2599 4216 2706 4261 tam
2748 4222 2844 4276 pro
2868 4215 3113 4277 peccato,
3140 4224 3301 4279 quam
3333 4226 3432 4281 pro
3461 4212 3798 4279 holocausta,

2218 4320 2235 4351 ι
2277 4309 2332 4354 et
2362 4300 2413 4353 in
2451 4297 2719 4353 sacrificio
2761 4305 2815 4351 et
2853 4296 2905 4351 in
2934 4296 3073 4352 oleo.
3110 4316 3126 4349 ι
3178 4296 3447 4370 (ΙΙίει-οη.)
3478 4299 3677 4356 Totum
3713 4318 3803 4357 ca-

2211 4394 2437 4464 pitulum
2479 4394 2655 4463 posui,
2695 4409 2762 4448 ne
2791 4393 3020 4448 divisum
3050 4408 3146 4462 per
3168 4394 3389 4464 ‘singula
3423 4395 3656 4466 legentis
3684 4398 3799 4451 ani-

597 4499 758 4571 guine
809 4492 950 4563 quod
981 4491 1085 4545 erit
1113 4504 1211 4558 pro
1231 4495 1478 4557 peccato,
1521 4496 1574 4540 et
1593 4496 1754 4557 ponet
1784 4486 1835 4540 in
1869 4487 2110 4555 postibus
2138 4480 2188 4539 D
2215 4500 2359 4540 mum
2399 4485 2767 4539 conturbaret.
2824 4483 2889 4536 Et
2924 4483 3159 4553 primum
3217 4484 3282 4537 de
3340 4484 3803 4554 interpretationis

536 4610 551 4641 ι
597 4590 814 4647 domus,
844 4590 899 4638 et
926 4582 978 4636 in
1009 4588 1241 4650 quatuor
1267 4576 1477 4647 angulis
1504 4577 1795 4646 crepidinis
1822 4575 2030 4638 altaris,
2061 4584 2111 4629 et

539 4702 554 4732 ε
603 4682 656 4734 in
682 4676 927 4748 postibus
968 4679 1139 4741 porta}
1165 4669 1287 4723 atrii
1322 4667 1612 4723 interioris.
1647 4666 1714 4732 Et
1737 4668 1816 4721 sic
1856 4666 2020 4721 facies
2062 4667 2114 4720 in

540 4792 556 4822 ι
600 4769 828 4839 septima
854 4763 1052 4819 mensis
1068 4776 1165 4831 pro
1193 4774 1516 4828 unoquoque
1537 4758 1630 4828 qui
1671 4757 2115 4827 ignoraviteter-

543 4881 559 4913 ι
608 4874 732 4915 rore
759 4858 1010 4924 deceptus
1035 4861 1139 4916 est,
1168 4859 1224 4903 et
1250 4850 1492 4920 expiahis
1520 4865 1618 4919 pro
1647 4851 1823 4904 domo.
1864 4848 1919 4902 ln
1943 4849 2115 4918 primo

545 4969 558 4999 ς
608 4961 811 5008 mense,
827 4951 1018 5015 quarta
1036 4941 1239 4995 decima
1260 4939 1348 4993 die
1372 4939 1591 5001 mensis,
1607 4938 1713 4991 erit
1734 4938 1885 4993 vobis
1906 4938 2116 5006 pascha:

548 5061 561 5091 ι
605 5036 934 5093 solemnitas.
973 5021 1186 5101 Septem
1218 5030 1406 5083 diebus
1434 5043 1622 5098 azyma
1653 5030 2019 5083 comedentur.
2054 5028 2117 5082 Et

547 5154 563 5184 ι
614 5132 771 5186 faciet
803 5129 1051 5197 princeps
1085 5126 1139 5179 in
1164 5123 1250 5178 die
1291 5122 1378 5175 illa
1420 5136 1519 5190 pro
1550 5136 1607 5176 se
1655 5130 1711 5176 ct
1737 5136 1834 5191 pro
1867 5122 2117 5175 universo

548 5248 563 5273 ς
611 5221 803 5292 populo
834 5228 990 5272 terrae
1036 5215 1260 5269 vitulum
1311 5228 1410 5283 pro
1450 5221 1692 5283 peccato.
1741 5212 1810 5266 Et
1832 5212 1885 5266 in
1914 5220 2116 5281 septem

550 5335 565 5364 I
614 5313 820 5366 dierum
841 5307 1182 5364 solemnitate
1198 5304 1355 5363 faciet
1372 5303 1742 5358 holocaustum
1759 5302 1985 5356 Domino
2004 5319 2017 5355 :
2035 5317 2120 5356 se-

551 5424 566 5451 .-
611 5411 755 5474 ptcm
787 5398 978 5453 vitulos
1005 5406 1057 5451 et
1085 5404 1287 5465 septem
1322 5395 1520 5449 arietes
1550 5392 1920 5448 immaculatos
1948 5393 2122 5462 quoti-

552 5514 572 5546 ο
616 5495 704 5549 die
728 5501 929 5562 septem
962 5490 1149 5545 diebus
1172 5529 1185 5553 ,
1221 5496 1277 5543 ct
1302 5502 1398 5558 pro
1432 5495 1655 5556 peccato
1684 5487 1891 5541 hircum
1934 5501 2121 5557 capra-

556 5603 575 5635 ι
624 5600 740 5639 rum
764 5581 1001 5653 quotidie
1029 5597 1043 5646 ;
1074 5590 1131 5634 et
1150 5578 1474 5635 sacriﬁcium
1511 5579 1634 5649 ephi
1662 5594 1757 5648 per
1779 5580 2021 5642 ,vitulnm
2069 5587 2122 5632 ct

556 5696 572 5730 ι
618 5677 739 5747 ephi
768 5691 863 5747 per
908 5675 1129 5730 arietem
1179 5671 1372 5737 faciet,
1413 5679 1468 5726 et
1508 5672 1612 5726 olei
1652 5672 1743 5726 hin
1792 5680 1887 5742 per
1916 5672 2121 5743 singula

558 5784 577 5816 ι
622 5764 762 5834 ephi.
793 5762 1030 5833 septimo
1059 5774 1260 5825 mense,
1285 5760 1469 5830 quinta
1504 5760 1710 5814 decima
1740 5760 1824 5813 die
1844 5760 2042 5815 mensis
2068 5760 2119 5813 in

2212 4578 2473 4631 varietate
2501 4575 2786 4630 dicendum
2821 4583 2922 4629 est.
2972 4574 3071 4629 Ubi
3112 4588 3209 4629 nos
3245 4575 3587 4645 interpretati
3618 4592 3803 4633 sumus

2221 4688 2239 4718 ‹
2268 4668 2319 4722 in
2348 4677 2579 4737 quatuor
2604 4662 2813 4737 angulis
2841 4665 3368 4739 crcpidinisraltaris,
3403 4686 3422 4717 ι
3451 4656 3799 4741 Septuaginta

2219 4760 2629 4826 transtulerunt,
2687 4778 2704 4811 ι
2737 4768 2791 4813 et
2816 4774 2978 4828 super
3002 4767 3234 4827 quatuor
3268 4759 3496 4829 angulos
3532 4760 3720 4829 templi
3750 4772 3803 4815 et

2187 4868 2378 4926 super
2402 4853 2572 4907 altare
2600 4870 2612 4903 :
2649 4871 2667 4903 ι
2714 4851 2780 4905 Ει
2808 4851 2897 4905 ubi
2926 4865 3022 4905 nos
3063 4849 3320 4915 diximus,
3377 4868 3396 4901 ι
3424 4864 3523 4920 pro
3555 4865 3803 4919 unoquo—

2217 4961 2321 5015 que
2350 4946 2442 5015 qui
2486 4943 2763 5015 ignoravit
2786 4951 2842 4997 et
2871 4955 3058 4997 errore
3088 4940 3347 5011 deceptus
3380 4950 3484 5007 est,
3519 4960 3539 4993 ι
3603 4940 3682 4995 illi
3709 4958 3805 5013 po.

2218 5044 2462 5100 Sin-runt,
2502 5053 2519 5084 ι
2550 5049 2647 5103 pro
2670 5033 2947 5101 ignorante
2970 5041 3023 5084 et
3045 5046 3141 5100 pro
3172 5031 3417 5100 parvulo.
3456 5051 3475 5084 ι
3504 5031 3564 5086 In
3586 5048 3657 5088 eo
3681 5048 3808 5103 quo-

2219 5142 2322 5197 que
2337 5125 2422 5179 ubi
2450 5140 2545 5180 nos
2562 5125 2815 5188 diximus,
2837 5142 2855 5173 ι
2879 5130 2933 5176 et
2953 5122 3278 5176 sacrificium
3294 5122 3415 5191 ephi
3432 5136 3531 5190 per
3553 5123 3803 5186 vitulum,

2219 5227 2273 5270 et
2313 5216 2433 5285 ephi
2461 5230 2558 5285 per
2598 5214 2857 5284 parietem
2897 5211 3088 5278 faciet,
3128 5221 3183 5266 et
3211 5212 3312 5267 olei
3335 5212 3426 5265 hin
3462 5226 3563 5282 per
3599 5215 3805 5285 singula

2220 5308 2375 5377 ephi;
2406 5326 2423 5357 ι
2451 5305 2658 5360 illorum
2687 5303 2851 5357 editio
2873 5310 3029 5359 tenet
3068 5322 3086 5353 ι
3117 5312 3171 5356 et
3194 5301 3520 5356 sacrificium
3536 5304 3805 5357 eteoctio-

2222 5415 2343 5455 ncm
2361 5398 2525 5452 vitulo
2541 5406 2595 5451 et
2618 5399 2916 5451 coctionem
2932 5395 3089 5449 arieti
3116 5394 3267 5449 dabis
3290 5401 3342 5447 ct
3362 5393 3465 5447 olei
3489 5394 3584 5448 hin
3607 5395 3807 5449 coctio-

2222 5491 2323 5546 nis.
2356 5509 2375 5541 ι
2402 5490 2459 5543 ln
2481 5497 2726 5544 extremo
2752 5502 2964 5557 quoque
2996 5485 3279 5550 versiculo,
3311 5484 3403 5538 ubi
3425 5499 3527 5538 nos
3552 5485 3803 5548 diximus,

2224 5582 2279 5636 in
2306 5579 2568 5636 sacriﬁcio
2592 5586 2645 5633 et
2675 5579 2729 5633 in
2756 5577 2894 5643 oleo,
2914 5576 3254 5631 illidixerunt
3272 5615 3287 5639 ,
3314 5593 3333 5625 ί
3353 5575 3492 5628 sicut
3514 5574 3569 5628 in
3592 5590 3805 5639 manas,

2225 5676 2363 5732 sicut
2392 5674 2443 5728 in
2470 5672 2606 5729 oleo.
2648 5691 2666 5725 ι
2698 5670 2754 5725 In
2783 5670 2978 5741 primo,
3008 5668 3201 5738 inquit,
3229 5682 3412 5723 mense
3441 5675 3499 5722 et
3520 5668 3700 5736 prima
3730 5667 3809 5720 die

2227 5765 2425 5821 mensis
2451 5782 2464 5816 :
2492 5761 2635 5817 haud
2657 5762 2873 5816 duhium
2905 5760 3033 5829 quin
3056 5760 3219 5815 Nisan
3242 5758 3507 5830 significat
3542 5778 3554 5813 :
3587 5779 3605 5811 ι
3633 5772 3808 5814 sumus
