3924 6318
247 317 378 371 1057

1162 311 1513 367 (ῘΟΜΜΕΝΤ.
1553 312 1618 366 IN
1661 312 2107 369 EZECHIELEM.
2151 344 2217 354 —-
2258 314 2383 368 LIB.
2428 313 2566 368 XIX.

3338 317 3476 374 1053

233 428 464 501 vitulum
487 426 553 481 de
594 433 858 489 armento,
889 438 992 477 non
1023 424 1112 492 qui
1141 426 1282 478 domi
1310 424 1544 479 nutritus
1573 425 1662 490 sit,
1712 426 1806 480 sed
1836 430 1882 488 Λ
1912 434 1965 480 et
1989 426 2233 496 expietur
2260 427 2645 481 sanctuarium.
2702 444 2718 477 ι
2754 426 2817 481 Et
2862 426 3032 493 tollet,
3075 428 3266 499 inquit,
3296 445 3477 488 sacer-

234 537 329 592 qut
360 520 412 574 in
440 527 705 582 armento,
746 518 847 572 hoc
888 525 989 583 est,
1022 518 1087 572 de
1121 532 1280 589 grege
1311 527 1364 572 et
1389 534 1613 574 numero
1638 518 1807 589 pluri-

233 623 470 667 morum.
512 627 531 660 ι
564 607 621 661 In
651 608 876 676 septima
903 623 1117 677 quoque
1142 609 1341 663 mensis
1365 610 1599 680 ejusdem
1630 610 1753 675 die;
1784 629 1803 661 ι

232 714 357 770 qua:
384 699 500 754 dure
530 698 915 763 solemnitates,
945 699 1048 753 hoc
1076 708 1176 763 est,
1206 699 1363 768 primi
1412 701 1610 756 mensis
1637 700 1809 771 ptjtna

234 786 375 854 dies,
391 787 626 858 ejusdem
658 787 884 857 septima
912 787 965 841 in
992 788 1106 859 lege
1137 788 1367 844 Mosaica
1389 805 1494 845 non
1521 792 1807 867 habentur.

235 880 496 951 Quartum
525 881 789 935 decimum
824 890 1004 935 autem
1035 881 1174 935 diem
1208 883 1427 947 mensis,
1476 897 1583 952 quo
1606 882 1807 952 pascha

232 972 559 1035 celebratur,
582 977 635 1024 et
650 969 857 1040 Moyses
886 970 1124 1039 praecipit
1151 971 1566 1037 observandum,
1594 973 1808 1043 quando

234 1069 443 1131 septem
468 1061 655 1115 diebus
676 1076 862 1131 azyma
886 1061 1232 1116 comedimus.
1266 1061 1524 1129 Quartam
1551 1078 1679 1118 vero
1715 1078 1805 1119 so-

232 1149 563 1204 lemnitatem
584 1188 599 1213 ,
648 1148 713 1201 de
741 1164 845 1217 qua
874 1149 1002 1202 dicit
1029 1165 1041 1200 :
1077 1167 1095 1199 ι
1126 1147 1365 1218 Septimo
1410 1164 1593 1205 mense
1619 1151 1807 1220 quinta

232 1240 442 1294 decima
473 1238 558 1294 die
596 1240 796 1294 mensis
850 1240 903 1293 in
947 1238 1316 1305 solemnitate,
1349 1259 1366 1291 ι
1415 1249 1546 1306 etc.,
1595 1242 1808 1296 videtur

231 1334 364 1387 mihi
412 1332 713 1402 signiﬁcare
761 1331 1145 1401 Scenopegiam
1174 1373 1189 1396 ,
1234 1347 1407 1410 quam.
1442 1331 1531 1386 hic
1558 1331 1675 1387 sine
1705 1346 1804 1385 no-

231 1422 378 1476 mine
407 1421 600 1489 posuit.
650 1420 943 1475 Curramus
968 1437 1095 1489 ergo
1119 1421 1183 1474 ad
1210 1421 1438 1490 singula,
1481 1428 1538 1475 et
1567 1420 1694 1491 quid
1719 1436 1808 1476 no-

228 1510 313 1565 bis
342 1508 872 1587 videatur,~breviter
899 1509 1246 1564 disseramus.
1278 1510 1411 1565 Esse
1441 1510 1804 1566 solemnitates

227 1600 501 1669 spiritales
542 1608 597 1653 et
648 1598 934 1669 Apostolus
967 1599 1155 1653 docet:
1210 1618 1227 1650 ι
1267 1598 1344 1654 Ne
1383 1615 1511 1671 ergo
1552 1601 1671 1670 quis
1710 1616 1805 1656 vos

224 1690 428 1760 judicet
452 1689 503 1743 in
525 1690 644 1743 cibo
673 1697 728 1744 et
752 1696 899 1759 potu,
929 1690 1093 1743 autin
1123 1697 1277 1759 parte
1305 1690 1680 1756 solemnitatis,
1712 1701 1806 1746 aut

1908 514 2007 569 dos
2050 516 2114 569 de
2159 515 2417 585 sanguine
2443 516 2585 585 ejus,
2633 515 2773 591 quod
2810 518 2913 571 erit
2960 532 3058 588 pro
3092 529 3315 588 peccato
3360 536 3476 576 om-

1909 606 2076 659 nium.
2111 625 2129 657 ι
2168 605 2271 673 Qui
2297 606 2417 660 aliis
2443 606 2621 661 verbis
2654 622 2823 678 agnus
2860 608 3171 678 appellatur,
3205 609 3260 664 in
3292 610 3478 669 Exodo

1908 701 1960 747 et
2012 695 2064 748 in
2115 694 2423 764 Evangelia,
2450 696 2686 765 Baptista
2734 696 2940 751 Joanne
2984 699 3229 754 dicente:
3287 720 3305 752 ι
3340 700 3478 758 Ecce

1908 786 2089 856 Agnus
2114 785 2228 849 Dei,
2255 801 2385 842 ecce
2412 788 2504 855 qui
2536 786 2671 841 tollit
2698 796 2915 857 peccata
2940 790 3120 843 mundi
3151 788 3332 855 (Joan.
3362 793 3425 861 ι).
3451 811 3471 843 ι

1910 874 2138 945 Sanguis
2158 886 2335 931 autem
2360 877 2473 946 ipse
2498 888 2580 933 est
2604 881 2899 947 pretiosus,
2945 879 2997 932 in
3026 894 3131 948 quo
3160 881 3477 935 redimimur

1908 966 1963 1019 in
1990 967 2238 1036 passione
2262 969 2468 1022 Domini
2500 968 2811 1033 Salvatoris,
2843 971 2994 1040 cujus
3013 970 3265 1026 carnibus
3282 971 3478 1027 alimur

1906 1065 1961 1109 et
1990 1071 2181 1111 cruore
2223 1067 2488 1128 potamur,
2540 1074 2646 1128 quo
2690 1067 2979 1130 tanguntur
3016 1069 3249 1130 quatuor
3296 1061 3475 1133 anguli

1907 1145 2198 1213 crepidinis
2252 1145 2454 1201 altaris.
2507 1147 2659 1215 Quod
2708 1147 3002 1203 Theodotio
3035 1150 3204 1219 ipsum
3248 1149 3475 1205 Hebrai-

1906 1248 2029 1288 cum
2090 1250 2109 1284 ι
2145 1234 2319 1303 posuit
2373 1251 2534 1289 azara
2589 1237 2699 1291 sive
2738 1236 2958 1306 templi,
3011 1247 3067 1292 ut
3128 1238 3478 1311 Septuaginta

1910 1323 2297 1377 transtulerunt
2323 1365 2337 1389 ,
2378 1334 2435 1379 ut
2486 1326 2851 1381 sanctiﬁcetur
2900 1328 3091 1382 domus
3141 1340 3196 1383 et
3224 1330 3411 1386 altare.
3452 1349 3471 1381 ι

1909 1410 2172 1466 Universa
2202 1412 2345 1466 enim
2376 1414 2558 1468 mundi
2590 1414 2849 1469 elementa
2879 1414 2980 1470 hoc
3002 1418 3259 1487 sanguine
3280 1420 3479 1474 sancti-

1908 1500 2157 1567 ﬁcantur,
2190 1510 2249 1555 ut
2274 1518 2394 1557 cum
2424 1504 2546 1573 quis
2586 1507 2831 1573 expiatus
2873 1504 3032 1560 fuerit
3064 1517 3225 1576 atque
3252 1509 3478 1564 munda-

1911 1599 2015 1655 tus,
2056 1590 2385 1661 ingrediatur
2411 1603 2620 1662 portam
2643 1595 2767 1649 atrii
2792 1595 3083 1662 interioris,
3112 1609 3165 1651 et
3183 1599 3351 1668 possit
3374 1598 3478 1655 Do-

1906 1680 2038 1733 mini
2067 1693 2264 1735 arcana
2289 1697 2643 1753 cognoscere,
2689 1694 2744 1739 et
2766 1681 3155 1757 consequenter
3180 1690 3363 1745 venire
3409 1690 3477 1744 ad

228 1782 528 1837 neomenire
549 1822 563 1847 ,
592 1788 683 1835 aut
720 1780 1065 1835 sabbatorum
1089 1820 1102 1845 ,
1134 1795 1253 1850 qua:
1286 1789 1411 1835 sunt
1440 1782 1627 1837 umbra
1655 1782 1802 1838 futu-

1908 1770 2189 1840 septimam
2219 1772 2359 1827 diem
2388 1776 2589 1829 mensis
2619 1777 2774 1846 primi
2801 1818 2815 1841 ,
2852 1786 2907 1833 et
2932 1780 3185 1850 consequi
3214 1782 3473 1851 requiem,

227 1888 413 1927 rorum
444 1870 668 1943 (Coloss.
695 1871 776 1943 ιι).
812 1890 830 1923 ι
858 1871 925 1925 Et
950 1872 995 1925 si
1020 1886 1117 1941 per
1142 1870 1335 1926 Isaiam
1361 1872 1599 1942 loquitur
1623 1874 1764 1930 Deus
1790 1893 1803 1929 :

232 1979 248 2011 ι
282 1959 604 2015 Neomenias
626 1967 858 2024 vestras,
886 1967 940 2013 et
968 1960 1188 2014 sabbata
1218 1968 1419 2025 vestra,
1448 1971 1501 2016 et
1524 1961 1662 2016 diem
1692 1978 1807 2018 ma-

224 2067 389 2121 gnum
420 2067 526 2105 non
550 2051 804 2120 suscipio,
831 2049 1091 2120 jejunium
1121 2058 1174 2103 et
1203 2049 1384 2116 ferias,
1421 2059 1477 2105 et
1498 2053 1832 2108 neumenias'

223 2150 281 2193 et
330 2139 695 2193 solemnitates
740 2149 947 2193 vestras
991 2138 1106 2192 odit
1155 2140 1333 2193 anima
1372 2155 1489 2195 mea
1522 2139 1655 2211 (Isa.
1686 2140 1747 2212 l).
1781 2160 1799 2194 ι

224 2230 565 2285 Manifestum
590 2238 671 2284 est
712 2233 854 2299 quod
882 2231 973 2300 qui
1004 2230 1374 2287 solenmitates
1403 2230 1577 2287 oderit
1596 2230 1807 2286 Judtro-

223 2336 367 2386 rum,
396 2336 520 2375 suos
546 2321 764 2391 diligat,
810 2321 1088 2376 sabbatum
1112 2321 1363 2376 videlicet
1389 2321 1531 2392 quod
1558 2321 1803 2376 relictura

220 2420 309 2467 est
331 2412 525 2482 populo
552 2411 665 2476 Dei,
699 2421 756 2466 ut
783 2413 1062 2467 videamus
1114 2428 1233 2482 qua:
1261 2428 1290 2467 a
1318 2412 1428 2469 Deo
1454 2413 1650 2469 donata
1682 2422 1807 2469 sunt

220 2504 400 2569 nobis,
430 2512 485 2558 ct
520 2503 805 2573 loquamur
835 2518 940 2558 non
973 2504 1025 2557 in
1053 2504 1225 2559 doctis
1255 2505 1501 2558 humanae
1530 2503 1806 2574 sapientia:

218 2596 422 2659 verbis,
461 2596 551 2651 sed
582 2596 635 2649 in
678 2594 919 2651 doctrina
952 2595 1193 2664 spiritus,
1228 2595 1559 2664 spiritalibus
1590 2597 1806 2666 spirita-

218 2685 295 2742 lia
320 2694 709 2756 comparantes.
748 2685 803 2739 ln
845 2686 1097 2755 prtcsenti
1139 2686 1282 2740 enim
1314 2685 1527 2751 saeculo,
1558 2689 1697 2756 quod
1749 2688 1803 2741 in

218 2778 458 2849 maligno
485 2778 715 2847 positum
764 2785 874 2840 est,
906 2777 1020 2832 dies
1048 2777 1217 2831 bonos
1249 2776 1432 2831 videre
1456 2792 1563 2831 non
1612 2790 1805 2846 possu-

216 2883 365 2933 mus,
400 2868 495 2923 sed
525 2868 576 2920 in
613 2883 770 2923 novo.
803 2868 879 2922 De
915 2868 1111 2936 quibus
1138 2866 1323 2921 diebus
1348 2866 1398 2919 in
1429 2866 1669 2921 carmine
1697 2866 1806 2921 Μοο

215 2959 370 3015 saico
399 2958 631 3027 Spiritus
657 2966 874 3013 sanctus
902 2958 1045 3013 canit
1075 2975 1087 3009 :
1121 2975 1139 3010 ι
1170 2956 1438 3012 Memento
1460 2956 1672 3011 dierum
1703 2973 1801 3011 an-

215 3048 522 3120 tiquitatis,
560 3048 827 3118 rintellige
874 3061 1044 3102 annos
1094 3046 1457 3119 generationis
1502 3046 1803 3117 generatio-

216 3155 351 3193 num
384 3137 559 3210 (Deut.
608 3136 799 3209 χχχιι).
846 3155 865 3189 ι
920 3136 995 3191 De
1035 3136 1229 3206 quibus
1260 3143 1315 3190 et
1350 3144 1566 3189 sanctus
1615 3134 1800 3204 loque-

216 3227 383 3281 batur
412 3228 464 3281 in
494 3226 701 3296 psalmo
726 3244 739 3279 :
776 3244 795 3277 ι
827 3224 995 3282 Nocte
1018 3225 1072 3279 in
1098 3225 1262 3280 corde
1301 3225 1602 3279 meditabar
1631 3224 1801 3297 (Psal.

216 3319 429 3386 Lxxvt).
475 3337 493 3369 ι
549 3316 615 3370 Et
642 3317 872 3371 iterum:
908 3335 927 3367 ι
962 3316 1031 3370 Ει
1064 3330 1234 3369 annos
1267 3324 1499 3369 aeternos
1541 3316 1593 3369 in
1628 3323 1804 3370 mente

220 3407 383 3461 habui
424 3414 478 3461 et
522 3406 809 3460 meditatus
841 3420 981 3459 sum.
1030 3424 1049 3457 ι
1097 3404 1198 3472 Qui
1230 3405 1389 3459 istum
1429 3420 1537 3459 non
1582 3404 1805 3474 suscipit

220 3498 575 3560 intellectum,
628 3498 947 3567 respondeat
1018 3496 1288 3565 quomodo
1334 3495 1460 3548 illud
1502 3495 1671 3564 possit
1712 3509 1805 3549 ex-

220 3604 456 3659 ponere,
497 3588 638 3657 qnod
666 3587 829 3641 Isaias
856 3588 923 3641 de
970 3584 1149 3641 futuro
1190 3594 1246 3640 et
1274 3600 1412 3639 novo
1440 3586 1636 3640 saeculo
1663 3586 1805 3659 vati-

221 3681 456 3736 cinatur.
512 3696 531 3730 t
573 3678 687 3731 Erit
716 3676 915 3731 mensis
960 3690 1024 3730 ex
1064 3691 1282 3740 mense,
1319 3684 1372 3729 et
1410 3676 1689 3729 sabbatum
1738 3689 1806 3728 ex

221 3769 467 3831 sabbato,
492 3774 545 3820 et
573 3765 751 3818 veniet
771 3765 944 3817 onmis
968 3779 1093 3818 caro
1113 3763 1337 3818 adorare
1364 3764 1645 3818 Dominum
1669 3761 1802 3834 (Isa.

222 3868 393 3932 ιΧιι),
433 3876 450 3912 ι
496 3854 711 3927 quando
738 3855 849 3909 veri
889 3854 1202 3910 adoratores
1244 3867 1582 3923 nequaquam
1617 3852 1808 3907 adora-

223 3954 361 4005 bunt
412 3951 463 4002 in
500 3958 682 4003 monte
712 3946 951 4011 Garizin,
998 3962 1098 4001 nec
1152 3946 1204 4000 in
1256 3943 1579 4009 Jerusalem,
1630 3946 1721 3999 sed
1750 3946 1806 3998 in

224 4042 418 4111 spiritu
472 4048 525 4093 et
558 4039 783 4093 veritate
810 4078 825 4103 ,
873 4038 1086 4106 quando
1124 4036 1227 4092 erit
1279 4034 1474 4092 cmlum
1514 4051 1708 4090 novum
1753 4044 1807 4091 et

228 4142 372 4186 terra
398 4144 553 4193 nova,
584 4138 639 4183 et
666 4128 981 4182 liberabitur
1020 4130 1197 4182 omnis
1225 4137 1471 4181 creatura
1494 4143 1522 4179 a
1549 4125 1807 4181 servitute

227 4220 587 4290 corruptionis
616 4219 671 4273 in
700 4211 999 4273 libertatem
1024 4218 1252 4272 filiorum
1276 4218 1387 4281 Dei,
1420 4227 1475 4272 et
1501 4217 1580 4273 sol
1608 4219 1807 4287 septies

228 4319 438 4363 tantum
465 4308 642 4362 lumen
664 4308 891 4377 accipiet
917 4318 971 4361 et
990 4307 1113 4361 luna
1135 4306 1233 4361 soli
1261 4308 1679 4376 comparabitur.
1698 4308 1804 4361 Ac-

226 4400 490 4454 cessimus
526 4397 669 4451 enim
697 4397 763 4451 ad
794 4405 1027 4451 montem
1054 4397 1206 4463 Sion,
1246 4399 1387 4467 quod
1418 4398 1802 4466 interpretatur

226 4487 456 4557 specula,
488 4495 541 4541 et
565 4489 630 4541 ad
655 4486 928 4542 civitatem
975 4487 1068 4541 Dei
1097 4489 1323 4543 viventis
1364 4488 1661 4543 Jerusalem
1692 4503 1803 4542 cae-

228 4580 419 4633 lestem
452 4577 637 4648 (Hebr.
670 4578 790 4648 xu),
834 4586 889 4631 et
918 4579 987 4633 ad
1015 4578 1183 4633 millia
1204 4578 1514 4649 angelorum
1545 4578 1800 4632 solemni-

230 4678 389 4725 tates.
418 4669 493 4723 De
518 4682 621 4737 qua
648 4668 986 4723 solemnitate
1007 4668 1245 4737 loquitur
1264 4678 1319 4722 et
1347 4669 1484 4723 alius
1511 4667 1800 4737 propheta:

234 4777 255 4811 ι
293 4759 432 4826 Quid
459 4758 673 4822 facietis
696 4760 748 4812 in
772 4759 957 4813 diebus
977 4760 1425 4830 congregationis,
1456 4770 1511 4813 et
1538 4760 1590 4813 in
1618 4759 1807 4814 diebus

230 4848 586 4905 solemnitatis
617 4847 828 4903 Domini
855 4847 997 4919 (the.
1031 4848 1139 4918 rx)?
1184 4867 1203 4900 ι
1259 4847 1370 4903 lloc
1398 4858 1481 4903 est
1508 4849 1636 4903 illud
1662 4850 1807 4917 quod

231 4949 291 4995 et
318 4939 443 4993 alibi
478 4940 711 4993 dicitur:
755 4958 774 4990 ‹
815 4939 1069 5005 Celebra,
1110 4938 1264 5003 Juda,
1312 4938 1626 4995 festivitates
1658 4949 1798 5005 tuas,

233 5030 399 5083 redde
427 5036 545 5083 vota
575 5038 663 5082 tua
693 5028 948 5100 (Na/mm.
978 5029 1038 5099 ι).
1075 5047 1093 5079 ι
1145 5027 1202 5083 Si
1236 5043 1365 5097 ergo
1405 5029 1687 5084 didicimus
1717 5044 1802 5084 so-

234 5121 539 5175 lemnitates
578 5121 863 5189 spiritales,
889 5131 1279 5191 consequenter
1305 5120 1615 5175 docebimur
1647 5130 1700 5175 et
1726 5122 1805 5176 vi-

234 5211 427 5266 ctimas
476 5212 761 5279 spiritales.
813 5211 1116 5266 Assumitur
1172 5212 1366 5266 vitulus
1412 5212 1477 5266 de
1525 5223 1801 5277 armento,

233 5301 350 5355 sive
383 5309 588 5365 taurus,
633 5311 689 5355 ut
720 5302 1101 5370 interpretatus
1131 5312 1215 5356 est
1246 5302 1621 5371 Symmachus,
1671 5303 1807 5357 liber

234 5396 289 5443 et
335 5388 479 5443 nullo
512 5404 727 5459 pressus
775 5391 921 5459 jugo,
956 5392 1056 5445 hoc
1110 5401 1213 5457 est,
1250 5407 1410 5446 onere
1442 5400 1802 5460 peccatorum,

233 5488 289 5533 et
324 5480 711 5544 immaculatus,
742 5500 768 5537 ,ι
805 5484 895 5552 qni
928 5492 1207 5552 peccatum
1234 5500 1337 5537 non
1359 5484 1505 5547 fecit,
1537 5500 1635 5538 nec
1656 5484 1809 5538 dolus

236 5566 490 5626 inventus
523 5579 606 5625 est
641 5572 693 5625 in
734 5587 826 5627 ore
849 5572 965 5641 ejus
1010 5571 1058 5639 (I
1092 5570 1207 5627 Pet.
1235 5573 1317 5642 ιι),
1347 5593 1365 5624 ›
1402 5574 1596 5628 vitulus
1626 5573 1809 5627 novel-

238 5657 342 5717 lus.
371 5673 585 5715 cornua
598 5661 831 5717 efferens
854 5671 907 5717 et
926 5663 1173 5734 ungulas,
1202 5674 1258 5718 ut
1284 5664 1335 5717 in
1367 5664 1482 5735 ipso
1523 5665 1811 5719 mandetur

1828 4441 1879 4500 D

1907 1870 1961 1917 et
1988 1863 2214 1919 Domino
2242 1863 2437 1921 oll‘erre
2485 1866 2805 1922 sacrificium
2840 1878 2946 1923 tam
2993 1886 3090 1939 pro
3149 1871 3474 1940 ignorantia,

1908 1953 1972 2008 de
1999 1968 2104 2023 qua
2131 1953 2298 2009 David
2318 1955 2556 2025 loquitur
2580 1972 2594 2010 :
2641 1976 2658 2009 ι
2692 1958 2897 2014 Delicta
2921 1960 3219 2029 juventutis
3241 1969 3296 2016 et
3322 1962 3475 2033 igno-

1907 2043 2095 2097 rantia:
2124 2058 2256 2099 mea:
2286 2060 2352 2099 ne
2382 2046 2690 2125 memineris
2711 2046 2881 2119 (Psal.
2918 2049 3064 2123 xxw)
3090 2068 3105 2115 ;
3142 2069 3160 2102 ι
3200 2066 3359 2121 quam
3380 2067 3479 2122 pro

1904 2133 2147 2202 parvulo,
2175 2134 2265 2204 qui
2304 2150 2423 2189 cum
2454 2138 2519 2189 ad
2549 2138 2773 2206 perfecti
2799 2140 2901 2194 viri
2942 2156 3251 2196 mensuram
3284 2156 3477 2211 perve-

1906 2224 2067 2287 nerit,
2109 2226 2349 2280 destruet
2398 2241 2485 2292 ea,
2538 2242 2656 2296 quae
2696 2230 2904 2298 parvuli
2942 2238 3086 2285 sunt.
3135 2231 3202 2286 Et
3243 2231 3479 2301 loquitur

1906 2316 2275 2371 confidenter:
2325 2334 2343 2368 ι
2379 2316 2516 2371 Dum
2562 2333 2735 2375 essem
2769 2321 3043 2391 parvulus,
3094 2322 3249 2393 quasi
3283 2338 3481 2393 parvu-

1908 2404 1990 2461 lus
2012 2405 2295 2477 loquebar,
2322 2407 2596 2478 sapiebam
2617 2411 2771 2480 quasi
2798 2411 3051 2481 parvulus
3072 2411 3123 2485 (Ι
3140 2410 3261 2466 Cor.
3289 2412 3427 2485 xm),
3454 2433 3473 2467 ι

1906 2496 2019 2550 sive
2047 2495 2139 2565 qui
2176 2511 2360 2553 errore
2389 2498 2645 2568 deceptus
2672 2493 2756 2555 est'
2775 2540 2789 2563 ,
2842 2508 2897 2556 et
2930 2516 3035 2557 non
3069 2510 3177 2556 tam
3204 2502 3482 2558 voluntate

1905 2602 2065 2657 quam
2096 2588 2223 2643 boni
2248 2585 2501 2657 opinione
2529 2591 2791 2661 peccavit.
2821 2590 3113 2663 Completis
3144 2601 3321 2648 autem
3351 2594 3484 2649 dua-

1905 2676 2005 2730 bus
2040 2674 2469 2733 solemnitatibus
2505 2679 2665 2749 primi
2710 2680 2928 2746 mensis,
2983 2682 3085 2737 hoc
3139 2690 3253 2747 est,
3294 2682 3482 2752 prima:

1905 2767 2027 2829 diei,
2069 2775 2125 2821 et
2152 2768 2394 2837 septima:
2428 2768 2571 2839 ejus,
2612 2771 2761 2826 venit
2802 2772 2869 2826 ad
2912 2781 3163 2842 quartum
3212 2774 3482 2830 decimum

1904 2856 2045 2909 diem
2087 2858 2308 2922 mensis,
2341 2856 2397 2912 in
2418 2872 2524 2927 quo
2551 2858 2771 2917 Pascbte
2795 2862 3105 2919 solemnitas
3132 2871 3214 2919 est
3232 2904 3247 2929 ,
3287 2864 3353 2919 de
3374 2880 3482 2934 qua

1902 2946 2161 3016 scriptum
2188 2956 2271 3002 est
2300 2962 2313 3001 :
2359 2965 2378 2998 ι
2412 2947 2622 3005 Etenim
2654 2952 2854 3020 pascha
2883 2960 3127 3007 nostrum
3173 2954 3485 3010 immolatus

1904 3047 1988 3093 est
2030 3037 2278 3095 Christus
2328 3039 2380 3111 (1
2411 3037 2545 3096 σον(
2574 3042 2654 3114 v),
2688 3060 2707 3093 ι
2745 3052 2872 3097 ωηο
2920 3042 3251 3101 comedimus
3278 3053 3483 3117 septem

1905 3129 2095 3185 diebus
2120 3145 2307 3202 azyma
2337 3131 2392 3185 in
2423 3133 2609 3202 requie
2629 3142 2683 3188 et
2707 3131 3201 3190 securitate'rerum
3217 3138 3483 3207 omnium,

1904 3220 2121 3289 quando
2148 3220 2473 3277 fermentum
2501 3223 2721 3279 malitia:
2748 3232 2803 3278 et
2830 3225 3085 3295 nequitire
3118 3225 3479 3297 destruentes,

1904 3313 2289 3367 manducamus
2310 3328 2499 3385 azyma
2528 3310 2856 3370 sinceritatis
2875 3324 2929 3369 et
2948 3317 3215 3383 veritatis,
3241 3319 3485 3389 principe

1904 3410 2088 3456 nostro
2114 3410 2308 3462 cuncta
2357 3402 2473 3456 haec
2497 3416 2596 3471 pro
2625 3403 2780 3459 nobis
2820 3403 3108 3471 offerente,
3152 3414 3207 3462 et
3249 3408 3483 3477 primum

1904 3505 2004 3562 pro
2028 3490 2225 3561 seipse.
2672 3490 2675 3495 ’

1977 3580 2225 3652 Suscepit
2253 3584 2395 3637 enim
2423 3599 2618 3654 corpus
2645 3585 2960 3651 humanum,
3005 3596 3059 3641 et
3080 3602 3176 3657 per
3199 3598 3483 3658 peccatum

1906 3672 2171 3727 destruxit
2220 3680 2498 3741 peccatum
2524 3713 2539 3737 ,
2570 3675 2659 3742 qui
2704 3690 2800 3744 pro
2831 3676 2985 3730 nobis
3034 3677 3175 3732 dolet
3202 3688 3254 3733 et
3304 3688 3485 3749 portat

1907 3759 2249 3815 infirmitates
2297 3770 2531 3815 nostras.
2565 3761 2796 3816 Proinde
2837 3781 2931 3832 pro
2976 3765 3129 3819 domo
3168 3783 3297 3832 sua,
3336 3769 3480 3837 quod

1908 3850 1964 3905 in
1999 3849 2351 3923 Septuaginta
2391 3854 2647 3922 scriptum
2696 3862 2797 3919 est,
2845 3855 2937 3909 sed
2979 3858 3030 3909 in
3083 3857 3345 3914 Hebraico
3372 3875 3481 3915 non

1907 3940 2152 4003 habetur,
2194 3941 2246 3994 id
2279 3950 2383 4005 est,
2436 3956 2534 4011 pro
2583 3942 2821 3997 Ecclesia
2857 3952 2912 3999 et
2958 3961 3055 4015 pro
3096 3950 3242 4002 omni
3290 3950 3484 4019 populo

1908 4039 2087 4093 terrm,
2136 4030 2389 4086 universo
2422 4030 2668 4088 videlicet
2697 4033 2931 4089 humano
2967 4052 3183 4107 genere.
3232 4037 3484 4094 Salvator

1906 4128 1990 4174 est
2024 4120 2169 4174 enim
2217 4122 2457 4176 omnium
2488 4123 2763 4179 hominum
2791 4166 2805 4191 ,
2856 4136 2912 4181 et
2949 4130 3183 4185 maxime
3222 4130 3479 4197 fidelium,

1906 4217 1961 4263 et
1981 4210 2093 4278 ipse
2122 4219 2203 4264 est
2223 4210 2534 4280 propitiatio
2554 4226 2653 4281 pro
2680 4217 2915 4284 peccatis
2942 4219 3165 4284 nostris,
3190 4228 3244 4274 et
3265 4236 3368 4274 non
3397 4236 3484 4275 εςο⁴

1905 4299 2012 4351 lum
2040 4314 2138 4368 pro
2170 4299 2344 4365 nobis,
2393 4301 2486 4355 sed
2512 4318 2610 4371 pro
2633 4305 2785 4377 omni.
2826 4308 3041 4361 mundo.
3082 4308 3272 4365 Oblato
3299 4320 3480 4366 autem

1904 4392 2071 4445 vitulo
2109 4408 2205 4461 pro
2242 4393 2494 4449 universo
2525 4396 2718 4465 populo
2746 4404 2925 4463 terrm,
2950 4400 3003 4452 in
3044 4410 3248 4469 septem
3294 4403 3484 4458 diebus

1910 4482 2131 4551 reliquis
2148 4483 2438 4539 Dominicre
2458 4486 2748 4554 passionis,
2775 4498 2979 4557 septem
3001 4491 3172 4555 vituli,
3196 4500 3250 4546 et
3276 4502 3482 4563 septem

1910 4576 2107 4630 arietes
2137 4576 2464 4631 immaculati
2514 4577 2815 4632 offeruntur
2843 4581 3102 4648 quotidie,
3134 4593 3193 4636 ut
3221 4582 3479 4638 holocau~

1911 4675 1995 4722 sto
2018 4673 2074 4719 et
2098 4666 2221 4736 igne
2242 4665 2521 4722 Dominico
2553 4679 2986 4724 concrementur.
3041 4671 3259 4742 Septem
3300 4683 3483 4730 autem

1910 4756 2061 4811 vituli
2084 4765 2138 4811 et
2160 4766 2363 4827 septem
2402 4759 2601 4814 arietes
2621 4769 2767 4824 sunt,
2811 4762 2900 4831 qui
2927 4764 3329 4833 conﬁgurantur
3375 4768 3481 4824 Do-

1913 4845 2123 4900 minica‘.
2143 4847 2401 4916 passioni,
2433 4856 2492 4900 ut
2516 4848 2792 4903 imitentur
2811 4864 2995 4905 verum
3040 4853 3286 4919 vitulum,
3316 4865 3370 4909 et
3398 4873 3484 4909 vc.-

1908 4953 2028 4993 rum
2055 4938 2299 5002 arietem,
2323 4948 2376 4992 et
2406 4940 2665 5009 sanguine
2702 4951 2998 5014 martyrum
3022 4959 3117 5013 per
3139 4954 3342 5014 septem
3366 4948 3483 5003 dies

1911 5025 2078 5084 totius
2102 5028 2287 5084 mundi
2314 5039 2531 5099 peccata
2562 5040 2873 5101 purgentur.
2923 5032 3252 5105 (Adamant.)
3287 5036 3480 5091 llirrus

1910 5135 2125 5190 quoque
2152 5136 2436 5189 caprarum
2487 5121 2711 5177 offertur
2735 5138 2834 5192 pro
2860 5134 3081 5193 peccato
3107 5128 3370 5195 quotidie,
3397 5146 3482 5183 se-

1910 5220 2054 5280 ptem
2095 5212 2346 5266 videlicet
2393 5212 2599 5266 diebus.
2636 5213 2691 5267 Si
2724 5228 2852 5268 vero
2878 5217 2999 5285 quis
3029 5217 3356 5285 inveniatur,
3389 5222 3484 5290 qui

1911 5300 2082 5371 possit
2109 5299 2374 5364 velamen,
2408 5301 2550 5369 quod
2580 5309 2663 5354 est
2688 5304 2920 5371 positum
2960 5304 3013 5357 in
3034 5304 3261 5363 lectione
3284 5309 3481 5363 veteris

1911 5391 2241 5454 testamenti,
2295 5406 2576 5446 removere
2605 5400 2763 5461 atque
2792 5394 2913 5447 inde
2941 5408 3183 5461 quaerere
3211 5412 3330 5465 qua:
3374 5398 3478 5452 sint

1909 5494 2031 5535 vera
2070 5480 2356 5545 sacrillcia,
2411 5496 2530 5549 qua:
2571 5481 2859 5549 purificent
2891 5484 3157 5553 populum
3188 5486 3241 5539 in
3291 5485 3479 5542 diebus

1912 5569 2064 5625 festis
2092 5588 2105 5623 :
2138 5578 2263 5625 tunc
2312 5570 2513 5625 videbit
2543 5586 2704 5640 quam
2756 5572 2892 5625 mira
2923 5581 2978 5627 et
3015 5574 3297 5643 magnifica
3329 5586 3477 5640 sunt,

1911 5680 2029 5734 qua:
2066 5680 2163 5735 per
2187 5665 2302 5720 hinc
2326 5665 2631 5721 indicantur
2657 5680 2777 5723 dum
2814 5666 3077 5733 superflua
3109 5664 3478 5736 ignorantibus
