3924 6350
448 352 588 411 1059

1088 351 1151 405 Β.
1190 348 1446 406 RABANI
1486 348 1706 406 MAURI
1744 344 2060 404 ARCHIEP.

2168 341 2421 401 OGUNT.
2458 336 2757 401 οΡΕιιυΜ
2783 345 2966 403 PARS
3003 348 3064 403 ll.

3592 348 3733 406 1040

436 480 510 521 ac
533 461 914 541 superstitiosa
944 459 1236 516 ducuntur.
1270 459 1380 517 Sed
1406 461 1523 516 haec
1547 460 1767 530 quidem
1803 434 2027 525 Paulus,
2056 440 2108 519 Ᾱ
2134 455 2345 512 dicibus
2363 455 2613 528 legimus,
2654 477 2672 511 ι
2700 462 3027 517 reversioms
3049 477 3183 519 mea:
3203 464 3388 520 instat.
3425 485 3445 519 ι
3482 466 3579 522 Sic
3602 482 3735 540 ergo

444 564 501 612 et
527 555 571 612 si
602 555 703 625 qui
724 552 774 610 ei
805 550 1020 608 similes
1041 560 1190 617 sunt,
1227 549 1440 621 plenius
1465 549 1535 604 ab
1560 549 1677 620 ipsa
1698 546 1963 621 sapientia
1983 556 2040 602 et

443 646 613 703 verbo
658 644 751 701 Dei
804 630 1204 715 perfectiusque
1253 640 1630 713 cognoverint.
1692 637 1804 694 Nos
1852 645 2037 693 autem

446 743 711 808 quantum
748 749 815 790 ex
847 735 1090 804 ipsorum
1120 732 1319 787 litteris
1338 728 1593 800 colligere
1621 742 1943 799 possumus,
1982 727 2036 780 in

448 826 643 899 quibus
674 824 834 881 nobis
854 824 1002 879 velut
1024 838 1125 894 per
1151 822 1401 878 umbram
1437 828 1492 876 et
1514 820 1807 891 imaginem
1838 817 2037 874 indicia

449 909 696 992 quaedam
718 917 983 974 dederunt
1007 914 1073 969 ad
1099 914 1516 970 aediﬁcationem
1545 925 1910 973 communem,
1931 909 2042 964 dis-

450 1022 637 1071 cutere
671 1010 984 1067 summatim
1012 1007 1081 1064 de
1109 1004 1504 1062 sacriﬁciorum
1555 1003 1663 1057 ritu
1695 1001 1877 1072 aliqua
1922 1008 2041 1055 ten-

454 1105 709 1161 labimus.
740 1101 799 1157 lu
829 1100 1045 1172 pascha:
1082 1097 1382 1154 festivitate
1413 1110 1585 1171 agnus
1615 1093 1871 1149 scribitur
1898 1105 2039 1158 esse,

452 1196 547 1267 qui
577 1192 828 1265 puriﬁcat
871 1188 1149 1261 populum,
1189 1188 1245 1241 in
1270 1186 1391 1241 aliis
1418 1183 1641 1249 vitulus,
1679 1182 1735 1236 in
1772 1180 1893 1235 aliis
1928 1180 2044 1234 hir-

454 1299 575 1349 cus,
604 1290 698 1337 aut
725 1280 892 1344 aries,
944 1277 1031 1333 vel
1065 1291 1254 1347 capra,
1292 1273 1379 1328 vel
1426 1270 1618 1337 vitula,
1657 1270 1801 1324 sicut
1841 1283 1905 1323 ex
1935 1268 2041 1334 his,

455 1388 575 1444 quae
604 1372 832 1427 recitata
862 1378 1008 1434 sunt,
1032 1366 1317 1423 didicistis.
1374 1363 1521 1419 Unus
1553 1377 1682 1432 ergo
1715 1374 1781 1414 ex
1814 1359 1900 1414 his
1918 1358 2045 1412 .ani-

456 1462 712 1529 malibus,
745 1476 866 1531 qure
911 1458 977 1513 ad
1019 1456 1415 1527 purificandum
1443 1453 1699 1525 populum
1735 1458 2044 1515 sumuntur,

456 1565 539 1612 cst
564 1570 764 1624 agnus,
796 1553 887 1623 qui
927 1565 1101 1620 agnus
1130 1550 1248 1620 ipse
1291 1563 1412 1603 esse
1445 1546 1644 1601 dicitur
1687 1543 1949 1597 Dominus
1994 1550 2052 1596 et

458 1646 709 1703 Salvator
736 1651 959 1699 noster:
991 1641 1069 1695 sic
1095 1640 1238 1694 enim
1264 1636 1531 1693 intellexit
1553 1633 1789 1689 Joannes
1807 1672 1822 1697 ,
1848 1631 1939 1701 qui
1968 1637 2050 1685 est

458 1737 634 1809 major
658 1734 900 1792 omnium
925 1730 1336 1809 prophetarum,
1365 1734 1419 1782 et
1463 1724 1697 1797 signavit
1720 1724 1787 1779 de
1822 1723 1938 1801 ipso
1964 1720 2048 1775 di-

2143 545 2443 618 figuraliter
2454 556 2633 619 potest
2646 549 2838 616 videri,
2864 553 3006 622 quod
3027 553 3165 608 alius
3184 570 3282 625 pro
3308 555 3608 614 festivitate
3629 573 3733 615 no-

2138 651 2351 708 vorum,
2374 638 2513 693 alius
2540 654 2642 709 pro
2667 640 2959 699 festivitate
2990 643 3219 710 sabbati,
3242 646 3386 703 alius
3402 664 3503 719 pro
3528 648 3739 707 festivi-

2141 734 2253 783 tate
2292 727 2809 795 tabernaculorum,
2833 733 2978 802 quod
3020 734 3204 790 hircus
3250 750 3345 792 aut
3380 738 3604 805 vitulus,
3641 750 3743 797 aut

2141 820 2287 876 aries
2312 819 2575 877 oll'eratur
2596 823 2663 877 ad
2704 826 3165 881 reconciliandam
3194 828 3508 885 hominibus
3527 831 3735 888 Deum:

2142 910 2312 966 donec
2351 912 2496 966 enim
2519 922 2645 967 sunt
2678 923 2920 988 peccata,
2944 902 3175 972 necesse
3195 927 3279 973 est
3319 922 3539 991 requiri
3559 933 3616 978 et
3642 924 3741 980 ho-

2143 1002 2276 1057 stias
2301 1018 2398 1073 pro
2420 1005 2675 1073 peccatis.
2702 1004 2837 1061 Nam
2860 1023 3018 1077 pone,
3040 1008 3189 1064 verbi
3216 1014 3413 1082 gratia,
3436 1032 3546 1071 non
3571 1016 3743 1073 fuisse

2143 1098 2447 1163 peccatum.
2482 1094 2540 1150 Si
2562 1111 2670 1151 non
2699 1096 2890 1154 fuisset
2913 1108 3218 1169 peccatum,
3243 1119 3350 1158 non
3377 1122 3604 1162 necesse
3626 1107 3742 1162 fue-

2147 1195 2233 1239 rat
2262 1184 2457 1239 Filium
2483 1184 2579 1241 Dei
2603 1203 2799 1255 agnum
2845 1188 2983 1255 fieri,
3010 1207 3111 1246 nec
3150 1209 3287 1262 opus
3316 1194 3497 1250 fuerat
3536 1213 3660 1252 eum
3688 1200 3742 1253 in

2146 1291 2312 1332 carne
2336 1277 2568 1346 positum
2610 1278 2869 1349 jugulari,
2897 1280 2990 1334 sed
3016 1283 3304 1337 mansisset
3346 1286 3472 1351 hoc,
3516 1289 3660 1357 quod
3687 1289 3744 1345 in

2146 1366 2412 1436 principio
2446 1376 2565 1421 erat
2586 1367 2728 1421 Deus
2749 1368 2996 1423 verbum.
3030 1371 3230 1425 Verum
3280 1376 3541 1441 quoniam
3572 1378 3743 1434 intro-

2151 1454 2250 1508 ivit
2275 1463 2555 1525 peccatum
2577 1457 2632 1510 in
2665 1457 2808 1512 hunc
2830 1460 3109 1525 mundum,
3127 1465 3331 1529 peccati
3355 1476 3537 1520 autem
3560 1483 3745 1524 neces-

2151 1546 2285 1602 sitas
2304 1548 2746 1617 propitiatiouem
2794 1552 3044 1619 requirit,
3093 1563 3147 1608 et
3189 1558 3503 1625 propitiatio
3548 1576 3654 1613 non
3684 1560 3745 1615 ﬁt

2154 1646 2256 1700 nisi
2282 1659 2381 1716 per
2404 1645 2638 1700 hostiam
2667 1664 2680 1697 :
2723 1648 3090 1702 necessarium
3116 1645 3215 1701 fuit
3234 1650 3509 1717 provideri
3541 1650 3744 1705 hostias

2155 1749 2253 1806 pro
2292 1744 2534 1806 peccato.
2575 1736 2642 1789 Et
2678 1739 2933 1806 quoniam
2981 1739 3186 1807 peccati
3228 1739 3396 1808 ipsius
3441 1741 3673 1797 diversa:
3692 1755 3744 1797 et

460 1841 629 1885 cens:
666 1843 689 1879 ι
724 1824 865 1881 Ecce
909 1825 1096 1894 Agnus
1130 1820 1252 1885 Dei,
1304 1833 1430 1873 ecce
1459 1817 1551 1887 qui
1581 1815 1722 1872 tollit
1769 1822 2052 1884 peceatum

2168 1827 2323 1884 varia:
2374 1828 2662 1897 qualitates
2720 1827 2981 1895 fuerunt,
3039 1831 3375 1887 diversorum
3429 1834 3742 1888 animalium

465 1918 655 1975 mundi
680 1916 865 1989 (Joan.
900 1914 963 1985 ι).
997 1911 1180 1987 (Greg.
1214 1910 1496 1981 Nazian.).
1532 1929 1550 1961 ι
1605 1908 1761 1977 Quod
1788 1910 1835 1964 si
1864 1924 2057 1980 agnus,

459 2009 555 2081 qui
584 2008 653 2063 ad
700 2004 1099 2076 purifieandum
1146 1999 1402 2071 populum
1444 1999 1603 2054 datus
1627 2007 1730 2064 est,
1783 1999 1849 2053 ad
1875 2013 2061 2069 perso-

464 2115 591 2155 nam
620 2096 835 2152 Domini
887 2105 943 2151 et
974 2093 1283 2149 Salvatoris
1332 2092 1508 2147 nostri
1559 2088 1815 2155 refertur,
1871 2104 2061 2146 conse-

465 2207 641 2265 quens
691 2183 930 2254 videtur,
979 2186 1122 2258 quod
1170 2185 1335 2240 etiam
1376 2192 1569 2239 caetera
1609 2181 1863 2237 animalia
1889 2222 1904 2248 ,
1940 2197 2061 2252 qua:

468 2288 554 2343 bis
579 2285 821 2358 ejusdem
872 2280 1273 2355 purificationis
1297 2278 1487 2333 usibus
1513 2276 1770 2347 deputata
1799 2282 1942 2340 sunt,
1973 2290 2062 2331 re-

467 2376 600 2433 ferri
628 2376 877 2439 debeant,
903 2371 1153 2427 similiter
1178 2371 1247 2426 ad
1272 2361 1484 2440 aliquas
1508 2364 1788 2438 personas,
1816 2380 1935 2436 qua:
1964 2380 2062 2434 pu-

468 2463 788 2522 riﬁcationis
838 2460 1041 2532 aliquid
1092 2459 1332 2515 humano
1358 2456 1543 2528 generi
1574 2452 1877 2510 conferant.
1925 2454 2061 2509 Vide

472 2569 601 2625 ergo
657 2567 727 2609 ne
779 2550 921 2608 forte
974 2550 1116 2605 sicut
1158 2548 1421 2604 Dominus
1474 2554 1530 2602 et
1575 2545 1826 2622 Salvator
1876 2553 2062 2599 noster

477 2663 496 2695 ι
524 2643 679 2715 quasi
711 2656 881 2714 agnus
917 2640 986 2697 ad
1009 2639 1342 2698 occisionem
1380 2637 1574 2692 ductus
1614 2632 1916 2709 (Ιτεαζιιιι),
1952 2654 1970 2687 ι
2006 2641 2063 2689 et

475 2734 530 2790 in
570 2732 898 2788 sacrificium
930 2730 1119 2786 altaris
1146 2729 1361 2785 oblatus
1388 2738 1733 2798 peccatorum
1785 2725 2060 2781 remiSsio—

472 2839 597 2880 nem
625 2823 883 2879 universo
910 2808 1166 2892 praestitit
1200 2816 1444 2875 mundo:
1488 2818 1562 2872 ita
1600 2816 1851 2871 fortassis
1874 2825 1929 2869 et
1954 2830 2059 2870 ca:-

474 2925 711 2970 terorum
748 2920 1058 2968 sanctorum
1087 2924 1153 2965 ac
1172 2908 1444 2978 justorum
1477 2924 1495 2959 ‹
1540 2906 1783 2976 sanguis,
1815 2904 1908 2976 qui
1933 2902 2064 2959 etfu-

472 3020 566 3061 sus
592 3011 679 3061 est
701 3019 733 3058 a
770 3002 1034 3074 sanguine
1074 3000 1210 3055 Abel
1251 2998 1383 3069 justi
1425 2990 1597 3069 usque
1626 2999 1695 3053 ad
1740 2988 2061 3067 sanguinem

472 3095 751 3152 Zachariae
776 3094 1073 3164 prophetae,
1123 3090 1215 3162 qui
1247 3086 1569 3145 interfectus
1597 3097 1682 3145 est
1711 3088 1855 3143 inter
1889 3087 2059 3143 :cdem

2158 1920 2485 1974 mandantur
2536 1919 2762 1984 hostiae;
2812 1921 2997 1990 procul
3022 1922 3215 1987 dubio,
3243 1938 3364 1993 qua:
3391 1927 3745 1979 convenirent

2156 2010 2509 2065 varietatibus
2534 2018 2899 2079 peccatorum.
2942 2009 3034 2066 Sic
3078 2028 3209 2083 ergo
3247 2012 3409 2068 efficit
3450 2015 3591 2068 alius
3623 2016 3742 2085 qui-

2158 2100 2279 2156 dem
2313 2111 2622 2157 sanctorum
2650 2103 2763 2156 sive
2785 2104 3123 2174 angelorum,
3149 2113 3205 2158 ut
3230 2105 3488 2173 diximus,
3521 2108 3635 2162 sive
3654 2108 3746 2164 ho-

2158 2192 2363 2247 minum
2389 2191 2608 2257 vitulus,
2641 2193 2734 2262 qui
2771 2193 2827 2247 in
2856 2192 2945 2247 illa
2972 2194 3265 2250 festivitate
3284 2194 3745 2267 interveniatpro

2157 2283 2339 2355 p0puli
2361 2284 2609 2340 delictis:
2649 2285 2785 2340 alius
2824 2296 3006 2341 autem
3040 2288 3183 2342 aries
3208 2288 3263 2342 in
3283 2288 3389 2342 alia
3430 2287 3743 2356 festivitate,

2159 2391 2388 2446 quorum
2435 2375 2824 2434 intercessione
2860 2377 2953 2431 ﬁat
2992 2378 3296 2448 purificatio
3346 2394 3447 2449 pro
3488 2383 3742 2450 peccatis.

2159 2467 2313 2533 Quod
2351 2468 2397 2521 si
2448 2466 2725 2538 purificari
2754 2469 3041 2538 potuerint
3067 2470 3315 2526 homines
3354 2486 3387 2525 a
3422 2472 3668 2541 peccatis
3694 2482 3745 2528 et

2158 2571 2276 2612 esse
2300 2556 2569 2627 puriores,
2591 2558 2912 2612 minuuntur
2935 2567 2988 2612 et
3012 2560 3222 2614 hostiae.
3256 2558 3312 2615 Si
3334 2560 3485 2615 enim
3507 2577 3604 2631 pro
3626 2577 3745 2631 pec-

2160 2647 2299 2702 catis
2346 2655 2474 2702 sunt
2526 2648 2718 2704 hostia:
2763 2658 2821 2703 et
2868 2665 2965 2718 pro
3010 2650 3351 2705 multitudine
3398 2660 3745 2722 peccatorum

2160 2739 2525 2809 multiplicatae
2568 2749 2718 2806 sunt,
2775 2741 2896 2797 sine
2926 2743 3089 2797 dubio
3117 2752 3171 2798 et
3198 2759 3296 2813 pro
3322 2745 3620 2815 exiguitate
3650 2745 3738 2799 mi~

2161 2835 2416 2882 nuuutur.
2444 2826 2710 2900 (ffieron.)
2755 2827 3265 2901 Attendendumque
3284 2832 3745 2901 diligentiuSquod

2163 2916 2215 2971 in
2248 2916 2530 2973 sacrificio
2551 2918 2675 2987 ephi
2703 2932 2801 2987 per
2826 2918 3075 2984 vitulum,
3117 2929 3172 2975 et
3204 2921 3328 2990 ephi
3370 2936 3470 2992 per
3497 2922 3737 2985 arietem,

2163 3018 2218 3061 et
2240 3006 2344 3063 olei
2374 3008 2467 3063 hin
2488 3006 2809 3075 offeruntur,
2840 3024 2961 3078 qua:
2991 3009 3044 3063 iu
3074 3010 3188 3081 lege
3209 3021 3478 3081 praecepta
3512 3020 3661 3068 sunt.
3690 3013 3745 3068 In

2165 3097 2438 3153 oblatione
2458 3107 2638 3153 autem
2666 3098 2802 3154 hirci
2828 3114 2929 3157 nec
2953 3099 3100 3169 ephi,
3118 3116 3242 3165 nec,
3261 3109 3319 3155 ut
3339 3099 3483 3155 LXX
3514 3111 3748 3158 transtu-

472 3201 530 3247 et
562 3188 732 3245 altare
757 3186 973 3262 (Matth.
994 3184 1151 3257 χχιιι)
1171 3201 1187 3251 ;
1206 3181 1679 3268 alteriusjquidem
1710 3179 1932 3251 sanguis
1955 3178 2060 3234 sic-

2168 3188 2365 3254 lerunt,
2393 3187 2557 3242 coctio
2593 3187 2831 3257 ponitur,
2863 3188 2955 3257 qui
2976 3168 3074 3256 pro
3108 3189 3235 3258 ephi
3263 3192 3443 3261 πέμμα
3466 3231 3482 3255 ,
3515 3191 3617 3246 hoc
3644 3202 3747 3258 est,

472 3292 536 3338 ut
562 3280 763 3355 vitulag,
797 3279 1020 3336 alterius
1063 3278 1207 3333 sicut
1235 3275 1375 3332 hirci
1419 3282 1514 3328 aut
1537 3281 1715 3342 caprae
1734 3312 1750 3338 ,
1779 3280 1873 3326 aut
1898 3270 2063 3326 alicu-

468 3375 561 3447 jus
583 3374 779 3429 horum
805 3370 959 3426 fusus
994 3377 1080 3426 est
1115 3369 1182 3423 ad
1208 3364 1535 3436 expiandum
1570 3378 1670 3432 pro
1700 3371 1853 3432 parte
1881 3360 2063 3431 aliqua

471 3461 750 3538 populum.
795 3462 923 3517 Sive
948 3476 1078 3533 ergo
1099 3460 1218 3515 haec
1261 3459 1331 3513 ad
1357 3456 1626 3526 justorum
1654 3453 2065 3525 prophetarum-

474 3574 581 3630 que
607 3570 907 3627 personas,
928 3554 1024 3625 qui
1053 3554 1108 3608 in
1134 3554 1239 3608 hoc
1272 3550 1474 3605 mundo
1516 3546 1745 3619 jugulati
1789 3554 1934 3612 sunt,
1977 3544 2065 3599 vel

475 3664 665 3706 eorum
694 3648 786 3718 qui
812 3646 1000 3703 dicunt
1021 3642 1060 3699 τ’
1092 3664 1111 3697 ι
1150 3642 1417 3712 Quoniam
1442 3648 1665 3712 propter
1697 3647 1749 3694 te
1778 3646 1951 3695 morte
1983 3636 2065 3689 af-

477 3741 690 3796 iicimur
732 3733 1171 3811 [mortificamur]
1221 3742 1333 3788 tota
1374 3732 1478 3793 die,
1506 3728 1759 3786 :estimati
1790 3742 1978 3783 sumus
2007 3732 2065 3779 ut

477 3849 607 3890 oves
631 3829 921 3887 occisionis
949 3825 1125 3901 (Psal.
1174 3828 1382 3892 mn)»
1436 3821 1717 3876 referenda
1758 3818 2064 3897 vidcantur,

478 3921 601 3991 quis
632 3918 789 3975 facile
819 3917 1016 3973 audeat
1051 3912 1373 3979 aﬂirmaro?
1414 3910 1600 3981 Neque
1627 3908 1772 3961 enim
1804 3907 1920 3961 haec
1952 3906 2067 3959 ani-

482 4012 643 4067 malia
669 4026 767 4081 per
794 4008 1049 4080 speciem,
1099 4006 1191 4061 sed
1214 4019 1312 4075 per
1334 4002 1556 4073 figuram
1604 3998 1792 4053 referri
1819 3998 1884 4051 ad
1916 3997 2063 4049 illam

482 4102 567 4159 vel
594 4101 740 4155 illam
786 4112 1072 4169 personant
1106 4094 1343 4165 putanda
1382 4102 1530 4146 sunt.
1572 4088 1707 4143 Nam
1736 4089 1851 4158 ipse
1879 4087 2065 4141 Domi-

484 4206 585 4246 nus
612 4188 769 4243 .lesus
794 4186 1043 4242 Christus
1066 4200 1171 4238 non
1198 4182 1318 4237 ideo
1341 4193 1513 4252 agnus
1538 4177 1754 4241 dicitur,
1793 4176 1946 4247 quasi
1975 4176 2067 4245 qui

484 4291 719 4337 mutatus
747 4279 839 4343 sit,
891 4285 945 4331 et
971 4288 1264 4331 conversus
1311 4272 1366 4325 in
1394 4270 1629 4340 Speciem
1659 4268 1782 4339 agni
1812 4286 1824 4320 :
1872 4268 2069 4324 dicitur

485 4381 663 4427 tamen
692 4384 861 4440 agnus
889 4366 1016 4436 quia
1044 4364 1290 4419 voluntas
1315 4370 1370 4416 et
1396 4360 1612 4414 bonitas
1628 4358 1745 4428 ejus
1764 4372 1869 4426 qua
1903 4358 2069 4409 Deum

487 4458 879 4532 t'eprnpitiuvit,
934 4454 1242 4510 hominibus
1291 4461 1346 4507 ct
1393 4458 1738 4520 peccatorum
1790 4448 2072 4517 indulgen-

489 4555 615 4606 tiam
643 4550 807 4613 dedit,
849 4547 971 4601 talis
992 4544 1201 4599 exstitit
1249 4544 1482 4595 humano
1516 4539 1724 4611 generi,
1764 4554 1797 4607 q
1838 4538 1915 4591 asi
1943 4537 2067 4607 agni

488 4643 662 4698 hostia
694 4637 1036 4695 immaculata
1063 4644 1118 4690 et
1142 4634 1429 4697 innocens,
1462 4647 1569 4701 qua
1598 4630 1801 4701 placari
1836 4629 2083 4691 homini-,

489 4737 587 4789 [ills
614 4733 792 4789 divina
819 4729 1134 4786 creduntur.
1165 4726 1257 4781 Sic
1290 4740 1421 4794 ergo
1469 4724 1516 4778 si
1541 4724 1633 4793 qui
1660 4721 1931 4791 iustorum
1972 4723 2070 4777 lio-

489 4823 692 4875 minum
718 4819 806 4875 hic
826 4833 924 4888 pro
952 4813 1392 4887 repropitiatione
1421 4813 1603 4869 divina
1635 4810 1781 4867 velut
1808 4811 1952 4865 aries
1975 4820 2072 4867 aut

492 4916 712 4981 vitulus,
748 4892 848 4967 aut.
874 4912 1057 4967 hircus
1083 4910 1295 4967 oblatus
1319 4918 1405 4965 est
1428 4950 1443 4975 ,
1473 4904 1798 4963 sacrificium
1830 4906 1900 4961 ob
1928 4906 2094 4979 puri;

492 5005 795 5059 ticationem
838 5001 1033 5073 p0pulo
1073 5000 1468 5070 impetrandam
1509 4996 1678 5065 accipi
1720 5004 1935 5065 poteSt:
1981 5005 2076 5050 aut

492 5110 599 5149 non
630 5093 843 5146 videtur
896 5091 1038 5144 aries
1065 5098 1158 5143 aut
1189 5089 1371 5143 hircus
1408 5085 1778 5139 holocaustum
1825 5098 1887 5139 se
1917 5086 2075 5139 obtu-

495 5192 618 5244 lisse
642 5187 841 5241 Paulus
866 5202 963 5255 pro
998 5183 1191 5254 populo
1215 5182 1396 5244 Israel,
1430 5196 1551 5234 eum
1576 5180 1790 5233 dicebat
1818 5194 1831 5232 :
1867 5197 1885 5229 ι
1913 5177 2073 5247 Opta-

495 5282 618 5335 bam
664 5287 843 5333 autem
896 5293 995 5347 ego
1024 5278 1136 5346 ipse
1169 5274 1455 5329 anathema
1500 5286 1621 5327 esse
1649 5287 1679 5325 a
1728 5269 1945 5328 Christo
1975 5286 2072 5341 pro

497 5367 757 5447 fratribus
783 5367 936 5432 meis,
981 5366 1070 5436 qui
1100 5374 1225 5420 sunt
1254 5362 1466 5434 cdgnati
1502 5362 1606 5416 mei
1629 5362 1926 5418 secundum
1955 5378 2074 5416 car-

499 5475 623 5516 nem
646 5458 817 5531 (Rom.
849 5456 951 5527 ix)?
986 5476 1004 5509 ι
1063 5454 1158 5511 Vis
1182 5464 1360 5508 autem
1389 5452 1546 5517 scire,
1577 5452 1724 5521 quod
1751 5466 1811 5507 se
1839 5451 2070 5507 hostiam

495 5552 661 5607 etiam
710 5549 908 5604 Paulus
945 5546 1135 5604 olferat
1177 5544 1569 5617 jugulandam?
1615 5544 1754 5598 Audi
1780 5559 1904 5598 eum
1933 5553 1989 5599 et
2018 5543 2073 5599 in

502 5642 623 5695 aliis
661 5642 926 5695 dicentem
956 5656 969 5692 :
1013 5656 1030 5688 ι
1064 5636 1185 5691 .lam
1229 5636 1372 5691 enim
1398 5649 1499 5704 ego
1545 5633 1818 5698 immolor,
1851 5641 1905 5687 et
1940 5642 2076 5687 tem—

503 5750 603 5803 pus
636 5719 1083 5800 resolutionis“!
1108 5729 1240 5784 Tim.
1270 5729 1369 5799 tv),
1409 5749 1426 5781 ι
1482 5727 1568 5783 vel
1592 5736 1651 5781 ut
1673 5728 1725 5781 in
1750 5726 1951 5781 Grmcis
1977 5740 2055 5781 co-

2097 4507 2149 4566 D

2165 3281 2467 3335 coctiouem
2530 3280 2868 3350 interpretati
2928 3288 3073 3335 sunt.
3137 3279 3248 3335 Hin
3292 3297 3421 3337 vero
3467 3297 3589 3351 quae
3643 3284 3749 3339 olei

2163 3381 2312 3428 certa
2347 3386 2597 3426 mensura
2628 3378 2731 3434 est,
2764 3370 2830 3426 de
2857 3386 2961 3441 qua
3008 3378 3132 3425 ante
3152 3371 3266 3441 jam
3297 3371 3555 3437 diximus,
3598 3387 3751 3428 assu-

2164 3461 2263 3515 mit
2288 3461 2342 3515 in
2389 3461 2657 3518 sacriﬁcio
2701 3459 2848 3514 vituli
2880 3469 2936 3513 et
2978 3459 3185 3523 arietis,
3233 3468 3291 3513 ut
3324 3460 3626 3517 fomentum
3664 3461 3747 3516 lu—

2165 3552 2325 3606 minis
2348 3551 2686 3622 sempiterni,
2729 3560 2786 3605 et
2825 3552 3069 3620 requiem
3095 3550 3297 3606 laboris
3332 3561 3390 3607 et
3416 3552 3752 3608 lassitudinis

2164 3641 2483 3707 sanitatem,
2530 3650 2653 3711 post
2698 3639 3060 3710 placatiOuem
3103 3650 3453 3710 peccatorum
3502 3645 3753 3714 accipere

2164 3731 2453 3801 possimus.
2500 3730 2557 3783 lu
2583 3729 2815 3800 septimo
2839 3744 3054 3799 quoque
3095 3744 3303 3796 menso,
3325 3731 3513 3801 quinta
3539 3732 3751 3786 decima

2166 3821 2253 3876 die
2280 3823 2501 3887 mensis,
2524 3822 2629 3876 hoc
2649 3830 2733 3876 est
2750 3861 2766 3886 ,
2841 3822 3309 3893 scenopegiarum,
3340 3823 3486 3878 idem
3522 3824 3755 3879 oblatio-

2167 3911 2251 3966 nis
2298 3920 2352 3964 et
2399 3909 2788 3966 sacriﬁciorum
2831 3911 2965 3967 ordo
3009 3912 3307 3967 servandus
3341 3922 3448 3979 est,
3501 3922 3610 3969 tam
3652 3928 3754 3982 pro

2167 4010 2411 4073 peccato,
2454 4016 2616 4070 quam
2637 4016 2735 4071 pro
2772 4000 3116 4081 holocausto,
3139 4010 3193 4057 et
3220 4003 3273 4056 in
3301 4003 3589 4067 sacrificio,
3615 4013 3669 4058 et
3698 4005 3752 4058 iu

2167 4093 2301 4153 oleo,
2332 4101 2388 4147 ut
2414 4091 2761 4147 festivitatem
2790 4092 3023 4158 Domini,
3049 4092 3246 4163 fugatis
3272 4095 3518 4148 tenebris
3543 4102 3600 4148 et
3628 4106 3753 4151 orto

2171 4183 2372 4237 lumine
2398 4182 2499 4237 olei
2524 4222 2538 4248 ,
2572 4197 2969 4250 consequamur
2990 4222 3006 4247 ,
3030 4182 3398 4253 clarioresque
3454 4185 3752 4243 habeamus

2170 4275 2558 4339 solemnitates,
2592 4273 2646 4329 in
2668 4273 2863 4343 quibus
2894 4273 3049 4329 nobis
3081 4275 3263 4328 omnia
3287 4284 3511 4343 peccata
3540 4276 3753 4331 donau-

2170 4377 2277 4421 ῑιιτ.

2735 4477 2963 4534 CAPUT
3009 4475 3194 4542 XLVI.

2175 4593 2253 4646 De
2272 4591 2543 4661 sacriﬁciis
2580 4590 2794 4646 Sabbati
2829 4601 2878 4644 et
2927 4589 3263 4655 Neomenite;
3303 4608 3395 4661 per
3412 4608 3545 4662 quas
3574 4596 3752 4662 partes

2245 4664 2441 4716 intrare
2484 4662 2760 4725 debebunt,
2807 4672 2853 4715 et
2900 4662 3045 4715 exire
3084 4663 3343 4731 principes
3393 4673 3441 4715 et
3471 4662 3653 4731 pepuli
3686 4664 3752 4715 ad

2248 4733 2504 4786 orandum
2530 4731 2696 4784 Deum
2720 4745 2737 4781 :
2765 4732 2829 4784 de
2853 4740 3137 4801 spontaneo
3156 4731 3464 4801 holocausta
3480 4732 3750 4801 principis,

2245 4802 2382 4871 quod
2402 4801 2639 4872 princeps
2667 4801 2826 4869 possit
2846 4798 2974 4853 dare
2991 4840 3005 4864 ,
3030 4810 3081 4852 et
3102 4800 3165 4852 de
3203 4798 3555 4854 destructione
3575 4798 3752 4870 coqui-

2247 4889 2313 4926 ἰη
2321 4887 2453 4925 rum.

2251 5022 2271 5054 ι
2304 5001 2430 5056 llaec
2457 5000 2588 5054 dicit
2614 4998 2867 5055 Dominus
2900 4997 3082 5052 Deus:
3116 4994 3277 5051 Porta
3303 4997 3427 5051 atrii
3456 4996 3749 5060 interioris,

2182 5112 2200 5144 ι
2241 5107 2359 5161 qua:
2382 5090 2604 5159 respicit
2629 5090 2697 5144 ad
2741 5089 3029 5154 orientem,
3055 5088 3161 5142 erit
3194 5087 3377 5142 clausa
3399 5101 3495 5141 sex
3537 5085 3749 5151 diebus,

2183 5202 2201 5234 ι
2246 5183 2301 5236 in
2338 5180 2532 5250 quibus
2564 5195 2698 5249 opus
2740 5179 2799 5233 tit
2827 5196 2841 5233 :
2872 5178 2959 5234 die
2990 5186 3172 5233 autem
3199 5178 3407 5233 sabbati
3458 5178 3751 5247 aperietur,

2184 5293 2202 5325 ι
2246 5273 2339 5330 sed
2366 5273 2419 5326 in
2458 5272 2545 5327 die
2572 5270 2929 5325 Kalendarum
2958 5269 3250 5339 aperietur,
3280 5276 3336 5321 et
3358 5266 3584 5322 intrabit
3608 5267 3752 5335 prin-

2184 5382 2203 5414 ι
2243 5378 2370 5433 ceps
2393 5377 2491 5432 per
2524 5362 2665 5416 viam
2693 5360 2939 5415 vestibuli
2982 5367 3151 5429 porta:
3175 5355 3397 5423 deforis,
3426 5364 3489 5411 et‘
3507 5358 3679 5412 stabit
3703 5357 3752 5411 in

2184 5470 2203 5503 ι
2249 5452 2433 5506 limine
2470 5458 2655 5519 ponte.
2702 5448 2768 5501 Et
2804 5446 3001 5502 facient
3037 5444 3345 5500 sacerdotes
3378 5444 3753 5500 holocaustum

2185 5556 2203 5589 ι
2249 5536 2364 5606 ejus
2411 5548 2466 5591 et
2520 5536 2743 5606 pacifica
2796 5535 2932 5605 ejus,
2983 5542 3040 5589 et
3083 5532 3329 5588 adorabit
3378 5548 3543 5602 super
3594 5532 3755 5588 limen

2186 5649 2205 5680 ι
2247 5637 2436 5698 portze,
2465 5635 2517 5683 et
2538 5616 2856 5697 egredietur.
2890 5625 3053 5679 Porta
3093 5632 3272 5679 autem
3303 5639 3413 5678 non
3466 5623 3753 5679 claudetur

2189 5741 2205 5772 ι
2249 5735 2419 5789 usque
2445 5721 2511 5774 ad
2540 5735 2835 5787 vesperam.
2874 5719 2940 5773 Et
2965 5718 3209 5774 adorabit
3233 5718 3466 5787 populus
3498 5716 3757 5793 ten-arati

3546 5822 3585 5841 .i‘
