3924 6336
177 394 308 451 1οη

1095 408 1441 466 COMMENT.
1482 412 1551 467 ΙΝ
1591 415 2040 475 EZECHIELEM.
2079 454 2146 465 —
2183 421 2306 478 LIB.
2351 427 2488 484 XIX.

3266 445 3406 499 1012

177 521 197 555 ι
238 507 437 562 ostium
465 515 629 576 portae
675 509 815 566 illius
837 510 890 566 in
923 515 1162 574 sabbatis
1207 529 1262 576 et
1287 521 1338 576 in
1369 522 1619 579 Kalendis
1639 540 1732 580 εο-
1759 531 1808 589 Α
1835 535 1924 583 tur
1947 533 2214 600 sacriﬁcii,
2238 536 2290 590 id
2317 547 2400 593 cst
2425 541 2613 596 similae
2634 550 2686 598 et
2706 543 2798 599 hin
2821 546 2944 610 olei,
2975 547 3048 602 ita
3069 549 3322 609 offeratur
3347 566 3404 612 et

178 611 197 643 ι
237 609 350 648 ram
381 595 625 651 Domino.
662 596 1040 659 Holocaustum
1064 615 1240 662 autem
1269 610 1369 665 hoc
1388 611 1575 666 offeret
1602 615 1742 683 prin-

175 698 195 732 t
235 696 362 752 ceps
377 683 602 741 Domino
628 687 681 741 in
697 687 780 742 die
809 691 1035 758 sabbati,
1059 710 1152 749 sex
1179 712 1344 767 agnos
1371 700 1743 762 immaculatos

174 783 196 819 c
236 777 292 851 et
317 771 541 826 arietem
586 774 1007 847 immaculatum,
1055 792 1110 836 et
1148 787 1469 844 sacriﬁcium
1496 793 1618 861 ephi
1645 809 1743 862 per

177 873 196 905 ι
241 858 486 914 arietem.
537 863 613 917 De
640 867 793 934 agnis
824 883 949 924 vero
977 874 1322 934 sacriﬁcium.
1364 882 1511 948 quod
1536 883 1739 938 dederit

175 964 196 997 ‹
238 964 430 1003 manus
479 951 613 1019 ejus,
639 964 693 1008 ct
741 957 844 1013 olei
882 960 974 1014 hin
1022 978 1118 1032 per
1145 965 1352 1036 singula
1381 970 1524 1038 ephi.
1569 972 1622 1026 In
1652 973 1740 1029 die

175 1053 193 1085 ε
237 1046 416 1091 autem
445 1039 803 1100 Kalendarum
851 1049 1077 1106 vitulum
1107 1055 1172 1109 de
1203 1067 1452 1114 armento
1480 1061 1740 1118 immacu-

175 1142 191 1173 ι
238 1125 426 1192 latum,
455 1137 508 1182 et
539 1144 632 1184 sex
665 1136 788 1204 agni
809 1145 864 1190 et
889 1138 1088 1196 arietes
1127 1144 1455 1201 immaculati
1482 1159 1658 1218 erunt,
1684 1162 1740 1206 et

172 1230 190 1261 ι
232 1214 353 1281 ephi
395 1231 490 1284 per
517 1219 760 1288 vitulum,
793 1226 915 1294 ephi
947 1243 1158 1300 quoque
1198 1249 1296 1301 per
1322 1236 1544 1291 arietem
1577 1214 1738 1298 faciet

169 1318 188 1350 ι
232 1303 574 1359 sacriﬁcium.
605 1309 661 1362 In
693 1314 844 1382 agnis
869 1328 1049 1372 autem
1082 1320 1221 1375 sicut
1248 1323 1520 1381 invenerit
1547 1345 1737 1386 manus

170 1407 186 1439 ι
229 1401 285 1443 et
325 1393 426 1447 olei
459 1396 550 1449 hin
604 1413 699 1468 per
745 1403 953 1475 singula
1001 1409 1143 1477 ephi.
1183 1429 1201 1461 ι
1262 1411 1581 1485 Priusquam
1609 1421 1737 1489 quid

163 1481 264 1534 ista
290 1483 590 1550 signiﬁcent
614 1489 960 1560 disseramus,
1009 1500 1120 1567 ipsa
1153 1481 1737 1585 Scriptum-napaf-pa-

159 1581 346 1632 στικῶς
371 1576 534 1630 verba
571 1581 852 1647 pandenda
889 1596 1033 1640 sunt.
1072 1607 1090 1640 t
1125 1590 1309 1659 Porta,
1364 1576 1555 1667 inquit,
1610 1576 1734 1656 atrii

160 1659 434 1736 interioris
481 1681 574 1720 sex
627 1670 816 1727 diebus
848 1694 865 1725 ι
932 1675 1020 1746 (de
1071 1681 1263 1748 quibus
1317 1687 1574 1757 scriptum
1627 1701 1730 1757 est,

164 1768 182 1799 ς
214 1749 322 1804 Sex
351 1754 538 1811 diebus
562 1763 891 1830 operaberis,
930 1777 985 1822 et
1011 1768 1176 1827 facies
1201 1777 1385 1833 omnia
1425 1749 1587 1849 opera
1618 1749 1730 1855 tuaj

157 1842 265 1894 erit
294 1843 510 1911 clausa;
550 1868 569 1900 ι
606 1867 704 1907 nec
730 1857 982 1924 qumlibet
1023 1859 1198 1931 porta,

156 1928 233 1982 cit
274 1932 339 1984 ad
365 1935 652 2003 orientem,
685 1960 706 1994 ι
764 1946 904 2000 unde
941 1951 1115 2005 oritur
1161 1955 1241 2008 sol
1267 1928 1509 2023 iustitia}.
1559 1928 1729 2021 Porrro

155 2019 243 2073 die
270 2024 500 2091 sabbati,
531 2028 582 2082 id
609 2042 712 2098 est,
748 2037 998 2104 septimo,
1031 2041 1084 2094 in
1104 2059 1210 2113 quo
1239 2019 1453 2118 requies
1478 2063 1582 2120 est,
1605 2072 1732 2128 ape-

156 2109 330 2184 rietur
359 2127 456 2181 per
481 2116 720 2189 singulas
747 2109 1138 2197 hebdomadas,
1181 2142 1234 2189 et
1261 2153 1474 2195 rursum
1497 2109 1729 2218 comprle-

156 2199 224 2252 tis
262 2201 452 2258 diebus
483 2208 733 2277 triginta,
788 2217 1001 2284 quando
1028 2220 1246 2280 alterius
1274 2216 1474 2287 mensis
1507 2199 1644 2292 finisr
1676 2250 1730 2295 et

153 2291 379 2349 alterius
406 2301 688 2358 exordium
729 2315 836 2371 est,
890 2309 944 2364 id
968 2322 1070 2378 cst,
1100 2323 1404 2389 neomenia,
1434 2326 1520 2381 die
1544 2329 1730 2386 videli-

153 2389 240 2433 cet
264 2381 645 2454 Kalendarum,
675 2396 977 2462 aperietur:
1011 2410 1069 2454 ut
1095 2407 1233 2473 quod
1259 2381 1728 2485 privilegiumwhaI-

153 2469 245 2524 bet
275 2477 534 2542 septimus
565 2481 677 2537 dies
713 2487 765 2538 in
810 2469 1162 2561 hebdomade,
1197 2469 1299 2554 hoc
1341 2469 1536 2560 habent
1559 2510 1727 2577 privi-

153 2559 351 2632 legium
394 2572 592 2625 mensis
617 2576 913 2631 exordium.
965 2581 1074 2637 Cur
1113 2597 1291 2644 autem
1324 2597 1597 2663 aperiatur
1643 2603 1728 2659 die

151 2655 404 2722 septimo,
459 2668 516 2713 et
559 2663 643 2716 die
674 2665 1033 2727 Kalendarum
1077 2687 1229 2747 porta
1270 2655 1543 2745 interioris
1577 2694 1724 2760 atrii,

149 2757 273 2813 qua:
321 2750 537 2818 respicit
565 2754 631 2808 ad
661 2758 950 2826 orientem,
977 2780 1206 2836 sequens
1249 2789 1427 2833 sermo
1453 2793 1724 2840 monstra-

150 2833 249 2888 bit.
311 2856 329 2886 ι
358 2839 424 2891 Et
449 2841 689 2906 intrabit,
745 2848 941 2918 inquit,
993 2833 1240 2931 princeps
1265 2880 1362 2932 per
1387 2869 1529 2925 viam
1558 2884 1724 2941 porta:

150 2924 374 2992 deforis,
407 2932 528 2985 atrii
553 2935 800 2993 videlicet
827 2946 1132 3015 exterioris,
1183 2962 1238 3006 et
1266 2959 1429 3012 stabit
1458 2961 1512 3015 in
1539 2924 1723 3024 limine

148 3025 340 3082 porta),
374 3038 392 3068 ι
463 3021 738 3082 interioris
769 3031 912 3094 atrii,
945 3051 1065 3104 qua;
1092 3042 1313 3112 respicit
1340 3048 1408 3103 ad
1435 3052 1717 3112 orientem.

147 3104 258 3159 Nec
286 3107 614 3178 ingredietur
648 3119 843 3173 atrium
874 3122 1121 3194 interius,
1156 3104 1250 3187 sed
1290 3135 1378 3191 illo
1407 3104 1585 3198 stante
1628 3148 1716 3202 alii

147 3200 460 3254 sacerdotes
489 3202 685 3260 facient
722 3226 820 3279 pro
846 3215 961 3284 ipso
991 3218 1382 3294 holocaustum,
1431 3248 1588 3302 quam
1617 3200 1715 3294 ob-
1745 3202 1789 3264 Ο

147 3285 406 3344 lationem
435 3293 814 3366 interpretatus
842 3314 926 3359 est
957 3307 1329 3382 Symmachus,
1367 3329 1421 3374 et
1446 3285 1714 3395 lpaciﬁca,

146 3378 257 3432 sive
285 3397 408 3450 quae
433 3385 499 3437 ad
527 3387 749 3443 salutem
780 3395 1072 3464 pertinent,
1104 3412 1162 3456 ut
1207 3378 1489 3478 postquam
1542 3378 1714 3475 hostia

143 3469 586 3540 principis‘sacro
628 3479 745 3548 igne
790 3482 951 3539 fuerit
995 3500 1358 3564 concremata,
1395 3511 1451 3556 et
1497 3505 1602 3561 dux
1633 3526 1717 3565 re-

143 3563 462 3618 conciliatus
508 3567 638 3633 Deo,
694 3580 820 3628 tunc
869 3577 1098 3636 adorare
1147 3588 1316 3653 possit
1351 3605 1512 3660 super
1554 3597 1714 3655 limen

143 3664 310 3722 porta:
342 3657 613 3715 interioris
638 3665 778 3730 atrii,
832 3668 882 3721 in
908 3687 1015 3739 quo
1042 3678 1254 3731 steterit
1282 3689 1337 3734 et
1385 3657 1709 3754 egrediatur.

142 3742 280 3811 Quid
307 3747 507 3817 igitur?
533 3762 648 3819 post
679 3756 1040 3823 egressionem
1065 3763 1325 3836 principis
1352 3742 1535 3829 statim
1558 3789 1712 3846 porta

140 3837 459 3891 claudetur!
535 3840 881 3913 Nequaquam
914 3889 929 3913 ,
1006 3853 1099 3906 sed
1162 3868 1346 3926 aperta
1398 3864 1500 3917 erit
1546 3837 1714 3936 usque

140 3926 206 3979 ad
260 3942 540 3995 vesperam
569 3972 584 3996 ,
634 3934 692 3984 ut
741 3943 862 4003 post
907 3939 1205 4010 principem
1256 3949 1432 4003 omnis
1484 3926 1712 4023 populus

121 4025 299 4073 'terrm
352 4021 540 4077 adoret
594 4035 780 4080 contra
838 4031 1033 4085 ostium
1081 4044 1251 4103 portae
1296 4039 1476 4097 illius:
1525 4021 1712 4104 adoret

138 4115 318 4159 autem
346 4106 397 4158 in
463 4109 700 4164 sabbatis
751 4120 805 4166 et
871 4114 925 4167 in
965 4115 1259 4188 Kalendis,
1307 4128 1521 4194 quando
1584 4147 1711 4202 ape-

140 4196 276 4249 ritur
332 4206 508 4266 porta.
561 4199 627 4253 Et
656 4203 781 4270 quia
835 4219 994 4273 supra
1049 4209 1302 4267 dixerat:
1340 4215 1561 4275 Facient
1615 4196 1710 4277 sa-

137 4285 390 4339 cerdotes
453 4287 824 4345 holocaustum
870 4293 985 4361 ejus
1021 4306 1076 4351 et
1135 4301 1356 4370 paciﬁca
1415 4306 1553 4375 ejus,
1608 4327 1709 4369 nec

136 4372 544 4441 sign'ﬁcaverat
631 4379 1069 4440 holocaustorum
1151 4406 1481 4462 numerum,
1564 4416 1709 4458 nunc

137 4459 296 4514 infert
362 4480 381 4512 ‹
430 4463 793 4522 holocaustum
861 4472 962 4527 hoc
1025 4474 1212 4532 offeret
1284 4459 1536 4555 princeps
1602 4489 1703 4544 Do-

136 4549 281 4603 mino
310 4551 366 4604 in
397 4552 483 4606 die
509 4555 734 4610 sabbati.
758 4578 776 4608 ι
811 4558 1011 4616 Oﬁ'eret
1039 4573 1214 4620 autem
1241 4585 1348 4625 non
1376 4535 1577 4641 ρει-⁸80,
1598 4582 1698 4641 sed
1728 4535 1780 4595 Β

135 4653 233 4707 per
262 4643 592 4708 sacerdotes,
617 4644 683 4700 de
705 4647 901 4714 quibus
931 4653 1185 4721 scriptum
1215 4666 1331 4712 est:
1363 4678 1381 4710 ι
1411 4661 1476 4716 Ει
1505 4663 1705 4725 facient

136 4730 448 4784 sacerdotes
475 4732 842 4790 holocaustum
871 4735 987 4809 ejus
1024 4751 1079 4796 et
1112 4746 1338 4813 paciﬁca
1373 4748 1506 4819 ejus.
1561 4755 1695 4822 Sex,

136 4815 331 4886 inquit,
347 4834 515 4890 agnos
537 4822 906 4882 immaculatos
928 4838 982 4883 ct
1003 4833 1226 4889 arietem
1245 4836 1694 4913 immaculatum,»

135 4905 207 4960 ita
235 4915 296 4960 ut
326 4910 652 4966 sacrificium
687 4917 870 4971 arietis
903 4934 1154 4976 mensura
1183 4926 1305 4995 ephi
1338 4929 1430 4994 sit,
1449 4947 1568 5000 qua:
1605 4937 1699 4991 he-

131 4994 314 5051 braice
342 5000 638 5067 appellatur
653 5006 810 5071 eplm.
845 5006 952 5062 Sex
983 5020 1157 5065 autem
1183 4994 1337 5084 agnis
1379 4994 1697 5082 sit-sacrifi-

133 5087 308 5154 cium,
342 5091 485 5157 quod
512 5090 704 5146 offerre
731 5100 967 5163 potuerit
995 5115 1184 5157 manus
1213 5105 1357 5175 ejus,
1388 5113 1478 5181 qui
1506 5115 1695 5184 offert,

132 5185 185 5229 ct
206 5191 304 5245 per
328 5179 538 5249 singula
560 5183 820 5251 ephi,erit
849 5186 951 5241 olei
981 5205 1229 5247 mensura
1254 5209 1377 5265 qua:
1399 5179 1696 5271 appellatur

131 5267 220 5322 hin
240 5287 256 5323 :
279 5270 641 5329 Kalendarum
663 5285 860 5345 autem,
878 5281 979 5336 hoc
1003 5293 1106 5350 est,
1131 5291 1531 5347 neomeniarum
1557 5295 1692 5364 dies,

1844 620 1897 673 in
1922 623 2107 677 vitulo.
2137 624 2263 679 Hmc
2291 630 2687 700 perspicuitatis
2719 649 2880 690 causa
2909 637 3018 691 sint
3041 641 3233 708 posita,
3261 660 3401 699 nunc

1841 711 2135 779 spiritalem
2164 730 2379 771 sensum
2407 718 2631 775 Domino
2660 723 2890 780 donante
2921 742 3241 785 reseremus.
3293 729 3401 787 Sex

1841 800 2049 866 diebus,
2085 805 2278 872 quibus
2305 822 2592 875 operamur
2619 811 2671 864 in
2699 814 2914 879 mundo,
2950 827 3104 886 porta
3130 820 3404 877 orientalis

1841 891 1965 943 atrii
2009 892 2281 948 interioris
2322 896 2498 951 clausa
2543 900 2698 954 nobis
2741 910 2844 957 est.
2897 903 3183 976 Postquam
3222 920 3400 966 autem

1838 979 2144 1035 venerimus
2172 983 2238 1036 ad
2267 985 2406 1038 diem
2433 989 2714 1056 septimum
2735 1029 2749 1054 ,
2795 991 2847 1046 id
2890 1001 2972 1045 est
3015 995 3081 1047 ad
3110 996 3251 1051 diem
3279 998 3402 1053 sab-

1838 1067 1970 1130 bati,
2000 1068 2052 1122 in
2079 1085 2184 1139 quo
2207 1081 2404 1128 aeterna
2437 1078 2648 1146 requies
2672 1088 2772 1144 est,
2801 1081 2914 1135 sive
2943 1084 3010 1137 ad
3037 1086 3177 1140 diem
3204 1087 3402 1144 Kalen-

1840 1157 2062 1225 darum,
2110 1163 2336 1229 quando.
2365 1176 2486 1234 post
2527 1183 2726 1222 caecam
2771 1183 2984 1227 noctem
3022 1183 3075 1229 et
3116 1177 3398 1235 horribiles

1839 1253 2090 1309 tenebras
2133 1254 2268 1312 lucis
2314 1261 2590 1314 exordium
2637 1272 2747 1329 est,
2794 1268 3034 1334 aperitur
3060 1270 3215 1325 nobis
3243 1281 3398 1341 porta

1835 1345 2135 1411 orientalis,
2182 1355 2236 1401 et
2280 1347 2325 1402 si
2363 1350 2484 1418 quis
2517 1360 2758 1407 nostrum
2792 1369 2888 1424 per
2916 1358 3104 1410 merita
3141 1359 3397 1414 virtutum

1837 1432 1987 1488 ducis
2029 1451 2223 1490 nomen
2271 1446 2326 1491 et
2368 1440 2680 1509 dignitatem
2714 1441 2875 1498 fuerit
2912 1456 3260 1509 consecutus.
3303 1464 3400 1520 per

1835 1522 1978 1576 viam
2020 1526 2271 1581 vestibuli
2319 1537 2484 1598 porta:
2530 1530 2752 1596 deforis,
2801 1535 2904 1590 hoc
2949 1544 3033 1590 est
3080 1553 3178 1607 per
3216 1542 3394 1595 mundi

1836 1611 1993 1680 lmjus
2033 1615 2261 1682 labores,
2284 1628 2339 1673 et
2376 1629 2584 1688 portam
2626 1623 2909 1691 Ecclesiae,
2959 1641 3078 1695 qua:
3121 1630 3296 1685 adhuc
3342 1632 3393 1685 in

1836 1703 2064 1758 terrenis
2093 1705 2286 1762 ﬁnibus
2309 1710 2481 1777 posita
2509 1720 2610 1775 est,
2637 1712 2966 1783 ingredietur
2990 1735 3002 1770 :
3030 1732 3134 1772 non
3172 1719 3396 1775 interius

1836 1795 2052 1861 atrium,
2080 1798 2182 1853 hoc
2207 1799 2351 1853 enim
2383 1801 2434 1855 in
2461 1807 2710 1872 praesenti
2742 1807 2859 1864 loco
2887 1809 3160 1876 scribitur,
3201 1813 3293 1867 sed
3329 1814 3394 1867 ad

1243 1869 1337 1922 sed
1373 1888 1393 1923 ι
1424 1888 1543 1942 quae
1571 1879 1728 1946 respi-
1757 1858 1807 1917 Β
1833 1885 1993 1939 limen
2022 1858 2189 1957 portae
2217 1858 2508 1956 interioris,
2553 1903 2607 1947 et
2646 1895 2810 1950 stabit
2851 1898 2905 1952 in
2945 1915 3028 1954 ea.
3084 1899 3178 1955 Sin
3215 1910 3394 1957 autem

1831 1975 2078 2046 princeps
2104 1977 2156 2032 in
2184 1980 2434 2046 praesenti
2461 1983 2725 2052 scriptura
2753 2001 2859 2042 non
2883 1988 3180 2059 ingreditur
3199 1994 3397 2047 atrium

1831 2063 2075 2130 interius,
2125 2067 2217 2122 sed
2255 2077 2364 2123 stat
2391 2070 2444 2124 in
2475 2071 2660 2129 limine
2696 2074 2833 2146 ejus,
2881 2078 3011 2132 nulli
3053 2080 3270 2135 dubium
3313 2090 3396 2138 est

1832 2170 1974 2210 nunc
1999 2172 2065 2211 ex
2090 2166 2243 2228 parte
2266 2174 2364 2216 nos
2388 2161 2593 2230 videre,
2620 2172 2675 2219 et
2699 2180 2764 2220 ex
2789 2176 2944 2235 parte
2971 2184 3313 2240 cognoscere,
3341 2181 3396 2229 et

1831 2248 2057 2301 necdum
2095 2248 2329 2304 revelata
2351 2249 2486 2307 facie
2512 2253 2736 2322 gloriam
2771 2257 2980 2313 Domini
3018 2263 3391 2331 contemplari.

1831 2335 2070 2406 Denique
2097 2346 2272 2394 stante
2299 2341 2541 2412 principe
2586 2345 2640 2400 in
2684 2345 2870 2402 limine
2896 2357 3064 2418 porta:
3092 2352 3214 2408 atrii
3252 2353 3392 2410 inte-

1831 2427 2011 2493 rioris,
2032 2429 2214 2484 caeteri
2237 2431 2562 2499 sacerdotes,
2585 2436 2779 2505 quibus
2805 2438 2908 2493 hoc
2930 2438 3160 2495 ollicium
3185 2441 3395 2512 delega-

1830 2527 1942 2572 tum
1965 2527 2066 2584 est,
2081 2535 2216 2589 quos
2238 2536 2520 2590 possumus
2544 2525 2839 2598 intelligere
2862 2531 3085 2586 virtutes
3100 2533 3388 2603 angelicas,

1827 2606 2024 2663 facient
2047 2626 2146 2680 pro
2175 2611 2291 2681 ipso
2320 2612 2690 2671 holocaustum
2720 2626 2773 2672 et
2799 2620 3040 2689 paciﬁca.
3086 2622 3390 2694 lndigemus

1827 2699 1969 2752 enim
2001 2701 2366 2758 misericordia
2394 2703 2525 2771 Dei,
2561 2716 2616 2762 et
2657 2710 2832 2766 omnis
2875 2719 3119 2767 creatura
3147 2715 3214 2768 ad
3242 2730 3389 2769 com-

1826 2790 2157 2858 parationem
2204 2795 2464 2851 creatoris
2507 2796 2779 2854 immunda
2821 2810 2906 2857 est
2945 2811 2999 2858 et
3038 2802 3220 2858 divino
3262 2804 3387 2876 igne

1823 2880 2128 2950 purganda,
2174 2898 2281 2953 quo
2322 2893 2376 2938 et
2413 2884 2563 2941 Isaiae
2592 2886 2727 2959 (Isa.
2760 2889 2834 2960 vi)
2864 2892 3135 2962 propheta:
3160 2901 3384 2964 purgata

1823 2979 1948 3023 sunt
1975 2969 2148 3038 labia,
2188 2983 2248 3027 ut
2279 2983 2562 3045 postquam
2598 2993 2696 3047 per
2723 2981 3048 3036 sacrificium
3081 2998 3266 3052 pacem
3300 3000 3384 3039 re-

1821 3062 2053 3129 ceperit,
2093 3071 2221 3120 tunc
2258 3066 2310 3120 in
2347 3066 2530 3122 limine
2559 3071 2904 3139 constitutus,
2933 3074 3119 3131 adoret
3145 3077 3385 3146 omnipo-

1822 3151 2043 3205 tentiam
2071 3153 2197 3218 Dei,
2236 3162 2290 3209 et
2327 3171 2387 3211 se
2418 3158 2541 3212 atrii
2578 3159 2848 3216 interioris
2884 3163 3126 3232 ingressu
3153 3165 3384 3220 fateatur

1823 3242 2097 3312 indignum
2135 3255 2190 3299 et
2227 3248 2406 3301 statim
2446 3247 2796 3319 ingrediatur.
2847 3252 3133 3324 Postquam
3164 3265 3376 3323 autem,

1817 3334 1906 3400 qui
1936 3335 2140 3401 primus
2167 3347 2252 3390 est
2280 3339 2440 3393 fuerit
2469 3355 2736 3408 egressus,
2768 3360 2871 3400 non
2900 3346 3180 3401 claudetur
3210 3364 3376 3419 usque

1818 3423 1884 3475 ad
1911 3439 2190 3492 vesperam
2223 3426 2381 3497 hujus
2407 3430 2586 3483 saeculi
2616 3432 2728 3500 ipsa
2753 3442 2906 3502 porta
2935 3435 3206 3493 interioris
3233 3441 3375 3505 atrii,

1817 3512 1911 3565 sed
1955 3523 2140 3581 aperta
2177 3516 2318 3581 erit,
2367 3526 2428 3572 ut
2472 3521 2948 3592 pepulusaluoque
2991 3535 3144 3581 terrae
3192 3528 3259 3582 sit
3310 3531 3377 3584 ad

1815 3600 2010 3655 ostium
2033 3642 2048 3666 ,
2093 3613 2150 3659 et
2181 3604 2365 3660 adoret
2390 3609 2456 3661 ad
2483 3623 2607 3662 eum
2640 3629 2651 3662 :
2678 3627 3014 3684 nequaquam
3067 3617 3209 3671 omni
3241 3629 3377 3675 tem-

1815 3704 1975 3758 pore,
2000 3694 2092 3746 sed
2133 3697 2345 3763 quando
2375 3699 2700 3768 requieverit
2727 3718 2756 3755 a
2785 3707 3044 3772 peccatis,
3075 3715 3148 3772 et,
3179 3707 3375 3777 fugatis

1816 3779 2072 3847 tenebris,
2101 3783 2226 3838 ﬁdei
2247 3795 2306 3840 et
2332 3788 2570 3843 scientia:
2598 3789 2776 3846 lumen
2803 3796 3088 3864 acceperit.
3142 3797 3250 3853 lloc
3279 3815 3374 3854 au-

1814 3879 1921 3924 tem
1951 3871 2121 3947 ipsum
2154 3875 2523 3940 holocaustum
2548 3919 2562 3945 ,
2611 3883 2752 3950 quod
2797 3884 2952 3940 offert
2996 3887 3244 3958 princeps
3277 3907 3374 3960 per

1812 3962 2117 4016 sacerdotes
2155 3964 2209 4017 in
2245 3965 2330 4019 die
2373 3969 2601 4035 sabbati,
2625 3985 2718 4025 sex
2764 3988 3022 4044 agnorum
3060 3978 3372 4037 immac‘ula-

1810 4058 1985 4105 torum
2011 4068 2234 4109 numero
2261 4058 2577 4115 terminatur
2601 4077 2615 4115 :
2646 4078 2744 4132 pro
2770 4080 2862 4119 sex
2890 4067 3135 4125 Videlicet
3159 4072 3368 4141 diebus,

1809 4139 1863 4193 in
1905 4141 2099 4210 quibus
2139 4155 2426 4214 Operamur
2467 4147 2522 4203 in
2565 4154 2801 4207 mundo:
2840 4165 2893 4211 et
2923 4157 3145 4214 arietem
3180 4161 3368 4216 imma-

1809 4227 2063 4295 culatum,
2089 4232 2178 4299 qui
2209 4233 2458 4305 princeps
2482 4241 2659 4310 gregis
2686 4252 2788 4308 est,
2819 4244 2892 4298 ita
2921 4255 2979 4300 ut
3006 4263 3104 4316 per
3129 4251 3368 4321 singulos

1808 4317 2003 4372 arietes
2024 4319 2278 4375 offeratur
2299 4323 2350 4377 in
2375 4327 2640 4383 sacriﬁcio
2662 4333 2806 4399 ephi,
2825 4335 2876 4387 id
2898 4344 2996 4403 est,
3017 4337 3220 4394 decima
3241 4357 3366 4410 pars

1804 4408 1937 4461 cori.
1969 4407 2026 4462 ln
2053 4425 2309 4479 agnorum
2331 4424 2506 4470 autem
2535 4433 2628 4473 sex
2655 4423 2916 4480 sacriﬁcio
2940 4437 3086 4482 certa
3115 4445 3362 4486 mensura

1806 4510 1910 4548 non
1950 4498 2186 4566 ponitur,
2214 4520 2232 4552 ι
2263 4503 2353 4556 sed
2397 4516 2882 4579 quantumcumque
2922 4515 3131 4570 dederit
3174 4534 3364 4576 manus

1806 4586 1939 4656 ejus,
1973 4609 1991 4642 ι
2027 4592 2114 4659 qui
2146 4593 2323 4660 offert,
2359 4595 2462 4650 hoc
2490 4607 2590 4662 est,
2619 4614 2715 4669 pro
2746 4617 2966 4672 operum
2996 4608 3254 4675 qualitate
3280 4620 3361 4664 at-

1807 4690 1911 4744 que
1931 4693 2175 4734 mensura
2196 4699 2208 4734 :
2233 4680 2334 4736 olei
2359 4695 2534 4739 autem
2557 4686 2648 4740 hin
2669 4687 2856 4743 offeret
2876 4707 2972 4760 per
2991 4695 3196 4765 singula
3217 4700 3360 4768 ephi,

1807 4759 1910 4819 hoc
1939 4774 2021 4820 est
2047 4767 2222 4823 oleum
2274 4771 2414 4841 quod
2442 4773 2544 4827 sibi
2569 4775 2802 4845 quinque
2830 4759 3060 4850 virgines
3079 4759 3358 4854 “praepara;

1805 4863 2024 4922 verunt,
2061 4867 2118 4911 ut
2148 4868 2310 4929 ungat
2333 4861 2562 4915 similam
2589 4863 2703 4917 sive
2729 4870 3164 4938 commiseeat,et
3184 4879 3360 4932 omnis

1801 4941 2000 4996 oblatio
2025 4943 2119 4998 Dei
2145 4945 2298 5013 plena
2326 4947 2396 5001 sit
2420 4946 2620 5004 lumine
2649 4952 2914 5034 veritatis,
2946 4965 3002 5010 et
3027 4959 3361 5017 exhilaretur

1801 5024 1965 5082 facies
1985 5027 2254 5086 offerentis
2295 5033 2490 5087 oleum.
2527 5036 2623 5091 Die
2646 5027 2826 5093 autem
2858 5040 3236 5111 Kalendarum,
3255 5051 3358 5105 hac

1797 5124 1910 5180 est,
1955 5117 2042 5171 die
2081 5119 2382 5187 tricesimo,
2426 5125 2641 5193 quando
2678 5126 3030 5199 primogenita
3067 5142 3123 5189 et
3157 5133 3356 5192 Levita:

1796 5216 2146 5262 numerantur
2172 5210 2223 5263 ln
2250 5210 2384 5282 lege,
2407 5221 2605 5282 praeter
2626 5230 2840 5274 omnem
2865 5220 3046 5287 lsrael,
3074 5222 3138 5278 de
3161 5226 3355 5294 quibus

1793 5308 1954 5364 supra
1982 5296 2230 5365 diximus,
2270 5300 2491 5374 offertur
2512 5300 2712 5361 vitulus
2738 5308 2803 5363 de
2828 5319 3070 5365 armento
3097 5313 3354 5368 immacu-

130 5358 232 5416 hoc
269 5363 493 5419 habebit
524 5368 856 5440 privilegium
895 5376 1125 5444 amplius
1162 5395 1192 5432 a
1231 5379 1318 5435 die
1344 5382 1586 5450 sabbati,
1634 5358 1694 5442 ut
1792 5358 1967 5450 latus,
2016 5398 2177 5456 super
2209 5358 2315 5459 quo
2349 5391 2558 5461 plenius
2592 5358 2850 5466 in—priori
2894 5399 3127 5469 capitulo
3174 5402 3348 5459 dism-

127 5450 327 5506 vitulus
362 5453 669 5510 immoletur
693 5458 758 5513 de
794 5471 1037 5518 armento
1063 5466 1175 5520 sive
1211 5475 1396 5523 taurus
1428 5471 1687 5530 immacu-

129 5536 290 5595 latus.
327 5542 534 5597 Caetera
563 5556 761 5614 autem,
792 5550 844 5604 id
873 5562 956 5606 est
979 5568 1070 5607 sex
1099 5557 1223 5625 agni
1245 5558 1571 5618 immaculati
1589 5605 1604 5629 ,
1630 5574 1686 5620 et

127 5629 266 5684 aries
291 5629 690 5702 immaculatus,
715 5645 768 5693 et
792 5641 1055 5696 sacriﬁcia
1081 5659 1263 5700 eorum
1291 5648 1451 5704 ritum
1477 5653 1681 5709 sabbati

128 5720 496 5787 possidebunt.
514 5722 592 5778 Ita
624 5727 901 5794 duntaxat,
917 5738 978 5783 ut
996 5731 1131 5786 sicut
1146 5733 1198 5787 in
1213 5735 1379 5791 ariete
1391 5738 1509 5806 ephi
1524 5740 1682 5797 olfer-

1792 5476 1997 5532 ruimus
2021 5493 2036 5531 :
2066 5487 2118 5533 et
2149 5481 2271 5550 agni
2297 5497 2390 5537 sex
2411 5493 2466 5539 et
2483 5488 2680 5543 arietes
2705 5489 3048 5558 immaculati,
3070 5501 3131 5548 et
3150 5503 3347 5551 caetera

1789 5578 1909 5632 qua:
1959 5566 2252 5624 offeruntur
2299 5572 2354 5626 in
2403 5576 2640 5631 sabbatis
2689 5563 2769 5631 ut,
2797 5581 3053 5635 aaternam
3102 5585 3343 5652 requiem

1787 5669 2195 5729 consequamur,
2232 5671 2287 5718 et
2318 5677 2619 5721 mereamur
2645 5669 2830 5724 audire
2855 5688 2868 5724 :
2901 5687 2926 5736 ‹⁵
2952 5671 3098 5742 Euge
3119 5713 3136 5739 ,
3185 5691 3339 5732 serve

1783 5743 1940 5812 bone,
1957 5750 2081 5818 quia
2106 5750 2159 5805 in
2182 5753 2368 5821 paucis
2393 5753 2562 5812 ﬁdelis
2582 5756 2748 5828 fuisti,
2765 5771 2926 5832 super
2945 5761 3109 5817 multa
3134 5771 3186 5819 te
3208 5779 3306 5820 oon
