3924 6354
469 476 602 535 1045

1102 471 1161 524 Β.
1207 469 1460 524 RABANl
1499 468 1718 526 MAURI
1756 469 2075 526 ARCHIEP.
2119 472 2432 531 MOGUNT.
2475 475 2766 546 OPERUM
2805 478 2985 533 PARS
3020 480 3082 534 ll.

3594 484 3728 540 10H

463 588 703 652 stituam,
729 585 868 639 intra
896 583 951 637 in
980 582 1217 652 requiem
1247 582 1446 638 domini
1474 584 1548 636 tui
1579 581 1793 653 (Matth.
1823 580 1981 652 xxv);
2014 599 2031 631 ι
2065 589 2116 647 Α
2144 581 2363 656 (Philip.
2388 585 2492 658 ιιι).
2528 606 2547 640 ›
2607 587 2912 658 Statimque
2941 589 3097 658 quasi
3135 589 3412 659 perfectus
3449 589 3728 662 loquitur:

463 687 521 735 et
550 692 653 732 non
685 675 854 731 solum
887 675 953 728 ad
981 683 1192 744 portam
1240 673 1514 729 interioris
1558 664 1680 726 atrii
1721 672 2040 742 pervenire,

463 771 559 827 scd
587 769 750 823 etiam
786 766 1084 837 penetralia
1115 766 1230 836 ejus
1265 766 1467 820 intrare
1505 764 1774 835 possimus
1818 770 1870 816 et
1914 762 2043 818 illud

461 876 623 933 opere
649 861 947 932 possidere,
979 877 997 910 ι
1026 858 1260 913 Plantati
1284 859 1336 911 in
1364 859 1522 912 domo
1546 856 1782 921 Domini,
1810 857 1862 910 in
1889 856 2044 911 atriis

462 954 652 1007 domus
678 951 775 1005 Dei
803 950 974 1006 nostri
996 949 1267 1006 florebunt
1289 953 1457 1019 (Psal.
1479 950 1600 1020 xei).
1618 965 1634 998 ι

538 1063 555 1094 ‹
580 1043 823 1113 Cumque
843 1043 1190 1114 ingressurus
1208 1049 1291 1094 est
1304 1040 1570 1110 princeps,
1597 1053 1693 1108 per
1713 1038 1857 1092 viam
1881 1039 2043 1093 vesti-

459 1155 476 1186 ς
518 1134 630 1188 buli
659 1143 831 1204 portae
860 1129 1196 1204 ingrediatur
1223 1121 1399 1202 et'per
1423 1131 1668 1186 eamdem
1696 1131 1835 1184 viam
1863 1140 2037 1186 exeat.

458 1245 475 1277 ι
519 1225 584 1281 Et
608 1241 730 1281 cum
755 1224 980 1280 intrabit
1002 1224 1229 1295 populus
1257 1231 1413 1277 teme
1433 1221 1487 1276 in
1515 1231 1808 1291 conspectu
1832 1221 2042 1276 Domini

458 1336 476 1368 ι
518 1317 570 1370 in
600 1315 1052 1382 solemnitatibus,
1075 1316 1167 1385 qui
1195 1314 1494 1386 ingreditur
1516 1328 1615 1383 per
1636 1321 1846 1382 portam
1876 1311 2042 1381 Aqui-

458 1426 476 1457 c
515 1407 653 1461 lonis
688 1415 747 1460 ut
773 1406 1000 1471 adoret,
1046 1404 1354 1477 egrediatur
1381 1418 1478 1473 per
1506 1403 1646 1456 viam
1684 1411 1855 1472 portae
1881 1402 2044 1457 meri-

460 1519 476 1549 ι
517 1499 708 1553 dianre.
722 1497 790 1552 Et
810 1497 901 1567 qui
925 1497 1224 1567 ingreditur
1244 1510 1340 1566 per
1360 1494 1499 1548 viam
1523 1502 1691 1563 porta:
1711 1492 2038 1557 meridianaa,

461 1608 477 1638 ι
516 1588 823 1659 egrediatur
851 1602 948 1656 per
977 1587 1119 1640 viam
1149 1594 1318 1655 portae
1345 1584 1647 1654 Aquilonis.
1662 1582 1775 1637 Non
1807 1590 2043 1637 reverta-

461 1697 477 1727 ‹
515 1687 602 1731 tur
627 1693 725 1748 per
753 1678 898 1731 viam
935 1686 1136 1746 portae,
1178 1690 1277 1744 per
1305 1690 1466 1744 quam
1496 1675 1773 1743 ingressus
1801 1682 1917 1738 est,
1947 1674 2041 1728 sed

459 1785 479 1819 ι
513 1783 542 1824 c
569 1768 789 1839 regione
817 1767 964 1822 illius
991 1766 1320 1837 egredietur.
1353 1764 1613 1834 Princeps
1639 1773 1817 1818 autem
1848 1763 1902 1817 iu
1930 1780 2044 1818 me‘

459 1878 477 1912 ε
510 1859 599 1915 dio
645 1874 834 1914 eorum
875 1875 888 1911 :
932 1873 1054 1912 cum
1107 1855 1538 1927 ingredientibus
1587 1854 1937 1926 ingredietur,
1988 1863 2042 1907 et

2154 690 2173 724 ‹
2206 673 2379 729 Unum
2408 685 2589 730 autem
2618 678 2979 746 posteriorum
3007 678 3351 746 obliviscens,
3392 683 3458 736 ad
3497 698 3562 737 ea
3612 700 3734 753 qua

2145 765 2196 819 in
2225 766 2404 836 priora
2441 778 2566 822 sunt
2595 783 2679 822 me
2705 769 3023 833 extendens,
3055 768 3211 838 juxta
3241 773 3579 841 propositum
3609 788 3732 842 per-

2144 871 2342 924 sequor
2379 860 2444 912 ad
2484 857 2729 912 bravium
2791 874 3042 929 superna:
3093 861 3432 916 vocationis:
3467 873 3733 934 quotquot

2144 959 2274 1017 ergo
2300 946 2526 1016 perfecti
2566 948 2668 1002 hoc
2699 948 2936 1017 sapimus
2962 946 3171 1019 (lbid.).
3202 968 3221 1002 ι
3279 949 3558 1016 Quomodo
3585 953 3730 1007 enim

2143 1048 2321 1109 potest
2348 1051 2494 1096 stare
2523 1043 2821 1106 sententia,
2865 1049 2924 1096 ut
2951 1042 3044 1113 qui
3075 1042 3286 1098 dixerat
3319 1060 3425 1099 non
3465 1046 3590 1113 quia
3619 1045 3730 1114 jam

2145 1131 2348 1200 accepi,
2386 1141 2479 1185 aut
2506 1133 2629 1200 quia
2656 1131 2767 1199 jam
2799 1133 3070 1202 perfectus
3131 1136 3260 1198 sim,
3283 1137 3480 1190 audeat
3512 1138 3692 1192 dicere
3713 1156 3726 1170 υ

2145 1218 2420 1295 Quotquot
2447 1236 2574 1294 ergo
2608 1221 2830 1292 perfecti
2858 1224 2961 1279 hoc
2988 1225 3261 1293 sapimus?
3281 1225 3360 1280 Ex
3387 1241 3494 1295 quo
3523 1229 3731 1298 perspi-

2143 1329 2304 1369 cuum
2331 1323 2411 1371 est
2441 1331 2654 1372 omnem
2684 1317 2955 1374 hominem
2984 1327 3039 1373 et
3065 1319 3372 1375 universam
3399 1330 3727 1386 creaturam,

2145 1407 2393 1474 quamvis
2441 1407 2509 1461 ad
2557 1407 2944 1477 perfectionem
2993 1411 3238 1476 venerit,
3275 1419 3455 1466 tamen
3491 1411 3730 1482 indigere

2145 1501 2514 1560 misericordia
2541 1503 2638 1558 Dei
2681 1514 2736 1568 et
2776 1505 2986 1574 plenam
3018 1504 3408 1576 perfectionem
3436 1521 3502 1559 ex
3534 1507 3727 1575 gratia,

2145 1608 2250 1648 non
2285 1610 2353 1650 ex
2392 1597 2588 1651 merito
2621 1599 2918 1667 possidere.
2974 1598 3291 1669 Praecipitur
3318 1599 3501 1668 itaque
3535 1599 3729 1668 populo

2146 1695 2335 1752 terra},
2371 1705 2388 1737 ι
2419 1696 2479 1741 ιιι
2530 1689 2575 1742 si
2625 1689 2924 1760 ingreditur
2962 1705 3059 1759 per
3101 1700 3314 1760 portam
3341 1690 3630 1760 Aquilonis
3673 1701 3729 1745 ut

2147 1777 2352 1844 adoret,
2377 1780 2688 1850 egrediatur
2711 1796 2808 1850 per
2831 1782 2970 1835 viam
2996 1789 3165 1850 pertaa
3188 1782 3523 1835 meridianae.
3550 1800 3568 1831 ι
3600 1780 3728 1848 Quis

2144 1876 2227 1921 est
2255 1869 2356 1922 iste
2381 1870 2627 1938 populus,
2675 1871 2760 1925 cui
2791 1872 2892 1927 hoc
2920 1871 3271 1940 praccipitur?
3315 1869 3522 1941 Nempe
3552 1872 3724 1942 genti-

455 1970 475 2002 ι
510 1966 633 2006 cum
658 1947 1412 2020 egredientibus.egredictur.
1452 1947 1518 2000 Et
1544 1946 1600 1999 in
1627 1945 1878 2000 nundinis
1905 1956 1957 2001 et
1985 1946 2037 1998 in
2068 1943 2113 2002 B
2143 1956 2291 2022 lium,
2334 1967 2394 2011 ut
2428 1959 2518 2027 qui
2553 1960 2930 2030 derelinquens
2968 1970 3182 2030 portam
3208 1959 3517 2030 Aquilonis,
3555 1979 3584 2016 a
3622 1977 3724 2030 quo

457 2061 475 2092 ‹
510 2040 944 2098 solemnitatibus
974 2039 1078 2094 erit
1104 2037 1432 2092 sacrificium
1457 2036 1579 2105 ephi
1605 2050 1701 2105 per
1730 2035 1956 2089 vitulum
1987 2045 2040 2089 et

460 2153 476 2185 ι
512 2134 634 2205 ephi
667 2148 764 2204 per
790 2132 1032 2187 arietem.
1081 2129 1138 2188 In
1177 2130 1332 2201 agnis
1363 2139 1543 2184 autem
1578 2129 1683 2183 erit
1712 2129 2037 2184 sacrificium

457 2246 474 2276 ς
510 2226 649 2281 sicut
677 2225 944 2278 invenerit
975 2239 1167 2278 manus
1195 2223 1332 2293 ejus,
1351 2231 1406 2276 et
1439 2221 1544 2276 olei
1579 2221 1670 2275 hin
1705 2237 1803 2290 per
1833 2221 2038 2291 singula

459 2336 474 2365 ε
509 2317 654 2387 ephi.
688 2336 706 2369 ι
761 2315 1022 2386 Princeps
1056 2315 1175 2379 ille,
1221 2316 1286 2370 de
1327 2330 1435 2385 quo
1471 2330 1633 2383 supra
1664 2316 1868 2370 dictum
1914 2323 2032 2381 est,

460 2426 477 2457 ι
511 2407 579 2462 Et
607 2406 831 2461 intrabit
872 2406 1123 2476 princeps
1163 2421 1263 2474 per
1288 2406 1430 2458 viam
1463 2405 1714 2460 vestibuli
1746 2417 1914 2477 portae
1941 2401 2035 2460 de-

447 2497 622 2553 foris:
651 2511 749 2567 per
777 2495 1021 2567 eamdem
1061 2504 1272 2564 portam
1309 2495 1648 2565 ingrediatur
1679 2508 1734 2550 et
1768 2512 1865 2566 per
1889 2511 2038 2570 eam-

393 2589 401 2591 “
450 2591 575 2645 dem
604 2589 945 2660 egrediatur;
980 2590 1000 2640 ἰ
1041 2587 1196 2643 liberi
1229 2587 1372 2642 enim
1420 2588 1629 2643 arbitrii
1671 2597 1788 2654 est,
1839 2596 1895 2643 ct
1937 2604 2034 2658 po-

451 2689 704 2736 testatem
748 2678 913 2734 habet
941 2677 1176 2748 ponendi
1205 2677 1441 2731 animam
1474 2693 1628 2732 suam
1657 2676 1836 2750 (Joan.
1870 2677 1948 2750 x),
1984 2687 2038 2734 et

449 2783 666 2823 rursum
703 2766 1012 2822 resumendi
1061 2781 1221 2829 eam,
1275 2774 1331 2820 et
1381 2775 1490 2819 tam
1533 2766 1598 2822 ad
1649 2781 1747 2821 nos
1792 2763 2034 2832 veniens,

449 2874 613 2928 quam
640 2858 964 2914 adctelestia
980 2857 1370 2923 conscendens,
1394 2857 1583 2912 eadem
1610 2854 1906 2926 majestatis
1929 2842 2038 2912 suae

446 2950 622 3003 utitur
647 2949 931 3016 libertate,
968 2948 1202 3018 denique
1230 2963 1336 3003 non
1366 2948 1560 3018 quaerit
1598 2947 1898 3014 nundinas,
1937 2965 2039 3004 uec

448 3040 853 3106 solemnitates,
889 3055 990 3096 nec
1025 3039 1386 3095 differentiam
1426 3039 1591 3094 ullam
1633 3040 1885 3095 observat
1926 3041 2038 3095 die-

448 3149 571 3188 rum
596 3172 611 3198 ,
660 3133 786 3202 quia
824 3145 984 3186 omne
1024 3140 1235 3200 tempus
1267 3131 1317 3185 ei
1347 3129 1612 3185 festivitas
1649 3137 1751 3185 est.
1803 3130 2039 3201 Populus

448 3237 630 3283 autem
659 3228 713 3282 in
746 3225 998 3281 nundinis
1029 3234 1235 3278 tantum
1283 3232 1338 3280 et
1376 3224 1430 3278 in
1473 3223 1906 3279 solemnitatibus
1953 3223 2035 3277 in-

449 3322 691 3392 greditur
730 3328 782 3375 et
807 3319 1096 3390 egreditur,
1123 3328 1178 3373 et
1213 3334 1318 3372 non
1348 3333 1443 3388 per
1469 3319 1712 3372 eamdem
1743 3318 1909 3381 viam,
1938 3317 2033 3372 sed
2062 3289 2106 3350 Ο

449 3428 548 3486 per
570 3413 798 3468 alteram
825 3421 984 3481 atque
1013 3410 1239 3464 alteram
1278 3431 1290 3462 :
1325 3411 1584 3478 scriptum
1617 3418 1700 3464 est
1726 3409 1868 3463 enim
1890 3428 1900 3461 :
1926 3428 1943 3460 ‹
1967 3407 2035 3462 Et

450 3521 575 3560 cum
606 3504 829 3558 intrabit
864 3502 1096 3573 populus
1125 3511 1284 3554 terra:
1320 3501 1373 3554 in
1406 3508 1698 3568 conspectu
1730 3499 1942 3554 Domini
1980 3500 2035 3554 in

451 3594 906 3657 solemnitatibus,
934 3593 1023 3661 qui
1056 3591 1355 3662 ingreditur
1381 3606 1476 3660 per
1501 3601 1712 3660 portam
1755 3589 2037 3660 Aquilonis

460 3695 517 3742 ut
539 3687 746 3749 adoret,
778 3685 1086 3755 egrediatur
1113 3699 1209 3753 per
1235 3682 1376 3737 viam
1401 3692 1570 3753 porta:
1587 3682 1924 3748 meridiane;
1947 3683 2040 3754 (et

453 3777 546 3846 qui
578 3775 881 3846 ingreditur
909 3787 1004 3844 per
1033 3773 1175 3826 viam
1203 3781 1373 3841 portae
1414 3773 1755 3839 meridianze,
1788 3773 2034 3842 egredia-

453 3880 543 3922 tur
579 3882 676 3938 per
700 3867 858 3922 ’viam
891 3872 1061 3936 portae
1088 3863 1391 3934 Aquilonis,
1443 3879 1550 3919 non
1599 3873 1900 3919 revertetur
1941 3879 2038 3934 per

457 3959 598 4011 viam
629 3966 799 4026 porta:
828 3971 922 4025 per
951 3971 1113 4025 quam
1145 3955 1419 4026 ingressus
1445 3963 1547 4019 est,
1603 3955 1695 4010 sed
1740 3971 1770 4009 e
1813 3957 2038 4026 regione

460 4048 603 4102 illius
632 4047 958 4116 egredietur.
1015 4044 1169 4112 Quod
1209 4060 1316 4098 non
1348 4044 1521 4099 solum
1568 4044 1654 4099 his
1701 4045 2035 4114 prtecipitur,

455 4140 548 4208 qui
592 4138 943 4210 egrediuntur
986 4137 1053 4190 de
1103 4134 1386 4200 Sodomis,
1437 4143 1493 4189 et
1540 4134 1736 4188 dicitur
1770 4134 1881 4198 eis,
1918 4152 1936 4183 ε
1971 4150 2037 4189 ne

457 4228 718 4297 respicias
769 4234 1066 4281 retrorsum
1100 4225 1253 4294 (Cen.
1294 4223 1444 4294 xxx),
1479 4241 1498 4274 ι
1553 4238 1726 4293 neque
1782 4221 1886 4278 illis
1945 4224 2036 4292 qui

458 4335 678 4374 manum
715 4319 934 4373 mittunt
967 4317 1034 4370 ad
1063 4323 1335 4379 aratrum,
1385 4323 1442 4368 ut
1485 4329 1592 4368 non
1636 4314 1928 4383 respiciant
1974 4329 2036 4385 ea

457 4424 578 4477 qua:
604 4416 726 4477 post
756 4416 964 4477 tergum
999 4414 1144 4470 sunt,
1183 4404 1279 4459 sed
1309 4405 1361 4458 in
1392 4404 1550 4458 do‘mo
1579 4419 1792 4476 quoque
1824 4405 2036 4460 Domini

457 4496 767 4552 constitutis
783 4496 1019 4564 jubetur,
1043 4509 1109 4548 ne
1130 4501 1253 4562 post
1275 4502 1421 4565 terga
1444 4493 1754 4562 respiciant,
1779 4502 1836 4549 et
1859 4509 2036 4549 rever-

463 4596 646 4642 tantur
671 4587 738 4641 ad
768 4600 932 4657 egena
969 4593 1024 4638 et
1051 4585 1264 4638 infirma
1297 4583 1584 4649 elementa,
1627 4592 1681 4639 et
1717 4583 2037 4655 incipientes

465 4678 691 4750 spiritu,
732 4690 895 4732 carne
921 4684 1324 4737 consumantur,
1375 4675 1470 4730 sed
1498 4683 1559 4728 ut
1595 4673 1663 4729 de
1708 4674 2040 4744 spiritalibus

463 4782 678 4838 quoque
708 4767 773 4820 ad
802 4765 1001 4835 majora
1030 4764 1324 4833 procedant
1349 4772 1402 4818 et
1429 4765 1609 4818 dicant
1634 4779 1756 4817 cum
1783 4763 2038 4832 Apostolo

460 4859 684 4932 (Philip.
716 4857 796 4928 tu)
821 4871 834 4909 :
867 4877 883 4907 ‹
916 4855 1316 4912 Praeteritorum
1347 4854 1671 4909 obliviscens
1695 4862 1750 4909 et
1775 4854 1828 4908 in
1857 4855 2036 4923 priora

462 4968 548 5006 me
576 4950 894 5012 extendens,
927 4968 944 4999 ι
979 4956 1036 5002 ut
1066 4961 1403 5016 nequaquam
1433 4960 1495 5000 ex
1530 4955 1682 5014 parte
1711 4953 2037 5015 cognoscant

465 5053 520 5099 et
549 5059 611 5097 ex
651 5049 804 5111 parte
848 5039 1170 5110 prophetent
1221 5037 1273 5108 (Ι
1324 5036 1445 5091 Cor.
1493 5038 1637 5109 xm),
1683 5039 1778 5093 sed
1819 5039 2037 5092 veniant

462 5135 533 5189 ad
563 5132 890 5204 perfectum,
925 5131 1079 5200 juxta
1106 5145 1224 5184 eam
1251 5138 1427 5185 tamen
1453 5129 1856 5199 perfectionem,
1880 5147 2042 5200 quam

465 5233 646 5296 potest
675 5227 866 5293 eapere
893 5223 1126 5276 humana
1155 5231 1346 5275 natura
1366 5261 1380 5286 ,
1421 5231 1481 5275 ut
1521 5221 1882 5292 intelligamus
1915 5223 2043 5279 illud

469 5313 835 5383 evangelicum
863 5330 877 5366 ε
907 5330 926 5363 ι
958 5312 1025 5366 Et
1061 5327 1158 5366 vos
1202 5326 1324 5366 cum
1369 5313 1548 5366 omnia
1577 5311 1816 5367 feceritis
1847 5314 2041 5380 dicite,

473 5406 629 5461 Servi
666 5404 884 5459 inutiles
922 5419 1139 5470 sumus,
1187 5405 1327 5473 quod
1372 5403 1656 5460 debuimus
1686 5404 1867 5460 facere
1907 5405 2042 5460 feci-

469 5510 590 5550 mus
617 5493 768 5570 (Luc.
798 5493 952 5565 xvn).
989 5514 1006 5546 ι
1057 5492 1210 5549 Unde
1234 5501 1289 5548 et
1311 5493 1597 5562 Apostolus
1627 5493 1680 5548 in
1706 5497 1894 5550 eadem
1919 5497 2045 5566 Epi-

472 5586 606 5641 stola
643 5585 710 5640 de
747 5585 953 5640 duabus
978 5585 1214 5654 loquitur
1238 5583 1698 5655 perfectionibus;
1745 5588 1902 5656 quasi
1946 5588 2045 5641 im-

474 5676 749 5745 perfectus
795 5676 936 5730 enim
986 5675 1210 5729 scribit:
1258 5693 1276 5724 ι
1320 5673 1436 5730 Non
1476 5675 1598 5744 quia
1633 5674 1744 5743 jam
1775 5676 1961 5746 accepi
1990 5685 2046 5732 et

473 5767 628 5834 quasi
670 5765 784 5834 jam
833 5765 1102 5835 perfectus
1147 5765 1286 5819 sim:
1327 5780 1622 5834 persequor
1645 5774 1822 5822 autem
1864 5767 1909 5821 si
1949 5781 2044 5837 ap-

484 5859 811 5930 prehendam
829 5899 843 5923 ,
875 5858 926 5912 in
957 5873 1062 5928 quo
1089 5865 1144 5913 et
1172 5857 1590 5927 comprehensus
1617 5873 1733 5913 sum
1773 5873 1804 5912 a
1832 5856 2047 5914 Christo

2071 4634 2117 4692 D

2140 2045 2501 2103 exardescutft
2543 2049 2682 2102 mala
2732 2065 2894 2119 super
2941 2058 3183 2114 terram,
3239 2051 3522 2120 ingressus
3567 2050 3727 2105 fuerit

2141 2140 2545 2210 templum,non
2574 2134 2879 2210 egrediatur
2905 2141 3009 2220 nisi
3044 2157 3142 2212 per
3176 2143 3309 2195 riam
3350 2151 3524 2211 portae
3563 2143 3724 2197 meri-

2139 2229 2317 2295 diana:
2349 2231 2416 2286 ad
2453 2239 2669 2300 portam
2703 2231 2954 2296 luminis,
3005 2232 3072 2285 ad
3119 2240 3328 2302 portam
3376 2233 3613 2297 caloris,
3657 2233 3725 2289 ad

2139 2331 2347 2392 portam
2381 2324 2432 2378 in
2468 2339 2572 2392 qua
2616 2339 2847 2393 sponsus
2889 2325 3054 2377 cubat
3093 2324 3146 2377 in
3186 2325 3430 2378 meridie.
3487 2325 3726 2394 Denique

2139 2413 2335 2470 dicitur
2383 2415 2435 2468 in
2489 2414 2679 2469 eodem
2725 2413 2947 2468 Cantico
2995 2413 3332 2468 canticorum
3371 2428 3385 2467 :
3441 2433 3461 2464 ‹
3519 2413 3722 2486 Surge,

2137 2506 2364 2576 Aquilo;
2403 2514 2459 2560 et
2485 2506 2628 2570 veni,
2656 2505 2858 2579 Auster.
2879 2504 3054 2575 (Cant.
3085 2505 3181 2575 iv).
3206 2525 3224 2557 ›
3260 2503 3362 2571 Qui
3390 2520 3522 2561 vero
3551 2507 3726 2577 ingre-

2139 2597 2284 2651 ditur
2316 2611 2415 2666 per
2474 2597 2617 2650 viam
2665 2604 2836 2665 portae
2874 2595 3217 2660 meridianae,
3270 2596 3584 2665 egrediatur
3631 2610 3726 2666 per

2139 2689 2278 2742 viam
2309 2695 2479 2757 portae
2498 2687 2809 2758 Aquilonis;
2844 2687 3090 2756 quisnam
3120 2685 3210 2741 ille
3235 2694 3318 2740 est
3337 2685 3601 2756 populus?
3623 2686 3726 2741 sci-

2138 2777 2266 2832 licet
2279 2776 2607 2842 Judatorum,
2623 2779 2713 2849 qui
2731 2777 3109 2846 derelinquens
3129 2786 3340 2848 portam
3357 2780 3458 2833 viae
3483 2777 3724 2843 luminis,

2138 2870 2285 2924 vadit
2313 2870 2380 2925 ad
2419 2877 2630 2939 portam
2656 2869 2938 2939 Aquilonis
2973 2871 3039 2925 de
3072 2884 3179 2940 quo
3206 2872 3442 2926 dicitur:
3479 2889 3498 2922 ι
3531 2871 3727 2941 Aquilo

2139 2969 2330 3016 ventus
2359 2961 2682 3016 durissimus
2729 2959 2919 3031 (Eccli.
2959 2961 3146 3030 xuu);
3180 2982 3197 3012 ι
3243 2977 3370 3015 nam
3402 2970 3456 3016 ct
3507 2962 3608 3015 olla
3636 2960 3728 3016 Je-

2142 3052 2323 3107 remizc
2352 3067 2380 3106 a
2410 3052 2547 3108 facie
2576 3053 2844 3123 aquilonis
2873 3055 3185 3108 accenditur
3211 3052 3346 3124 (Jer.
3375 3054 3437 3123 l).
3473 3055 3728 3110 Dicamus

2140 3152 2194 3197 et
2221 3143 2398 3198 aliter.
2432 3142 2536 3197 Per
2569 3154 2784 3213 portam
2813 3143 3095 3213 Aquilonis
3126 3145 3444 3215 ingreditur,
3473 3146 3564 3215 qui
3593 3160 3725 3216 pec-

2142 3240 2262 3285 cata
2292 3231 2515 3285 dimittit
2540 3250 2552 3284 :
2583 3239 2638 3286 et
2666 3231 2942 3302 egreditur
2971 3247 3065 3301 per
3092 3242 3306 3301 portam
3336 3233 3723 3297 meridianam,

2138 3322 2228 3391 qui
2256 3321 2481 3376 virtutes
2512 3321 2777 3391 sequitur.
2826 3323 2869 3376 E
2907 3323 3200 3384 contrario,
3248 3323 3293 3376 si
3329 3323 3507 3392 justus
3545 3323 3730 3392 lapsus

2137 3406 2302 3466 fuerit
2350 3413 2404 3466 in
2451 3413 2718 3483 peccatis,
2769 3413 3069 3482 ingreditur
3115 3412 3332 3483 quidem
3376 3430 3474 3483 per
3513 3425 3726 3485 portam

2139 3501 2516 3567 meridianam,
2539 3501 2633 3557 sed
2646 3502 2923 3572 egreditur
2943 3517 3040 3572 per
3061 3503 3200 3557 viam
3224 3511 3394 3572 portae
3416 3504 3724 3573 Aquilonis.

2145 3608 2161 3640 ι
2195 3588 2453 3660 Princeps
2488 3599 2702 3657 autem,
2739 3593 2950 3661 inquit,
2993 3594 3046 3647 in
3083 3593 3260 3648 medio
3294 3610 3485 3649 eorum
3522 3596 3664 3659 erit,
3703 3615 3721 3646 ι

2139 3679 2555 3750 ingredientium
2585 3682 2793 3737 scilicet
2829 3691 2884 3736 et
2923 3684 3308 3752 egredientium
3334 3725 3348 3748 ,
3390 3683 3547 3752 juxta
3594 3685 3728 3741 illud

2137 3761 2279 3839 quod
2307 3771 2567 3840 scriptum
2593 3781 2712 3826 est:
2749 3791 2766 3822 ι
2801 3771 3006 3827 Medius
3049 3773 3190 3827 inter
3226 3790 3328 3829 vos
3367 3785 3512 3840 stat,
3560 3791 3726 3846 quem

2139 3876 2233 3915 vos
2255 3854 2515 3931 ignoratis
2534 3859 2713 3930 (Joan.
2743 3859 2803 3932 1).
2838 3880 2856 3913 ι
2885 3861 3252 3930 EtApostolus
3278 3882 3289 3915 :
3315 3886 3332 3914 ι
3363 3864 3446 3918 Αιι
3466 3865 3726 3936 ignoratis

2138 3950 2391 4018 quoniam
2421 3948 2668 4005 Christus
2707 3951 2762 4004 in
2795 3952 2948 4007 vobis
2983 3961 3064 4006 est
3089 3951 3174 4024 (II
3200 3950 3321 4006 Cor.
3356 3956 3520 4022 xm)?
3552 3975 3568 4005 ι
3624 3956 3723 4010 Sin

2139 4051 2319 4096 autem
2357 4042 2728 4111 ignorantibus
2775 4042 2994 4109 dicitur,
3044 4043 3187 4112 quod
3220 4044 3431 4098 medius
3464 4046 3601 4099 inter
3629 4060 3728 4102 eos

2139 4133 2288 4187 stetit
2314 4132 2583 4198 Christus,
2631 4142 2833 4204 quanto
2865 4136 3039 4205 magis
3070 4135 3400 4190 scientibus!
3457 4136 3563 4193 Sed
3599 4153 3724 4194 cum

2139 4222 2282 4277 inter
2303 4223 2536 4279 scientes
2555 4223 2805 4282 Christus
2828 4227 3056 4292 steterit,
3082 4235 3210 4295 tunc
3231 4243 3429 4298 corpus
3453 4239 3726 4287 mortuum

2140 4311 2233 4367 fiet
2273 4323 2495 4383 propter
2533 4323 2815 4384 peccatum
2840 4355 2856 4380 ,
2905 4326 2961 4371 et
3001 4318 3224 4387 spiritus
3271 4319 3461 4374 vivens
3500 4331 3726 4391 propter

2131 4401 2416 4472 justitiam.
2452 4401 2753 4473 ingreditur
2779 4415 2960 4461 autem
2990 4407 3242 4476 princeps
3268 4423 3389 4462 cum
3417 4410 3756 4480 ingredien--

2138 4491 2310 4556 tibus,
2350 4499 2407 4547 et
2432 4492 2706 4562 egreditur
2730 4505 2852 4548 cum
2882 4495 3315 4565 egredientibus,
3363 4507 3720 4569 utrorumque

2141 4581 2357 4637 virtutis
2396 4591 2558 4652 atque
2609 4584 2816 4653 peccati
2855 4586 3007 4639 testis
3039 4587 3320 4642 assistens.
3370 4586 3429 4642 In
3470 4590 3730 4648 nundinis

2147 4684 2276 4740 ergo
2316 4679 2371 4724 et
2410 4671 2464 4725 in
2509 4671 2960 4738 solemnitatibus,
3010 4675 3353 4730 sabbatorum
3380 4678 3630 4734 videlicet
3673 4689 3731 4737 et

2147 4759 2540 4825 Kalendarum,
2569 4769 2624 4814 et
2657 4763 2922 4818 universae
2951 4762 3276 4829 festivitatis,
3310 4766 3375 4820 de
3404 4783 3509 4836 qua
3538 4769 3588 4822 in
3627 4784 3730 4824 an-

2147 4852 2438 4907 terioribus
2480 4851 2641 4907 locuti
2687 4867 2896 4918 sumus,
2952 4862 3061 4907 tam
3102 4855 3155 4908 in
3208 4855 3410 4920 vitulo,
3459 4872 3620 4927 quam
3671 4860 3727 4914 in

2148 4941 2316 4995 ariete
2354 4942 2562 5012 singula
2587 4942 2714 5012 ephi
2742 4942 3042 4998 offeruntur
3071 4945 3124 4998 iu
3153 4946 3439 5001 sacrificio.
3473 4949 3530 5003 in
3568 4953 3729 5020 agnis

2147 5050 2275 5090 vero
2302 5050 2407 5089 non
2436 5036 2542 5090 erit
2569 5038 2752 5090 certus
2784 5051 3062 5102 numerus,
3102 5052 3202 5093 nec
3228 5039 3493 5096 voluntati
3531 5043 3728 5098 dimis-

2147 5141 2264 5182 sum
2293 5126 2575 5181 arbitrium
2593 5165 2606 5191 ,
2638 5127 2730 5182 sed
2756 5127 2962 5182 viribus
2991 5128 3112 5197 quis
3138 5138 3320 5183 utetur
3346 5139 3402 5184 et
3428 5132 3566 5186 bono
3592 5147 3732 5188 con-

2144 5219 2384 5274 scientiae
2408 5258 2439 5284 ,.
2480 5227 2540 5273 ut
2594 5228 2854 5289 quantum
2905 5228 3100 5289 potest,
3137 5235 3242 5275 non
3295 5231 3558 5290 quantum
3588 5225 3732 5281 ‘vult

2144 5309 2372 5366 offerat:
2395 5318 2450 5364 et
2479 5325 2638 5378 super
2665 5311 2847 5365 omnia
2875 5311 2978 5365 olei
3012 5311 3104 5366 hin
3132 5326 3227 5382 per
3249 5313 3372 5380 epbi
3405 5313 3640 5384 singula,
3670 5325 3734 5371 ut

2147 5411 2380 5474 ungatur
2415 5402 2590 5456 simila
2629 5409 2682 5455 et
2712 5402 2930 5456 lucerna
2961 5403 3284 5458 accendatur
3327 5404 3381 5457 in
3428 5417 3732 5474 conspectu

2148 5491 2385 5558 Domini,
2412 5501 2465 5546 et
2493 5493 2585 5561 qui
2614 5507 2678 5546 eo
2708 5492 2876 5546 utitur
2900 5494 3071 5562 possit
3096 5493 3275 5548 dicere
3299 5513 3312 5547 :
3348 5513 3366 5545 ί
3399 5495 3512 5565 Ego
3538 5506 3732 5555 autem

2148 5583 2287 5637 sicut
2310 5581 2449 5636 oliva
2476 5580 2755 5636 fructifera
2783 5582 2836 5635 in
2865 5583 3023 5638 domo
3049 5583 3259 5638 Domini
3284 5582 3455 5654 (Paci.
3487 5585 3581 5657 ιι).
3617 5606 3640 5641 ι

2225 5692 2243 5722 ι
2273 5672 2406 5726 Cum
2433 5681 2608 5727 autem
2632 5673 2821 5728 fecerit
2847 5681 3198 5744 spontaneum
3222 5674 3602 5732 holocausmm
3636 5688 3734 5735 aut

2156 5782 2174 5813 ‹
2207 5761 2430 5833 pacifica
2452 5763 2750 5818 voluntaria
2777 5763 3024 5830 Domino,
3052 5765 3322 5836 aperietur
3346 5767 3398 5821 ei
3426 5777 3580 5837 porta
3605 5785 3739 5840 qua

2156 5875 2173 5910 ι
2208 5857 2426 5927 respicit
2456 5858 2523 5913 ad
2549 5858 2834 5927 orientem,
2868 5868 2926 5914 et
2950 5858 3110 5917 faciet
3136 5860 3511 5918 holocaustum
3539 5878 3730 5929 suum,
