  <div class='ocr_page' id='page_1' title='image "/cluster/home/n/w/nwhite01/storage/ocr_20150623/110/uva.x000827066/530.png"; bbox 0 0 3924 6322; ppageno 0'>
   <div class='ocr_carea' id='block_1_1' title="bbox 210 352 349 411">
    <p class='ocr_par' dir='ltr' id='par_1_1' title="bbox 210 352 349 411">
     <span class='ocr_line' id='line_1_1' title="bbox 210 352 349 411; baseline 0.029 -3"><span class='ocrx_word' id='word_1_1' title='bbox 210 352 349 411; x_wconf 64' lang='grc'><strong>1045</strong></span> 
     </span>
    </p>
   </div>
   <div class='ocr_carea' id='block_1_2' title="bbox 1140 347 2538 414">
    <p class='ocr_par' dir='ltr' id='par_1_2' title="bbox 1140 347 2538 414">
     <span class='ocr_line' id='line_1_2' title="bbox 1140 347 2538 414; baseline 0.003 -4"><span class='ocrx_word' id='word_1_2' title='bbox 1140 347 1492 410; x_wconf 79' lang='lat' dir='ltr'><strong>COMMENT.</strong></span> <span class='ocrx_word' id='word_1_3' title='bbox 1534 347 1601 408; x_wconf 83' lang='lat' dir='ltr'><strong>IN</strong></span> <span class='ocrx_word' id='word_1_4' title='bbox 1640 349 2095 409; x_wconf 79' lang='lat' dir='ltr'><strong>EZECBIELEM.</strong></span> <span class='ocrx_word' id='word_1_5' title='bbox 2123 382 2192 393; x_wconf 89' lang='lat'><strong>—</strong></span> <span class='ocrx_word' id='word_1_6' title='bbox 2229 352 2355 410; x_wconf 87' lang='lat' dir='ltr'><strong>LIB.</strong></span> <span class='ocrx_word' id='word_1_7' title='bbox 2398 354 2538 414; x_wconf 80' lang='lat' dir='ltr'><strong>XIX.</strong></span> 
     </span>
    </p>
   </div>
   <div class='ocr_carea' id='block_1_3' title="bbox 3332 368 3483 425">
    <p class='ocr_par' dir='ltr' id='par_1_3' title="bbox 3332 368 3483 425">
     <span class='ocr_line' id='line_1_3' title="bbox 3332 368 3483 425; baseline 0 0"><span class='ocrx_word' id='word_1_8' title='bbox 3332 368 3483 425; x_wconf 25' lang='lat'><strong>1046‘</strong></span> 
     </span>
    </p>
   </div>
   <div class='ocr_carea' id='block_1_4' title="bbox 208 460 3469 551">
    <p class='ocr_par' dir='ltr' id='par_1_4' title="bbox 208 460 3469 551">
     <span class='ocr_line' id='line_1_4' title="bbox 208 460 3469 551; baseline 0.006 -34"><span class='ocrx_word' id='word_1_9' title='bbox 208 486 230 517; x_wconf 76' lang='grc' dir='ltr'><strong>σ</strong></span> <span class='ocrx_word' id='word_1_10' title='bbox 260 474 319 520; x_wconf 89' lang='lat' dir='ltr'><strong>et</strong></span> <span class='ocrx_word' id='word_1_11' title='bbox 355 463 579 536; x_wconf 89' lang='lat' dir='ltr'><strong>paciﬁca</strong></span> <span class='ocrx_word' id='word_1_12' title='bbox 623 478 718 519; x_wconf 85' lang='lat' dir='ltr'><strong>sua</strong></span> <span class='ocrx_word' id='word_1_13' title='bbox 738 503 752 527; x_wconf 93' lang='lat'><strong>,</strong></span> <span class='ocrx_word' id='word_1_14' title='bbox 795 462 935 518; x_wconf 91' lang='lat' dir='ltr'><strong>sicut</strong></span> <span class='ocrx_word' id='word_1_15' title='bbox 963 460 1079 518; x_wconf 89' lang='lat' dir='ltr'><strong>ﬁeri</strong></span> <span class='ocrx_word' id='word_1_16' title='bbox 1115 462 1251 519; x_wconf 88' lang='lat' dir='ltr'><strong>solet</strong></span> <span class='ocrx_word' id='word_1_17' title='bbox 1276 464 1331 518; x_wconf 91' lang='lat' dir='ltr'><strong>in</strong></span> <span class='ocrx_word' id='word_1_18' title='bbox 1359 463 1445 520; x_wconf 89' lang='lat' dir='ltr'><strong>die</strong></span> <span class='ocrx_word' id='word_1_19' title='bbox 1473 464 1705 529; x_wconf 82' lang='lat' dir='ltr'><strong>sabbati,</strong></span> <span class='ocrx_word' id='word_1_20' title='bbox 1730 471 1785 520; x_wconf 91' lang='lat' dir='ltr'><strong>et</strong></span> <span class='ocrx_word' id='word_1_21' title='bbox 1812 466 1862 525; x_wconf 80' lang='grc' dir='ltr'><strong>Α</strong></span> <span class='ocrx_word' id='word_1_22' title='bbox 1888 462 2048 520; x_wconf 87' lang='lat' dir='ltr'><strong>faciet</strong></span> <span class='ocrx_word' id='word_1_23' title='bbox 2083 465 2264 534; x_wconf 91' lang='lat' dir='ltr'><strong>illum,</strong></span> <span class='ocrx_word' id='word_1_24' title='bbox 2296 486 2315 521; x_wconf 75' lang='grc' dir='ltr'><strong><em>ι</em></strong></span> <span class='ocrx_word' id='word_1_25' title='bbox 2346 481 2445 538; x_wconf 90' lang='lat' dir='ltr'><strong>per</strong></span> <span class='ocrx_word' id='word_1_26' title='bbox 2472 468 2680 541; x_wconf 88' lang='lat' dir='ltr'><strong>singula</strong></span> <span class='ocrx_word' id='word_1_27' title='bbox 2711 471 2960 530; x_wconf 93' lang='lat' dir='ltr'><strong>videlicet</strong></span> <span class='ocrx_word' id='word_1_28' title='bbox 2998 490 3189 543; x_wconf 80' lang='lat' dir='ltr'><strong>mane,</strong></span> <span class='ocrx_word' id='word_1_29' title='bbox 3230 484 3469 551; x_wconf 83' lang='lat' dir='ltr'><strong>quando.</strong></span> 
     </span>
    </p>
   </div>
   <div class='ocr_carea' id='block_1_5' title="bbox 208 554 1785 625">
    <p class='ocr_par' dir='ltr' id='par_1_5' title="bbox 208 554 1785 625">
     <span class='ocr_line' id='line_1_5' title="bbox 208 554 1785 625; baseline 0.001 -17"><span class='ocrx_word' id='word_1_30' title='bbox 208 573 228 608; x_wconf 77' lang='grc' dir='ltr'><strong>σ</strong></span> <span class='ocrx_word' id='word_1_31' title='bbox 259 556 573 622; x_wconf 81' lang='lat' dir='ltr'><strong>egredietur</strong></span> <span class='ocrx_word' id='word_1_32' title='bbox 615 554 1004 625; x_wconf 84' lang='lat' dir='ltr'><strong>claudeturque</strong></span> <span class='ocrx_word' id='word_1_33' title='bbox 1045 561 1201 625; x_wconf 84' lang='lat' dir='ltr'><strong>porta</strong></span> <span class='ocrx_word' id='word_1_34' title='bbox 1239 562 1528 625; x_wconf 73' lang='lat' dir='ltr'><strong>postquam</strong></span> <span class='ocrx_word' id='word_1_35' title='bbox 1570 556 1785 611; x_wconf 87' lang='lat' dir='ltr'><strong>exierit.</strong></span> 
     </span>
    </p>
   </div>
   <div class='ocr_carea' id='block_1_6' title="bbox 207 644 1792 717">
    <p class='ocr_par' dir='ltr' id='par_1_6' title="bbox 207 644 1792 717">
     <span class='ocr_line' id='line_1_6' title="bbox 207 644 1792 717; baseline 0.003 -20"><span class='ocrx_word' id='word_1_36' title='bbox 207 663 228 697; x_wconf 76' lang='grc' dir='ltr'>ι</span> <span class='ocrx_word' id='word_1_37' title='bbox 260 645 334 700; x_wconf 87' lang='lat' dir='ltr'><strong>Et</strong></span> <span class='ocrx_word' id='word_1_38' title='bbox 378 660 575 717; x_wconf 89' lang='lat' dir='ltr'><strong>agnum</strong></span> <span class='ocrx_word' id='word_1_39' title='bbox 611 644 922 699; x_wconf 91' lang='lat' dir='ltr'><strong>anniculum</strong></span> <span class='ocrx_word' id='word_1_40' title='bbox 970 645 1378 701; x_wconf 76' lang='lat' dir='ltr'><strong>immaculatum</strong></span> <span class='ocrx_word' id='word_1_41' title='bbox 1426 645 1590 702; x_wconf 86' lang='lat' dir='ltr'><strong>faciet</strong></span> <span class='ocrx_word' id='word_1_42' title='bbox 1641 646 1792 702; x_wconf 84' lang='lat' dir='ltr'><strong>bolo-</strong></span> 
     </span>
    </p>
   </div>
   <div class='ocr_carea' id='block_1_7' title="bbox 206 735 1792 808">
    <p class='ocr_par' dir='ltr' id='par_1_7' title="bbox 206 735 1792 808">
     <span class='ocr_line' id='line_1_7' title="bbox 206 735 1792 808; baseline 0.003 -20"><span class='ocrx_word' id='word_1_43' title='bbox 206 755 225 788; x_wconf 83' lang='grc'><strong><em>‹</em></strong></span> <span class='ocrx_word' id='word_1_44' title='bbox 259 746 509 793; x_wconf 92' lang='lat' dir='ltr'><strong>caustum</strong></span> <span class='ocrx_word' id='word_1_45' title='bbox 557 736 796 806; x_wconf 78' lang='lat' dir='ltr'><strong>quotidie</strong></span> <span class='ocrx_word' id='word_1_46' title='bbox 840 735 1090 796; x_wconf 87' lang='lat' dir='ltr'><strong>Domino.</strong></span> <span class='ocrx_word' id='word_1_47' title='bbox 1153 736 1381 808; x_wconf 89' lang='lat' dir='ltr'><strong>Semper</strong></span> <span class='ocrx_word' id='word_1_48' title='bbox 1425 752 1586 792; x_wconf 87' lang='lat' dir='ltr'><strong>mane</strong></span> <span class='ocrx_word' id='word_1_49' title='bbox 1629 736 1792 793; x_wconf 83' lang='lat' dir='ltr'><strong>faciet</strong></span> 
     </span>
    </p>
   </div>
   <div class='ocr_carea' id='block_1_8' title="bbox 207 826 1788 899">
    <p class='ocr_par' dir='ltr' id='par_1_8' title="bbox 207 826 1788 899">
     <span class='ocr_line' id='line_1_8' title="bbox 207 826 1788 899; baseline 0.004 -21"><span class='ocrx_word' id='word_1_50' title='bbox 207 844 225 877; x_wconf 73' lang='grc' dir='ltr'><strong><em>ι</em></strong></span> <span class='ocrx_word' id='word_1_51' title='bbox 260 826 416 885; x_wconf 89' lang='lat' dir='ltr'><strong>illud.</strong></span> <span class='ocrx_word' id='word_1_52' title='bbox 473 828 540 881; x_wconf 88' lang='lat' dir='ltr'><strong>Et</strong></span> <span class='ocrx_word' id='word_1_53' title='bbox 567 826 892 883; x_wconf 90' lang='lat' dir='ltr'><strong>sacriﬁcium</strong></span> <span class='ocrx_word' id='word_1_54' title='bbox 940 827 1103 891; x_wconf 78' lang='lat' dir='ltr'><strong>faciet</strong></span> <span class='ocrx_word' id='word_1_55' title='bbox 1148 843 1309 899; x_wconf 77' lang='lat' dir='ltr'><strong>super</strong></span> <span class='ocrx_word' id='word_1_56' title='bbox 1350 844 1417 885; x_wconf 91' lang='lat' dir='ltr'><strong>eo</strong></span> <span class='ocrx_word' id='word_1_57' title='bbox 1461 838 1583 885; x_wconf 90' lang='lat' dir='ltr'><strong>cata</strong></span> <span class='ocrx_word' id='word_1_58' title='bbox 1607 845 1788 896; x_wconf 89' lang='lat' dir='ltr'><strong>mane,</strong></span> 
     </span>
    </p>
   </div>
   <div class='ocr_carea' id='block_1_9' title="bbox 208 919 1791 995">
    <p class='ocr_par' dir='ltr' id='par_1_9' title="bbox 208 919 1791 995">
     <span class='ocr_line' id='line_1_9' title="bbox 208 919 1791 995; baseline 0.006 -28"><span class='ocrx_word' id='word_1_59' title='bbox 208 934 225 966; x_wconf 77' lang='grc' dir='ltr'><strong><em>ι</em></strong></span> <span class='ocrx_word' id='word_1_60' title='bbox 264 931 424 971; x_wconf 89' lang='lat' dir='ltr'><strong>mane</strong></span> <span class='ocrx_word' id='word_1_61' title='bbox 473 926 681 979; x_wconf 79' lang='lat' dir='ltr'><strong>sextam</strong></span> <span class='ocrx_word' id='word_1_62' title='bbox 743 927 951 988; x_wconf 89' lang='lat' dir='ltr'><strong>partem</strong></span> <span class='ocrx_word' id='word_1_63' title='bbox 993 920 1138 995; x_wconf 75' lang='lat' dir='ltr'><strong>ephi,</strong></span> <span class='ocrx_word' id='word_1_64' title='bbox 1191 928 1248 975; x_wconf 88' lang='lat' dir='ltr'><strong>et</strong></span> <span class='ocrx_word' id='word_1_65' title='bbox 1295 919 1363 975; x_wconf 91' lang='lat' dir='ltr'><strong>de</strong></span> <span class='ocrx_word' id='word_1_66' title='bbox 1410 919 1531 977; x_wconf 91' lang='lat' dir='ltr'><strong>oleo</strong></span> <span class='ocrx_word' id='word_1_67' title='bbox 1577 924 1791 977; x_wconf 86' lang='lat' dir='ltr'><strong>tertiam</strong></span> 
     </span>
    </p>
   </div>
   <div class='ocr_carea' id='block_1_10' title="bbox 206 1007 1796 1077">
    <p class='ocr_par' dir='ltr' id='par_1_10' title="bbox 206 1007 1796 1077">
     <span class='ocr_line' id='line_1_10' title="bbox 206 1007 1796 1077; baseline 0.006 -20"><span class='ocrx_word' id='word_1_68' title='bbox 206 1023 227 1057; x_wconf 70' lang='grc' dir='ltr'><strong><em>ι</em></strong></span> <span class='ocrx_word' id='word_1_69' title='bbox 262 1015 474 1077; x_wconf 90' lang='lat' dir='ltr'><strong>partem</strong></span> <span class='ocrx_word' id='word_1_70' title='bbox 504 1007 619 1071; x_wconf 88' lang='lat' dir='ltr'><strong>hin,</strong></span> <span class='ocrx_word' id='word_1_71' title='bbox 654 1014 715 1061; x_wconf 91' lang='lat' dir='ltr'><strong>ut</strong></span> <span class='ocrx_word' id='word_1_72' title='bbox 741 1008 1037 1063; x_wconf 84' lang='lat' dir='ltr'><strong>misceatur</strong></span> <span class='ocrx_word' id='word_1_73' title='bbox 1066 1008 1278 1064; x_wconf 63' lang='lat' dir='ltr'><strong>similar.</strong></span> <span class='ocrx_word' id='word_1_74' title='bbox 1320 1008 1659 1066; x_wconf 76' lang='lat' dir='ltr'><strong>Sacrificium</strong></span> <span class='ocrx_word' id='word_1_75' title='bbox 1690 1010 1796 1066; x_wconf 93' lang='lat' dir='ltr'><strong>Do-</strong></span> 
     </span>
    </p>
   </div>
   <div class='ocr_carea' id='block_1_11' title="bbox 208 1096 1795 1171">
    <p class='ocr_par' dir='ltr' id='par_1_11' title="bbox 208 1096 1795 1171">
     <span class='ocr_line' id='line_1_11' title="bbox 208 1096 1795 1171; baseline 0.007 -25"><span class='ocrx_word' id='word_1_76' title='bbox 208 1114 226 1146; x_wconf 72' lang='lat' dir='ltr'><strong>c</strong></span> <span class='ocrx_word' id='word_1_77' title='bbox 262 1097 413 1151; x_wconf 93' lang='lat' dir='ltr'><strong>mino</strong></span> <span class='ocrx_word' id='word_1_78' title='bbox 459 1096 759 1167; x_wconf 89' lang='lat' dir='ltr'><strong>legitimum</strong></span> <span class='ocrx_word' id='word_1_79' title='bbox 803 1096 933 1168; x_wconf 91' lang='lat' dir='ltr'><strong>juge</strong></span> <span class='ocrx_word' id='word_1_80' title='bbox 986 1106 1147 1168; x_wconf 89' lang='lat' dir='ltr'><strong>atque</strong></span> <span class='ocrx_word' id='word_1_81' title='bbox 1195 1108 1539 1171; x_wconf 89' lang='lat' dir='ltr'><strong>perpetuum.</strong></span> <span class='ocrx_word' id='word_1_82' title='bbox 1604 1099 1795 1157; x_wconf 80' lang='lat' dir='ltr'><strong>Faciet</strong></span> 
     </span>
    </p>
   </div>
   <div class='ocr_carea' id='block_1_12' title="bbox 205 1188 1795 1259">
    <p class='ocr_par' dir='ltr' id='par_1_12' title="bbox 205 1188 1795 1259">
     <span class='ocr_line' id='line_1_12' title="bbox 205 1188 1795 1259; baseline 0.005 -20"><span class='ocrx_word' id='word_1_83' title='bbox 205 1204 227 1239; x_wconf 70' lang='grc' dir='ltr'><strong><em>ι</em></strong></span> <span class='ocrx_word' id='word_1_84' title='bbox 263 1203 465 1259; x_wconf 87' lang='lat' dir='ltr'><strong>agnum</strong></span> <span class='ocrx_word' id='word_1_85' title='bbox 502 1197 557 1242; x_wconf 89' lang='lat' dir='ltr'><strong>et</strong></span> <span class='ocrx_word' id='word_1_86' title='bbox 596 1188 923 1243; x_wconf 84' lang='lat' dir='ltr'><strong>sacriﬁcium</strong></span> <span class='ocrx_word' id='word_1_87' title='bbox 970 1199 1025 1244; x_wconf 89' lang='lat' dir='ltr'><strong>et</strong></span> <span class='ocrx_word' id='word_1_88' title='bbox 1073 1190 1251 1245; x_wconf 92' lang='lat' dir='ltr'><strong>oleum</strong></span> <span class='ocrx_word' id='word_1_89' title='bbox 1280 1199 1401 1247; x_wconf 86' lang='lat' dir='ltr'><strong>cata</strong></span> <span class='ocrx_word' id='word_1_90' title='bbox 1432 1207 1613 1256; x_wconf 91' lang='lat' dir='ltr'><strong>mane,</strong></span> <span class='ocrx_word' id='word_1_91' title='bbox 1637 1207 1795 1247; x_wconf 89' lang='lat' dir='ltr'><strong>mane</strong></span> 
     </span>
    </p>
   </div>
   <div class='ocr_carea' id='block_1_13' title="bbox 205 1272 1795 1351">
    <p class='ocr_par' dir='ltr' id='par_1_13' title="bbox 205 1272 1795 1351">
     <span class='ocr_line' id='line_1_13' title="bbox 205 1272 1795 1351; baseline 0.006 -22"><span class='ocrx_word' id='word_1_92' title='bbox 205 1296 227 1329; x_wconf 71' lang='grc' dir='ltr'>ι</span> <span class='ocrx_word' id='word_1_93' title='bbox 263 1272 640 1333; x_wconf 81' lang='lat' dir='ltr'><strong>holocaustum</strong></span> <span class='ocrx_word' id='word_1_94' title='bbox 668 1280 1080 1349; x_wconf 78' lang='lat' dir='ltr'><strong>sempiternum.</strong></span> <span class='ocrx_word' id='word_1_95' title='bbox 1116 1301 1134 1333; x_wconf 71' lang='grc' dir='ltr'>ι</span> <span class='ocrx_word' id='word_1_96' title='bbox 1171 1280 1442 1351; x_wconf 77' lang='grc' dir='ltr'><strong>(Ηὶενοη.)</strong></span> <span class='ocrx_word' id='word_1_97' title='bbox 1471 1281 1572 1338; x_wconf 92' lang='lat' dir='ltr'><strong>Ubi</strong></span> <span class='ocrx_word' id='word_1_98' title='bbox 1600 1298 1697 1338; x_wconf 89' lang='lat' dir='ltr'><strong>nos</strong></span> <span class='ocrx_word' id='word_1_99' title='bbox 1720 1282 1795 1338; x_wconf 83' lang='lat' dir='ltr'><strong>le-</strong></span> 
     </span>
    </p>
   </div>
   <div class='ocr_carea' id='block_1_14' title="bbox 200 1366 1814 1442">
    <p class='ocr_par' dir='ltr' id='par_1_14' title="bbox 200 1366 1814 1442">
     <span class='ocr_line' id='line_1_14' title="bbox 200 1366 1814 1442; baseline 0.005 -22"><span class='ocrx_word' id='word_1_100' title='bbox 200 1366 384 1437; x_wconf 88' lang='lat' dir='ltr'><strong>gimus</strong></span> <span class='ocrx_word' id='word_1_101' title='bbox 430 1369 859 1436; x_wconf 80' lang='lat' dir='ltr'><strong>immaculatum,</strong></span> <span class='ocrx_word' id='word_1_102' title='bbox 909 1378 964 1426; x_wconf 89' lang='lat' dir='ltr'><strong>et</strong></span> <span class='ocrx_word' id='word_1_103' title='bbox 1006 1372 1061 1425; x_wconf 90' lang='lat' dir='ltr'><strong>in</strong></span> <span class='ocrx_word' id='word_1_104' title='bbox 1097 1370 1363 1427; x_wconf 80' lang='lat' dir='ltr'><strong>Hebraico</strong></span> <span class='ocrx_word' id='word_1_105' title='bbox 1404 1374 1667 1442; x_wconf 85' lang='lat' dir='ltr'><strong>scriptum</strong></span> <span class='ocrx_word' id='word_1_106' title='bbox 1713 1382 1814 1428; x_wconf 85' lang='lat' dir='ltr'><strong>est&#39;</strong></span> 
     </span>
    </p>
   </div>
   <div class='ocr_carea' id='block_1_15' title="bbox 200 1459 1795 1541">
    <p class='ocr_par' dir='ltr' id='par_1_15' title="bbox 200 1459 1795 1541">
     <span class='ocr_line' id='line_1_15' title="bbox 200 1459 1795 1541; baseline 0.005 -30"><span class='ocrx_word' id='word_1_107' title='bbox 200 1459 428 1513; x_wconf 74' lang='lat' dir='ltr'><strong>t/zamin.</strong></span> <span class='ocrx_word' id='word_1_108' title='bbox 479 1459 671 1528; x_wconf 85' lang='lat' dir='ltr'><strong>Aquila</strong></span> <span class='ocrx_word' id='word_1_109' title='bbox 698 1460 996 1541; x_wconf 65' lang='lat' dir='ltr'><strong>perfectum</strong></span> <span class='ocrx_word' id='word_1_110' title='bbox 1026 1462 1455 1532; x_wconf 91' lang='lat' dir='ltr'><strong>interpretatur:</strong></span> <span class='ocrx_word' id='word_1_111' title='bbox 1488 1472 1543 1517; x_wconf 92' lang='lat' dir='ltr'><strong>et</strong></span> <span class='ocrx_word' id='word_1_112' title='bbox 1575 1464 1664 1518; x_wconf 91' lang='lat' dir='ltr'><strong>ubi</strong></span> <span class='ocrx_word' id='word_1_113' title='bbox 1697 1463 1795 1519; x_wconf 88' lang='lat' dir='ltr'><strong>Se-</strong></span> 
     </span>
    </p>
   </div>
   <div class='ocr_carea' id='block_1_16' title="bbox 202 1552 1797 1627">
    <p class='ocr_par' dir='ltr' id='par_1_16' title="bbox 202 1552 1797 1627">
     <span class='ocr_line' id='line_1_16' title="bbox 202 1552 1797 1627; baseline 0.006 -24"><span class='ocrx_word' id='word_1_114' title='bbox 202 1552 485 1621; x_wconf 86' lang='lat' dir='ltr'><strong>ptuaginta</strong></span> <span class='ocrx_word' id='word_1_115' title='bbox 523 1570 741 1619; x_wconf 86' lang='lat' dir='ltr'><strong>manaa,</strong></span> <span class='ocrx_word' id='word_1_116' title='bbox 784 1553 1086 1610; x_wconf 86' lang='lat' dir='ltr'><strong>Theodotio</strong></span> <span class='ocrx_word' id='word_1_117' title='bbox 1122 1557 1463 1625; x_wconf 81' lang='lat' dir='ltr'><strong>sacriﬁcium,</strong></span> <span class='ocrx_word' id='word_1_118' title='bbox 1505 1558 1698 1627; x_wconf 83' lang='lat' dir='ltr'><strong>Aquila</strong></span> <span class='ocrx_word' id='word_1_119' title='bbox 1741 1568 1797 1613; x_wconf 87' lang='lat' dir='ltr'><strong>et</strong></span> 
     </span>
    </p>
   </div>
   <div class='ocr_carea' id='block_1_17' title="bbox 202 1642 1796 1731">
    <p class='ocr_par' dir='ltr' id='par_1_17' title="bbox 202 1642 1796 1719">
     <span class='ocr_line' id='line_1_17' title="bbox 202 1642 1796 1719; baseline 0.006 -23"><span class='ocrx_word' id='word_1_120' title='bbox 202 1642 589 1713; x_wconf 82' lang='lat' dir='ltr'><strong>Symmachus,</strong></span> <span class='ocrx_word' id='word_1_121' title='bbox 616 1645 810 1699; x_wconf 85' lang='lat' dir='ltr'><strong>donum</strong></span> <span class='ocrx_word' id='word_1_122' title='bbox 843 1647 1193 1701; x_wconf 91' lang='lat' dir='ltr'><strong>transferunt.</strong></span> <span class='ocrx_word' id='word_1_123' title='bbox 1233 1647 1339 1702; x_wconf 87' lang='lat' dir='ltr'><strong>Pro</strong></span> <span class='ocrx_word' id='word_1_124' title='bbox 1364 1662 1429 1703; x_wconf 89' lang='lat' dir='ltr'><strong>eo</strong></span> <span class='ocrx_word' id='word_1_125' title='bbox 1450 1657 1631 1703; x_wconf 90' lang='lat' dir='ltr'><strong>autem</strong></span> <span class='ocrx_word' id='word_1_126' title='bbox 1651 1651 1796 1719; x_wconf 91' lang='lat' dir='ltr'><strong>quod</strong></span> 
     </span>
    </p>
   </div>
   <div class='ocr_carea' id='block_1_18' title="bbox 1887 558 3473 637">
    <p class='ocr_par' dir='ltr' id='par_1_18' title="bbox 1887 558 3473 637">
     <span class='ocr_line' id='line_1_18' title="bbox 1887 558 3473 637; baseline 0.011 -26"><span class='ocrx_word' id='word_1_127' title='bbox 1887 566 2008 614; x_wconf 90' lang='lat' dir='ltr'><strong>orto</strong></span> <span class='ocrx_word' id='word_1_128' title='bbox 2034 558 2323 624; x_wconf 90' lang='lat' dir='ltr'><strong>sole,lucis</strong></span> <span class='ocrx_word' id='word_1_129' title='bbox 2359 562 2639 617; x_wconf 80' lang='lat' dir='ltr'><strong>exordium</strong></span> <span class='ocrx_word' id='word_1_130' title='bbox 2678 573 2799 631; x_wconf 90' lang='lat' dir='ltr'><strong>est,</strong></span> <span class='ocrx_word' id='word_1_131' title='bbox 2847 566 2913 621; x_wconf 92' lang='lat' dir='ltr'><strong>de</strong></span> <span class='ocrx_word' id='word_1_132' title='bbox 2950 571 3058 637; x_wconf 89' lang='lat' dir='ltr'><strong>quo</strong></span> <span class='ocrx_word' id='word_1_133' title='bbox 3101 584 3262 627; x_wconf 86' lang='lat' dir='ltr'><strong>mane</strong></span> <span class='ocrx_word' id='word_1_134' title='bbox 3302 571 3473 629; x_wconf 84' lang='lat' dir='ltr'><strong>David</strong></span> 
     </span>
    </p>
   </div>
   <div class='ocr_carea' id='block_1_19' title="bbox 1888 649 3469 723">
    <p class='ocr_par' dir='ltr' id='par_1_19' title="bbox 1888 649 3469 723">
     <span class='ocr_line' id='line_1_19' title="bbox 1888 649 3469 723; baseline 0.012 -20"><span class='ocrx_word' id='word_1_135' title='bbox 1888 649 2127 721; x_wconf 88' lang='lat' dir='ltr'><strong>loquitur</strong></span> <span class='ocrx_word' id='word_1_136' title='bbox 2151 652 2204 706; x_wconf 92' lang='lat' dir='ltr'><strong>in</strong></span> <span class='ocrx_word' id='word_1_137' title='bbox 2234 653 2443 723; x_wconf 89' lang='lat' dir='ltr'><strong>psalmo</strong></span> <span class='ocrx_word' id='word_1_138' title='bbox 2470 672 2482 720; x_wconf 87' lang='lat'><strong>;</strong></span> <span class='ocrx_word' id='word_1_139' title='bbox 2522 672 2539 705; x_wconf 71' lang='grc' dir='ltr'>ε</span> <span class='ocrx_word' id='word_1_140' title='bbox 2576 655 2730 711; x_wconf 84' lang='lat' dir='ltr'><strong>Mane</strong></span> <span class='ocrx_word' id='word_1_141' title='bbox 2754 660 3009 716; x_wconf 80' lang='lat' dir='ltr'><strong>exaudies</strong></span> <span class='ocrx_word' id='word_1_142' title='bbox 3033 676 3219 718; x_wconf 91' lang='lat' dir='ltr'><strong>vocem</strong></span> <span class='ocrx_word' id='word_1_143' title='bbox 3250 680 3426 721; x_wconf 89' lang='lat' dir='ltr'><strong>meam</strong></span> <span class='ocrx_word' id='word_1_144' title='bbox 3455 684 3469 721; x_wconf 90' lang='lat'><strong>:</strong></span> 
     </span>
    </p>
   </div>
   <div class='ocr_carea' id='block_1_20' title="bbox 1890 741 3473 826">
    <p class='ocr_par' dir='ltr' id='par_1_20' title="bbox 1890 741 3473 826">
     <span class='ocr_line' id='line_1_20' title="bbox 1890 741 3473 826; baseline 0.011 -32"><span class='ocrx_word' id='word_1_145' title='bbox 1890 754 2049 795; x_wconf 88' lang='lat' dir='ltr'><strong>mane</strong></span> <span class='ocrx_word' id='word_1_146' title='bbox 2077 741 2329 797; x_wconf 86' lang='lat' dir='ltr'><strong>assistam</strong></span> <span class='ocrx_word' id='word_1_147' title='bbox 2361 743 2457 799; x_wconf 89' lang='lat' dir='ltr'><strong>tibi</strong></span> <span class='ocrx_word' id='word_1_148' title='bbox 2482 752 2537 799; x_wconf 92' lang='lat' dir='ltr'><strong>et</strong></span> <span class='ocrx_word' id='word_1_149' title='bbox 2555 744 2747 802; x_wconf 89' lang='lat' dir='ltr'><strong>videbo</strong></span> <span class='ocrx_word' id='word_1_150' title='bbox 2761 745 3022 822; x_wconf 77' lang='lat' dir='ltr'><strong>(Psal.v.).</strong></span> <span class='ocrx_word' id='word_1_151' title='bbox 3047 772 3065 804; x_wconf 74' lang='grc' dir='ltr'><strong><em>ι</em></strong></span> <span class='ocrx_word' id='word_1_152' title='bbox 3101 751 3254 809; x_wconf 75' lang='lat' dir='ltr'><strong>lianc</strong></span> <span class='ocrx_word' id='word_1_153' title='bbox 3280 756 3473 826; x_wconf 85' lang='lat' dir='ltr'><strong>deprc-</strong></span> 
     </span>
    </p>
   </div>
   <div class='ocr_carea' id='block_1_21' title="bbox 1891 834 3468 915">
    <p class='ocr_par' dir='ltr' id='par_1_21' title="bbox 1891 834 3468 915">
     <span class='ocr_line' id='line_1_21' title="bbox 1891 834 3468 915; baseline 0.01 -28"><span class='ocrx_word' id='word_1_154' title='bbox 1891 834 2174 903; x_wconf 88' lang='lat' dir='ltr'><strong>catur,qui</strong></span> <span class='ocrx_word' id='word_1_155' title='bbox 2199 835 2253 889; x_wconf 88' lang='lat' dir='ltr'><strong>in</strong></span> <span class='ocrx_word' id='word_1_156' title='bbox 2278 834 2454 891; x_wconf 89' lang='lat' dir='ltr'><strong>lucida</strong></span> <span class='ocrx_word' id='word_1_157' title='bbox 2470 836 2663 907; x_wconf 88' lang='lat' dir='ltr'><strong>degere</strong></span> <span class='ocrx_word' id='word_1_158' title='bbox 2686 842 3093 898; x_wconf 79' lang='lat' dir='ltr'><strong>conversatione</strong></span> <span class='ocrx_word' id='word_1_159' title='bbox 3116 844 3468 915; x_wconf 81' lang='lat' dir='ltr'><strong>dignoscitur.</strong></span> 
     </span>
    </p>
   </div>
   <div class='ocr_carea' id='block_1_22' title="bbox 1893 920 3475 1001">
    <p class='ocr_par' dir='ltr' id='par_1_22' title="bbox 1893 920 3475 1001">
     <span class='ocr_line' id='line_1_22' title="bbox 1893 920 3475 1001; baseline 0.013 -26"><span class='ocrx_word' id='word_1_160' title='bbox 1893 920 2045 979; x_wconf 88' lang='lat' dir='ltr'><strong>Tunc</strong></span> <span class='ocrx_word' id='word_1_161' title='bbox 2068 925 2213 979; x_wconf 92' lang='lat' dir='ltr'><strong>enim</strong></span> <span class='ocrx_word' id='word_1_162' title='bbox 2240 941 2400 983; x_wconf 91' lang='lat' dir='ltr'><strong>mane</strong></span> <span class='ocrx_word' id='word_1_163' title='bbox 2426 928 2675 994; x_wconf 88' lang='lat' dir='ltr'><strong>dicimus,</strong></span> <span class='ocrx_word' id='word_1_164' title='bbox 2708 932 2925 1001; x_wconf 88' lang='lat' dir='ltr'><strong>quando</strong></span> <span class='ocrx_word' id='word_1_165' title='bbox 2951 933 3210 991; x_wconf 86' lang='lat' dir='ltr'><strong>discussis</strong></span> <span class='ocrx_word' id='word_1_166' title='bbox 3237 939 3475 995; x_wconf 87' lang='lat' dir='ltr'><strong>tenebris</strong></span> 
     </span>
    </p>
   </div>
   <div class='ocr_carea' id='block_1_23' title="bbox 1893 1012 3475 1100">
    <p class='ocr_par' dir='ltr' id='par_1_23' title="bbox 1893 1012 3475 1100">
     <span class='ocr_line' id='line_1_23' title="bbox 1893 1012 3475 1100; baseline 0.011 -33"><span class='ocrx_word' id='word_1_167' title='bbox 1893 1012 2027 1068; x_wconf 91' lang='lat' dir='ltr'><strong>clari</strong></span> <span class='ocrx_word' id='word_1_168' title='bbox 2055 1013 2275 1072; x_wconf 89' lang='lat' dir='ltr'><strong>luminis</strong></span> <span class='ocrx_word' id='word_1_169' title='bbox 2296 1018 2557 1075; x_wconf 84' lang='lat' dir='ltr'><strong>adventus</strong></span> <span class='ocrx_word' id='word_1_170' title='bbox 2585 1020 2873 1077; x_wconf 87' lang='lat' dir='ltr'><strong>infulserit.</strong></span> <span class='ocrx_word' id='word_1_171' title='bbox 2898 1023 3137 1081; x_wconf 87' lang='lat' dir='ltr'><strong>Ecclesia</strong></span> <span class='ocrx_word' id='word_1_172' title='bbox 3162 1027 3329 1094; x_wconf 88' lang='lat' dir='ltr'><strong>enim,</strong></span> <span class='ocrx_word' id='word_1_173' title='bbox 3350 1043 3475 1100; x_wconf 74' lang='lat' dir='ltr'><strong>quae</strong></span> 
     </span>
    </p>
   </div>
   <div class='ocr_carea' id='block_1_24' title="bbox 1893 1106 3476 1183">
    <p class='ocr_par' dir='ltr' id='par_1_24' title="bbox 1893 1106 3476 1183">
     <span class='ocr_line' id='line_1_24' title="bbox 1893 1106 3476 1183; baseline 0.01 -24"><span class='ocrx_word' id='word_1_174' title='bbox 1893 1117 1953 1159; x_wconf 90' lang='lat' dir='ltr'><strong>sc</strong></span> <span class='ocrx_word' id='word_1_175' title='bbox 1996 1106 2273 1175; x_wconf 80' lang='lat' dir='ltr'><strong>cognoscit</strong></span> <span class='ocrx_word' id='word_1_176' title='bbox 2319 1108 2574 1165; x_wconf 88' lang='lat' dir='ltr'><strong>habuisse</strong></span> <span class='ocrx_word' id='word_1_177' title='bbox 2619 1112 2870 1167; x_wconf 85' lang='lat' dir='ltr'><strong>tenebras</strong></span> <span class='ocrx_word' id='word_1_178' title='bbox 2918 1124 3261 1183; x_wconf 86' lang='lat' dir='ltr'><strong>peccatorum</strong></span> <span class='ocrx_word' id='word_1_179' title='bbox 3308 1126 3364 1174; x_wconf 90' lang='lat' dir='ltr'><strong>et</strong></span> <span class='ocrx_word' id='word_1_180' title='bbox 3408 1121 3476 1175; x_wconf 88' lang='lat' dir='ltr'><strong>de</strong></span> 
     </span>
    </p>
   </div>
   <div class='ocr_carea' id='block_1_25' title="bbox 1894 1198 3475 1273">
    <p class='ocr_par' dir='ltr' id='par_1_25' title="bbox 1894 1198 3475 1273">
     <span class='ocr_line' id='line_1_25' title="bbox 1894 1198 3475 1273; baseline 0.008 -22"><span class='ocrx_word' id='word_1_181' title='bbox 1894 1203 2059 1252; x_wconf 87' lang='lat' dir='ltr'><strong>nocte</strong></span> <span class='ocrx_word' id='word_1_182' title='bbox 2106 1198 2291 1253; x_wconf 90' lang='lat' dir='ltr'><strong>mundi</strong></span> <span class='ocrx_word' id='word_1_183' title='bbox 2334 1198 2492 1254; x_wconf 85' lang='lat' dir='ltr'><strong>istius</strong></span> <span class='ocrx_word' id='word_1_184' title='bbox 2535 1214 2897 1273; x_wconf 88' lang='lat' dir='ltr'><strong>congregata,</strong></span> <span class='ocrx_word' id='word_1_185' title='bbox 2949 1213 3075 1260; x_wconf 88' lang='lat' dir='ltr'><strong>tunc</strong></span> <span class='ocrx_word' id='word_1_186' title='bbox 3123 1220 3183 1261; x_wconf 91' lang='lat' dir='ltr'><strong>se</strong></span> <span class='ocrx_word' id='word_1_187' title='bbox 3230 1207 3475 1263; x_wconf 87' lang='lat' dir='ltr'><strong>exaudiri</strong></span> 
     </span>
    </p>
   </div>
   <div class='ocr_carea' id='block_1_26' title="bbox 1894 1288 3478 1356">
    <p class='ocr_par' dir='ltr' id='par_1_26' title="bbox 1894 1288 3478 1356">
     <span class='ocr_line' id='line_1_26' title="bbox 1894 1288 3478 1356; baseline 0.008 -15"><span class='ocrx_word' id='word_1_188' title='bbox 1894 1288 2087 1343; x_wconf 82' lang='lat' dir='ltr'><strong>merito</strong></span> <span class='ocrx_word' id='word_1_189' title='bbox 2113 1289 2310 1356; x_wconf 89' lang='lat' dir='ltr'><strong>credit,</strong></span> <span class='ocrx_word' id='word_1_190' title='bbox 2340 1305 2463 1346; x_wconf 90' lang='lat' dir='ltr'><strong>cum</strong></span> <span class='ocrx_word' id='word_1_191' title='bbox 2490 1292 2543 1347; x_wconf 94' lang='lat' dir='ltr'><strong>in</strong></span> <span class='ocrx_word' id='word_1_192' title='bbox 2571 1293 2748 1348; x_wconf 88' lang='lat' dir='ltr'><strong>lucem</strong></span> <span class='ocrx_word' id='word_1_193' title='bbox 2779 1295 3017 1351; x_wconf 65' lang='lat' dir='ltr'><strong>caelestis</strong></span> <span class='ocrx_word' id='word_1_194' title='bbox 3047 1298 3478 1354; x_wconf 86' lang='lat' dir='ltr'><strong>conversationis</strong></span> 
     </span>
    </p>
   </div>
   <div class='ocr_carea' id='block_1_27' title="bbox 1893 1381 3477 1457">
    <p class='ocr_par' dir='ltr' id='par_1_27' title="bbox 1893 1381 3477 1457">
     <span class='ocr_line' id='line_1_27' title="bbox 1893 1381 3477 1457; baseline 0.006 -22"><span class='ocrx_word' id='word_1_195' title='bbox 1893 1381 2072 1451; x_wconf 88' lang='lat' dir='ltr'><strong>erupit</strong></span> <span class='ocrx_word' id='word_1_196' title='bbox 2097 1399 2109 1434; x_wconf 89' lang='lat'><strong>:</strong></span> <span class='ocrx_word' id='word_1_197' title='bbox 2143 1382 2338 1450; x_wconf 87' lang='lat' dir='ltr'><strong>repetit</strong></span> <span class='ocrx_word' id='word_1_198' title='bbox 2366 1397 2580 1454; x_wconf 90' lang='lat' dir='ltr'><strong>quoque</strong></span> <span class='ocrx_word' id='word_1_199' title='bbox 2611 1400 2791 1451; x_wconf 90' lang='lat' dir='ltr'><strong>mane,</strong></span> <span class='ocrx_word' id='word_1_200' title='bbox 2823 1386 2965 1457; x_wconf 91' lang='lat' dir='ltr'><strong>quod</strong></span> <span class='ocrx_word' id='word_1_201' title='bbox 2992 1388 3298 1444; x_wconf 86' lang='lat' dir='ltr'><strong>necessario</strong></span> <span class='ocrx_word' id='word_1_202' title='bbox 3328 1404 3477 1445; x_wconf 89' lang='lat' dir='ltr'><strong>men-</strong></span> 
     </span>
    </p>
   </div>
   <div class='ocr_carea' id='block_1_28' title="bbox 1896 1472 3480 1553">
    <p class='ocr_par' dir='ltr' id='par_1_28' title="bbox 1896 1472 3480 1553">
     <span class='ocr_line' id='line_1_28' title="bbox 1896 1472 3480 1553; baseline 0.007 -27"><span class='ocrx_word' id='word_1_203' title='bbox 1896 1480 2003 1527; x_wconf 92' lang='lat' dir='ltr'><strong>tem</strong></span> <span class='ocrx_word' id='word_1_204' title='bbox 2058 1472 2291 1529; x_wconf 91' lang='lat' dir='ltr'><strong>lucidam</strong></span> <span class='ocrx_word' id='word_1_205' title='bbox 2336 1475 2600 1532; x_wconf 89' lang='lat' dir='ltr'><strong>beneﬁcio</strong></span> <span class='ocrx_word' id='word_1_206' title='bbox 2641 1476 2853 1531; x_wconf 89' lang='lat' dir='ltr'><strong>Domini</strong></span> <span class='ocrx_word' id='word_1_207' title='bbox 2914 1487 3092 1534; x_wconf 88' lang='lat' dir='ltr'><strong>astare</strong></span> <span class='ocrx_word' id='word_1_208' title='bbox 3138 1480 3222 1536; x_wconf 81' lang='lat' dir='ltr'><strong>sui</strong></span> <span class='ocrx_word' id='word_1_209' title='bbox 3266 1496 3480 1553; x_wconf 87' lang='lat' dir='ltr'><strong>semper</strong></span> 
     </span>
    </p>
   </div>
   <div class='ocr_carea' id='block_1_29' title="bbox 1893 1566 3476 1639">
    <p class='ocr_par' dir='ltr' id='par_1_29' title="bbox 1893 1566 3476 1639">
     <span class='ocr_line' id='line_1_29' title="bbox 1893 1566 3476 1639; baseline 0.006 -20"><span class='ocrx_word' id='word_1_210' title='bbox 1893 1566 2229 1620; x_wconf 84' lang='lat' dir='ltr'><strong>orationibus</strong></span> <span class='ocrx_word' id='word_1_211' title='bbox 2250 1566 2539 1625; x_wconf 89' lang='lat' dir='ltr'><strong>sentiebat.</strong></span> <span class='ocrx_word' id='word_1_212' title='bbox 2566 1568 2633 1623; x_wconf 88' lang='lat' dir='ltr'><strong>Et</strong></span> <span class='ocrx_word' id='word_1_213' title='bbox 2654 1569 2886 1635; x_wconf 88' lang='lat' dir='ltr'><strong>intuere,</strong></span> <span class='ocrx_word' id='word_1_214' title='bbox 2906 1584 3074 1639; x_wconf 89' lang='lat' dir='ltr'><strong>quare</strong></span> <span class='ocrx_word' id='word_1_215' title='bbox 3096 1586 3257 1628; x_wconf 87' lang='lat' dir='ltr'><strong>mane</strong></span> <span class='ocrx_word' id='word_1_216' title='bbox 3276 1573 3476 1628; x_wconf 90' lang='lat' dir='ltr'><strong>dictum</strong></span> 
     </span>
    </p>
   </div>
   <div class='ocr_carea' id='block_1_30' title="bbox 1896 1656 3478 1729">
    <p class='ocr_par' dir='ltr' id='par_1_30' title="bbox 1896 1656 3478 1729">
     <span class='ocr_line' id='line_1_30' title="bbox 1896 1656 3478 1729; baseline 0.006 -19"><span class='ocrx_word' id='word_1_217' title='bbox 1896 1666 2012 1721; x_wconf 91' lang='lat' dir='ltr'><strong>est,</strong></span> <span class='ocrx_word' id='word_1_218' title='bbox 2055 1656 2261 1712; x_wconf 88' lang='lat' dir='ltr'><strong>scilicet</strong></span> <span class='ocrx_word' id='word_1_219' title='bbox 2302 1673 2427 1713; x_wconf 91' lang='lat' dir='ltr'><strong>cum</strong></span> <span class='ocrx_word' id='word_1_220' title='bbox 2467 1659 2519 1713; x_wconf 91' lang='lat' dir='ltr'><strong>in</strong></span> <span class='ocrx_word' id='word_1_221' title='bbox 2562 1660 2678 1729; x_wconf 89' lang='lat' dir='ltr'><strong>ipso</strong></span> <span class='ocrx_word' id='word_1_222' title='bbox 2714 1660 2939 1715; x_wconf 87' lang='lat' dir='ltr'><strong>exordio</strong></span> <span class='ocrx_word' id='word_1_223' title='bbox 2965 1660 3228 1717; x_wconf 88' lang='lat' dir='ltr'><strong>bonorum</strong></span> <span class='ocrx_word' id='word_1_224' title='bbox 3259 1674 3478 1719; x_wconf 90' lang='lat' dir='ltr'><strong>actuum</strong></span> 
     </span>
    </p>
   </div>
   <div class='ocr_carea' id='block_1_31' title="bbox 202 1735 3481 1824">
    <p class='ocr_par' dir='ltr' id='par_1_31' title="bbox 202 1735 3481 1824">
     <span class='ocr_line' id='line_1_31' title="bbox 202 1735 3481 1824; baseline 0.007 -36"><span class='ocrx_word' id='word_1_225' title='bbox 202 1748 307 1789; x_wconf 92' lang='lat' dir='ltr'><strong>nos</strong></span> <span class='ocrx_word' id='word_1_226' title='bbox 336 1735 569 1790; x_wconf 79' lang='lat' dir='ltr'><strong>diximus</strong></span> <span class='ocrx_word' id='word_1_227' title='bbox 596 1747 967 1806; x_wconf 75' lang='lat' dir='ltr'><strong>spontaneum,</strong></span> <span class='ocrx_word' id='word_1_228' title='bbox 1010 1738 1361 1809; x_wconf 74' lang='lat' dir='ltr'><strong>Septuaginta</strong></span> <span class='ocrx_word' id='word_1_229' title='bbox 1398 1742 1697 1813; x_wconf 72' lang='grc' dir='ltr'><strong>ὁμολογίαν,</strong></span> <span class='ocrx_word' id='word_1_230' title='bbox 1740 1742 1794 1797; x_wconf 90' lang='lat' dir='ltr'><strong>id</strong></span> <span class='ocrx_word' id='word_1_231' title='bbox 1810 1790 1863 1824; x_wconf 81' lang='lat'><strong>._</strong></span> <span class='ocrx_word' id='word_1_232' title='bbox 1899 1746 2181 1801; x_wconf 81' lang='lat' dir='ltr'><strong>veritatem</strong></span> <span class='ocrx_word' id='word_1_233' title='bbox 2217 1748 2445 1817; x_wconf 64' lang='lat' dir='ltr'><strong>ceperit</strong></span> <span class='ocrx_word' id='word_1_234' title='bbox 2492 1762 2645 1804; x_wconf 89' lang='lat' dir='ltr'><strong>mens</strong></span> <span class='ocrx_word' id='word_1_235' title='bbox 2676 1749 2975 1806; x_wconf 87' lang='lat' dir='ltr'><strong>clariﬁcata</strong></span> <span class='ocrx_word' id='word_1_236' title='bbox 3008 1765 3373 1824; x_wconf 85' lang='lat' dir='ltr'><strong>cognoscere:</strong></span> <span class='ocrx_word' id='word_1_237' title='bbox 3413 1769 3481 1810; x_wconf 92' lang='lat' dir='ltr'><strong>ne</strong></span> 
     </span>
    </p>
   </div>
   <div class='ocr_carea' id='block_1_32' title="bbox 202 1818 3481 1917">
    <p class='ocr_par' dir='ltr' id='par_1_32' title="bbox 202 1818 3481 1917">
     <span class='ocr_line' id='line_1_32' title="bbox 202 1818 3481 1917; baseline 0.006 -36"><span class='ocrx_word' id='word_1_238' title='bbox 202 1836 313 1892; x_wconf 89' lang='lat' dir='ltr'><strong>est,</strong></span> <span class='ocrx_word' id='word_1_239' title='bbox 345 1829 719 1897; x_wconf 79' lang='lat' dir='ltr'><strong>confessionem</strong></span> <span class='ocrx_word' id='word_1_240' title='bbox 751 1841 1050 1899; x_wconf 85' lang='lat' dir='ltr'><strong>verterunt,</strong></span> <span class='ocrx_word' id='word_1_241' title='bbox 1092 1844 1147 1890; x_wconf 85' lang='lat' dir='ltr'><strong>et</strong></span> <span class='ocrx_word' id='word_1_242' title='bbox 1174 1850 1271 1905; x_wconf 90' lang='lat' dir='ltr'><strong>pro</strong></span> <span class='ocrx_word' id='word_1_243' title='bbox 1299 1838 1541 1906; x_wconf 80' lang='lat' dir='ltr'><strong>principe</strong></span> <span class='ocrx_word' id='word_1_244' title='bbox 1566 1838 1751 1891; x_wconf 85' lang='lat' dir='ltr'><strong>ducem</strong></span> <span class='ocrx_word' id='word_1_245' title='bbox 1774 1854 1793 1892; x_wconf 91' lang='lat'><strong>:</strong></span> <span class='ocrx_word' id='word_1_246' title='bbox 1825 1818 1870 1876; x_wconf 79' lang='grc' dir='ltr'><strong>Β</strong></span> <span class='ocrx_word' id='word_1_247' title='bbox 1898 1845 2119 1908; x_wconf 87' lang='lat' dir='ltr'><strong>putares</strong></span> <span class='ocrx_word' id='word_1_248' title='bbox 2160 1850 2282 1910; x_wconf 91' lang='lat' dir='ltr'><strong>post</strong></span> <span class='ocrx_word' id='word_1_249' title='bbox 2313 1850 2599 1910; x_wconf 85' lang='lat' dir='ltr'><strong>peccatum</strong></span> <span class='ocrx_word' id='word_1_250' title='bbox 2630 1858 2839 1911; x_wconf 83' lang='lat' dir='ltr'><strong>moram</strong></span> <span class='ocrx_word' id='word_1_251' title='bbox 2883 1846 3034 1913; x_wconf 88' lang='lat' dir='ltr'><strong>ﬁeri,</strong></span> <span class='ocrx_word' id='word_1_252' title='bbox 3077 1818 3187 1917; x_wconf 75' lang='lat' dir='ltr'><strong>qua</strong></span> <span class='ocrx_word' id='word_1_253' title='bbox 3216 1848 3481 1917; x_wconf 89' lang='lat' dir='ltr'><strong>potuisset</strong></span> 
     </span>
    </p>
   </div>
   <div class='ocr_carea' id='block_1_33' title="bbox 203 1919 1797 1992">
    <p class='ocr_par' dir='ltr' id='par_1_33' title="bbox 203 1919 1797 1992">
     <span class='ocr_line' id='line_1_33' title="bbox 203 1919 1797 1992; baseline 0.008 -20"><span class='ocrx_word' id='word_1_254' title='bbox 203 1919 312 1975; x_wconf 89' lang='lat' dir='ltr'><strong>hoc</strong></span> <span class='ocrx_word' id='word_1_255' title='bbox 353 1921 497 1974; x_wconf 89' lang='lat' dir='ltr'><strong>enim</strong></span> <span class='ocrx_word' id='word_1_256' title='bbox 545 1923 661 1975; x_wconf 80' lang='lat' dir='ltr'><strong>nasi</strong></span> <span class='ocrx_word' id='word_1_257' title='bbox 708 1922 999 1992; x_wconf 85' lang='lat' dir='ltr'><strong>signiﬁcat.</strong></span> <span class='ocrx_word' id='word_1_258' title='bbox 1062 1925 1252 1982; x_wconf 81' lang='lat' dir='ltr'><strong>Adhuc</strong></span> <span class='ocrx_word' id='word_1_259' title='bbox 1291 1936 1470 1983; x_wconf 91' lang='lat' dir='ltr'><strong>autem</strong></span> <span class='ocrx_word' id='word_1_260' title='bbox 1510 1944 1691 1984; x_wconf 89' lang='lat' dir='ltr'><strong>sermo</strong></span> <span class='ocrx_word' id='word_1_261' title='bbox 1730 1930 1797 1985; x_wconf 88' lang='lat' dir='ltr'><strong>de</strong></span> 
     </span>
    </p>
   </div>
   <div class='ocr_carea' id='block_1_34' title="bbox 203 2018 1798 2099">
    <p class='ocr_par' dir='ltr' id='par_1_34' title="bbox 203 2018 1798 2099">
     <span class='ocr_line' id='line_1_34' title="bbox 203 2018 1798 2099; baseline 0.004 -28"><span class='ocrx_word' id='word_1_262' title='bbox 203 2018 451 2087; x_wconf 81' lang='lat' dir='ltr'><strong>principe</strong></span> <span class='ocrx_word' id='word_1_263' title='bbox 474 2026 579 2099; x_wconf 78' lang='lat' dir='ltr'><strong>est,</strong></span> <span class='ocrx_word' id='word_1_264' title='bbox 607 2018 674 2073; x_wconf 92' lang='lat' dir='ltr'><strong>de</strong></span> <span class='ocrx_word' id='word_1_265' title='bbox 702 2034 810 2089; x_wconf 89' lang='lat' dir='ltr'><strong>quo</strong></span> <span class='ocrx_word' id='word_1_266' title='bbox 832 2018 1000 2076; x_wconf 89' lang='lat' dir='ltr'><strong>lsaias</strong></span> <span class='ocrx_word' id='word_1_267' title='bbox 1026 2021 1263 2092; x_wconf 89' lang='lat' dir='ltr'><strong>loquitur</strong></span> <span class='ocrx_word' id='word_1_268' title='bbox 1288 2041 1299 2075; x_wconf 94' lang='lat'><strong>:</strong></span> <span class='ocrx_word' id='word_1_269' title='bbox 1336 2042 1354 2073; x_wconf 83' lang='grc'><em>‹</em></span> <span class='ocrx_word' id='word_1_270' title='bbox 1387 2023 1526 2079; x_wconf 84' lang='lat' dir='ltr'><strong>Ecce</strong></span> <span class='ocrx_word' id='word_1_271' title='bbox 1555 2024 1798 2079; x_wconf 88' lang='lat' dir='ltr'><strong>testimo-</strong></span> 
     </span>
    </p>
   </div>
   <div class='ocr_carea' id='block_1_35' title="bbox 204 2106 1799 2185">
    <p class='ocr_par' dir='ltr' id='par_1_35' title="bbox 204 2106 1799 2185">
     <span class='ocr_line' id='line_1_35' title="bbox 204 2106 1799 2185; baseline 0.007 -27"><span class='ocrx_word' id='word_1_272' title='bbox 204 2106 358 2160; x_wconf 89' lang='lat' dir='ltr'><strong>nium</strong></span> <span class='ocrx_word' id='word_1_273' title='bbox 390 2108 443 2161; x_wconf 92' lang='lat' dir='ltr'><strong>in</strong></span> <span class='ocrx_word' id='word_1_274' title='bbox 472 2108 745 2178; x_wconf 89' lang='lat' dir='ltr'><strong>gentibus,</strong></span> <span class='ocrx_word' id='word_1_275' title='bbox 780 2110 901 2165; x_wconf 88' lang='lat' dir='ltr'><strong>dedi</strong></span> <span class='ocrx_word' id='word_1_276' title='bbox 928 2126 1052 2165; x_wconf 88' lang='lat' dir='ltr'><strong>eum</strong></span> <span class='ocrx_word' id='word_1_277' title='bbox 1100 2112 1397 2183; x_wconf 88' lang='lat' dir='ltr'><strong>principem</strong></span> <span class='ocrx_word' id='word_1_278' title='bbox 1424 2122 1479 2168; x_wconf 91' lang='lat' dir='ltr'><strong>et</strong></span> <span class='ocrx_word' id='word_1_279' title='bbox 1504 2124 1799 2185; x_wconf 46' lang='lat' dir='ltr'><strong>praicepto-</strong></span> 
     </span>
    </p>
   </div>
   <div class='ocr_carea' id='block_1_36' title="bbox 204 2199 1798 2277">
    <p class='ocr_par' dir='ltr' id='par_1_36' title="bbox 204 2199 1798 2277">
     <span class='ocr_line' id='line_1_36' title="bbox 204 2199 1798 2277; baseline 0.006 -26"><span class='ocrx_word' id='word_1_280' title='bbox 204 2213 324 2252; x_wconf 85' lang='lat' dir='ltr'><strong>rem</strong></span> <span class='ocrx_word' id='word_1_281' title='bbox 357 2199 410 2253; x_wconf 91' lang='lat' dir='ltr'><strong>in</strong></span> <span class='ocrx_word' id='word_1_282' title='bbox 440 2200 690 2271; x_wconf 91' lang='lat' dir='ltr'><strong>gentibus</strong></span> <span class='ocrx_word' id='word_1_283' title='bbox 739 2200 877 2271; x_wconf 79' lang='lat' dir='ltr'><strong>(lsa.</strong></span> <span class='ocrx_word' id='word_1_284' title='bbox 925 2204 1035 2273; x_wconf 78' lang='grc' dir='ltr'><strong>ιν).</strong></span> <span class='ocrx_word' id='word_1_285' title='bbox 1072 2224 1089 2257; x_wconf 71' lang='grc' dir='ltr'><strong>ο</strong></span> <span class='ocrx_word' id='word_1_286' title='bbox 1142 2204 1209 2257; x_wconf 87' lang='lat' dir='ltr'><strong>Et</strong></span> <span class='ocrx_word' id='word_1_287' title='bbox 1232 2204 1520 2260; x_wconf 86' lang='lat' dir='ltr'><strong>Ezechiel:</strong></span> <span class='ocrx_word' id='word_1_288' title='bbox 1555 2225 1573 2255; x_wconf 71' lang='grc' dir='ltr'><em>ι</em></span> <span class='ocrx_word' id='word_1_289' title='bbox 1605 2205 1673 2259; x_wconf 89' lang='lat' dir='ltr'><strong>Et</strong></span> <span class='ocrx_word' id='word_1_290' title='bbox 1697 2221 1798 2277; x_wconf 80' lang='lat' dir='ltr'><strong>ego</strong></span> 
     </span>
    </p>
   </div>
   <div class='ocr_carea' id='block_1_37' title="bbox 205 2290 1792 2370">
    <p class='ocr_par' dir='ltr' id='par_1_37' title="bbox 205 2290 1792 2370">
     <span class='ocr_line' id='line_1_37' title="bbox 205 2290 1792 2370; baseline 0.005 -23"><span class='ocrx_word' id='word_1_291' title='bbox 205 2290 471 2348; x_wconf 84' lang='lat' dir='ltr'><strong>Dominus</strong></span> <span class='ocrx_word' id='word_1_292' title='bbox 492 2308 589 2349; x_wconf 91' lang='lat' dir='ltr'><strong>ero</strong></span> <span class='ocrx_word' id='word_1_293' title='bbox 608 2296 688 2351; x_wconf 89' lang='lat' dir='ltr'><strong>eis</strong></span> <span class='ocrx_word' id='word_1_294' title='bbox 714 2296 767 2350; x_wconf 92' lang='lat' dir='ltr'><strong>in</strong></span> <span class='ocrx_word' id='word_1_295' title='bbox 792 2296 958 2352; x_wconf 90' lang='lat' dir='ltr'><strong>Deum</strong></span> <span class='ocrx_word' id='word_1_296' title='bbox 976 2297 1192 2369; x_wconf 70' lang='lat' dir='ltr'><strong>(Eucti.</strong></span> <span class='ocrx_word' id='word_1_297' title='bbox 1211 2300 1422 2370; x_wconf 78' lang='lat' dir='ltr'><strong>xxxiv).</strong></span> <span class='ocrx_word' id='word_1_298' title='bbox 1446 2319 1465 2352; x_wconf 77' lang='grc' dir='ltr'><strong><em>ι</em></strong></span> <span class='ocrx_word' id='word_1_299' title='bbox 1500 2301 1567 2355; x_wconf 83' lang='grc' dir='ltr'><strong>Ει</strong></span> <span class='ocrx_word' id='word_1_300' title='bbox 1590 2302 1792 2357; x_wconf 86' lang='lat' dir='ltr'><strong>David:</strong></span> 
     </span>
    </p>
   </div>
   <div class='ocr_carea' id='block_1_38' title="bbox 209 2382 1800 2462">
    <p class='ocr_par' dir='ltr' id='par_1_38' title="bbox 209 2382 1800 2462">
     <span class='ocr_line' id='line_1_38' title="bbox 209 2382 1800 2462; baseline 0.007 -28"><span class='ocrx_word' id='word_1_301' title='bbox 209 2400 232 2434; x_wconf 67' lang='grc' dir='ltr'>ς</span> <span class='ocrx_word' id='word_1_302' title='bbox 263 2382 523 2453; x_wconf 84' lang='lat' dir='ltr'><strong>Princeps</strong></span> <span class='ocrx_word' id='word_1_303' title='bbox 550 2385 603 2438; x_wconf 92' lang='lat' dir='ltr'><strong>in</strong></span> <span class='ocrx_word' id='word_1_304' title='bbox 630 2386 808 2441; x_wconf 91' lang='lat' dir='ltr'><strong>medio</strong></span> <span class='ocrx_word' id='word_1_305' title='bbox 833 2400 1022 2443; x_wconf 88' lang='lat' dir='ltr'><strong>eorum</strong></span> <span class='ocrx_word' id='word_1_306' title='bbox 1046 2388 1313 2459; x_wconf 76' lang='lat' dir='ltr'><strong>(Psai.t:tv</strong></span> <span class='ocrx_word' id='word_1_307' title='bbox 1348 2391 1391 2445; x_wconf 66' lang='grc' dir='ltr'><strong>δ.</strong></span> <span class='ocrx_word' id='word_1_308' title='bbox 1417 2410 1435 2441; x_wconf 71' lang='grc' dir='ltr'><strong>ι</strong></span> <span class='ocrx_word' id='word_1_309' title='bbox 1474 2389 1610 2445; x_wconf 90' lang='lat' dir='ltr'><strong>Cum</strong></span> <span class='ocrx_word' id='word_1_310' title='bbox 1634 2392 1800 2462; x_wconf 86' lang='lat' dir='ltr'><strong>igitur</strong></span> 
     </span>
    </p>
   </div>
   <div class='ocr_carea' id='block_1_39' title="bbox 204 2472 1799 2547">
    <p class='ocr_par' dir='ltr' id='par_1_39' title="bbox 204 2472 1799 2547">
     <span class='ocr_line' id='line_1_39' title="bbox 204 2472 1799 2547; baseline 0.004 -19"><span class='ocrx_word' id='word_1_311' title='bbox 204 2472 313 2529; x_wconf 89' lang='lat' dir='ltr'><strong>iste</strong></span> <span class='ocrx_word' id='word_1_312' title='bbox 342 2474 595 2544; x_wconf 89' lang='lat' dir='ltr'><strong>princeps</strong></span> <span class='ocrx_word' id='word_1_313' title='bbox 624 2474 818 2531; x_wconf 89' lang='lat' dir='ltr'><strong>fecerit</strong></span> <span class='ocrx_word' id='word_1_314' title='bbox 844 2484 1224 2547; x_wconf 89' lang='lat' dir='ltr'><strong>spontaneum,</strong></span> <span class='ocrx_word' id='word_1_315' title='bbox 1253 2488 1308 2532; x_wconf 90' lang='lat' dir='ltr'><strong>et</strong></span> <span class='ocrx_word' id='word_1_316' title='bbox 1331 2478 1531 2533; x_wconf 80' lang='lat' dir='ltr'><strong>dixerit</strong></span> <span class='ocrx_word' id='word_1_317' title='bbox 1559 2499 1577 2531; x_wconf 74' lang='grc' dir='ltr'>ι</span> <span class='ocrx_word' id='word_1_318' title='bbox 1608 2481 1799 2535; x_wconf 86' lang='lat' dir='ltr'><strong>volun-</strong></span> 
     </span>
    </p>
   </div>
   <div class='ocr_carea' id='block_1_40' title="bbox 209 2567 1815 2642">
    <p class='ocr_par' dir='ltr' id='par_1_40' title="bbox 209 2567 1815 2642">
     <span class='ocr_line' id='line_1_40' title="bbox 209 2567 1815 2642; baseline 0.007 -24"><span class='ocrx_word' id='word_1_319' title='bbox 209 2567 379 2631; x_wconf 84' lang='lat' dir='ltr'><strong>taria,</strong></span> <span class='ocrx_word' id='word_1_320' title='bbox 432 2568 543 2622; x_wconf 84' lang='lat' dir='ltr'><strong>sive</strong></span> <span class='ocrx_word' id='word_1_321' title='bbox 586 2578 915 2639; x_wconf 90' lang='lat' dir='ltr'><strong>spontanea,</strong></span> <span class='ocrx_word' id='word_1_322' title='bbox 961 2571 1075 2625; x_wconf 89' lang='lat' dir='ltr'><strong>oris</strong></span> <span class='ocrx_word' id='word_1_323' title='bbox 1105 2572 1245 2635; x_wconf 90' lang='lat' dir='ltr'><strong>mei,</strong></span> <span class='ocrx_word' id='word_1_324' title='bbox 1299 2570 1635 2642; x_wconf 87' lang='lat' dir='ltr'><strong>beneplacita</strong></span> <span class='ocrx_word' id='word_1_325' title='bbox 1680 2573 1815 2639; x_wconf 50' lang='lat' dir='ltr'><strong>fac,,</strong></span> 
     </span>
    </p>
   </div>
   <div class='ocr_carea' id='block_1_41' title="bbox 208 2658 1799 2733">
    <p class='ocr_par' dir='ltr' id='par_1_41' title="bbox 208 2658 1799 2733">
     <span class='ocr_line' id='line_1_41' title="bbox 208 2658 1799 2733; baseline 0.004 -20"><span class='ocrx_word' id='word_1_326' title='bbox 208 2658 437 2713; x_wconf 81' lang='lat' dir='ltr'><strong>Domine</strong></span> <span class='ocrx_word' id='word_1_327' title='bbox 465 2658 637 2730; x_wconf 71' lang='lat' dir='ltr'><strong>(Paul.</strong></span> <span class='ocrx_word' id='word_1_328' title='bbox 666 2662 891 2733; x_wconf 77' lang='lat' dir='ltr'><strong>cxvm);</strong></span> <span class='ocrx_word' id='word_1_329' title='bbox 921 2682 939 2714; x_wconf 76' lang='grc' dir='ltr'><strong>ι</strong></span> <span class='ocrx_word' id='word_1_330' title='bbox 1004 2661 1371 2732; x_wconf 86' lang='lat' dir='ltr'><strong>Spontaneum</strong></span> <span class='ocrx_word' id='word_1_331' title='bbox 1416 2673 1594 2718; x_wconf 89' lang='lat' dir='ltr'><strong>autem</strong></span> <span class='ocrx_word' id='word_1_332' title='bbox 1646 2666 1799 2720; x_wconf 88' lang='lat' dir='ltr'><strong>holo-</strong></span> 
     </span>
    </p>
   </div>
   <div class='ocr_carea' id='block_1_42' title="bbox 206 2751 1799 2821">
    <p class='ocr_par' dir='ltr' id='par_1_42' title="bbox 206 2751 1799 2821">
     <span class='ocr_line' id='line_1_42' title="bbox 206 2751 1799 2821; baseline 0.004 -20"><span class='ocrx_word' id='word_1_333' title='bbox 206 2755 484 2813; x_wconf 91' lang='lat' dir='ltr'><strong>caustum,</strong></span> <span class='ocrx_word' id='word_1_334' title='bbox 517 2758 576 2802; x_wconf 89' lang='lat' dir='ltr'><strong>ut</strong></span> <span class='ocrx_word' id='word_1_335' title='bbox 603 2756 777 2803; x_wconf 88' lang='lat' dir='ltr'><strong>totum</strong></span> <span class='ocrx_word' id='word_1_336' title='bbox 806 2765 866 2805; x_wconf 91' lang='lat' dir='ltr'><strong>se</strong></span> <span class='ocrx_word' id='word_1_337' title='bbox 892 2751 1083 2805; x_wconf 81' lang='lat' dir='ltr'><strong>oﬁ‘erat</strong></span> <span class='ocrx_word' id='word_1_338' title='bbox 1114 2751 1244 2817; x_wconf 89' lang='lat' dir='ltr'><strong>Deo,</strong></span> <span class='ocrx_word' id='word_1_339' title='bbox 1274 2760 1325 2806; x_wconf 86' lang='lat' dir='ltr'><strong>et</strong></span> <span class='ocrx_word' id='word_1_340' title='bbox 1356 2752 1580 2821; x_wconf 91' lang='lat' dir='ltr'><strong>paciﬁca</strong></span> <span class='ocrx_word' id='word_1_341' title='bbox 1611 2752 1799 2808; x_wconf 86' lang='lat' dir='ltr'><strong>volun-</strong></span> 
     </span>
    </p>
   </div>
   <div class='ocr_carea' id='block_1_43' title="bbox 209 2840 1793 2915">
    <p class='ocr_par' dir='ltr' id='par_1_43' title="bbox 209 2840 1793 2915">
     <span class='ocr_line' id='line_1_43' title="bbox 209 2840 1793 2915; baseline 0.003 -22"><span class='ocrx_word' id='word_1_342' title='bbox 209 2840 381 2903; x_wconf 88' lang='lat' dir='ltr'><strong>taria,</strong></span> <span class='ocrx_word' id='word_1_343' title='bbox 432 2841 575 2909; x_wconf 83' lang='lat' dir='ltr'><strong>quod</strong></span> <span class='ocrx_word' id='word_1_344' title='bbox 629 2842 681 2895; x_wconf 89' lang='lat' dir='ltr'><strong>in</strong></span> <span class='ocrx_word' id='word_1_345' title='bbox 732 2842 1005 2912; x_wconf 86' lang='lat' dir='ltr'><strong>prioribus</strong></span> <span class='ocrx_word' id='word_1_346' title='bbox 1036 2859 1142 2899; x_wconf 90' lang='lat' dir='ltr'><strong>non</strong></span> <span class='ocrx_word' id='word_1_347' title='bbox 1176 2844 1471 2899; x_wconf 79' lang='lat' dir='ltr'><strong>invenitur.</strong></span> <span class='ocrx_word' id='word_1_348' title='bbox 1521 2843 1793 2915; x_wconf 79' lang='lat' dir='ltr'><strong>Scriptum</strong></span> 
     </span>
    </p>
   </div>
   <div class='ocr_carea' id='block_1_44' title="bbox 206 2930 1797 3003">
    <p class='ocr_par' dir='ltr' id='par_1_44' title="bbox 206 2930 1797 3003">
     <span class='ocr_line' id='line_1_44' title="bbox 206 2930 1797 3003; baseline 0.005 -20"><span class='ocrx_word' id='word_1_349' title='bbox 206 2938 293 2985; x_wconf 83' lang='lat' dir='ltr'><strong>est</strong></span> <span class='ocrx_word' id='word_1_350' title='bbox 323 2931 465 2984; x_wconf 91' lang='lat' dir='ltr'><strong>enim</strong></span> <span class='ocrx_word' id='word_1_351' title='bbox 493 2946 507 2984; x_wconf 92' lang='lat'><strong>:</strong></span> <span class='ocrx_word' id='word_1_352' title='bbox 540 2950 558 2981; x_wconf 76' lang='grc' dir='ltr'>ι</span> <span class='ocrx_word' id='word_1_353' title='bbox 590 2931 657 2985; x_wconf 84' lang='grc' dir='ltr'>Ει</span> <span class='ocrx_word' id='word_1_354' title='bbox 696 2930 896 2987; x_wconf 86' lang='lat' dir='ltr'><strong>facient</strong></span> <span class='ocrx_word' id='word_1_355' title='bbox 934 2934 1242 2989; x_wconf 86' lang='lat' dir='ltr'><strong>sacerdotes</strong></span> <span class='ocrx_word' id='word_1_356' title='bbox 1278 2933 1651 2989; x_wconf 89' lang='lat' dir='ltr'><strong>holocaustum</strong></span> <span class='ocrx_word' id='word_1_357' title='bbox 1682 2934 1797 3003; x_wconf 89' lang='lat' dir='ltr'><strong>ejus</strong></span> 
     </span>
    </p>
   </div>
   <div class='ocr_carea' id='block_1_45' title="bbox 207 3021 1794 3094">
    <p class='ocr_par' dir='ltr' id='par_1_45' title="bbox 207 3021 1794 3094">
     <span class='ocr_line' id='line_1_45' title="bbox 207 3021 1794 3094; baseline 0.003 -18"><span class='ocrx_word' id='word_1_358' title='bbox 207 3030 265 3076; x_wconf 88' lang='lat' dir='ltr'><strong>et</strong></span> <span class='ocrx_word' id='word_1_359' title='bbox 312 3022 534 3092; x_wconf 87' lang='lat' dir='ltr'><strong>paciﬁca</strong></span> <span class='ocrx_word' id='word_1_360' title='bbox 581 3021 717 3089; x_wconf 89' lang='lat' dir='ltr'><strong>ejus,</strong></span> <span class='ocrx_word' id='word_1_361' title='bbox 751 3043 767 3074; x_wconf 73' lang='grc' dir='ltr'><strong><em>ι</em></strong></span> <span class='ocrx_word' id='word_1_362' title='bbox 823 3032 878 3077; x_wconf 90' lang='lat' dir='ltr'><strong>et</strong></span> <span class='ocrx_word' id='word_1_363' title='bbox 910 3024 977 3079; x_wconf 90' lang='lat' dir='ltr'><strong>de</strong></span> <span class='ocrx_word' id='word_1_364' title='bbox 1006 3024 1319 3094; x_wconf 85' lang='lat' dir='ltr'><strong>spontaneis</strong></span> <span class='ocrx_word' id='word_1_365' title='bbox 1348 3040 1413 3079; x_wconf 91' lang='lat' dir='ltr'><strong>ac</strong></span> <span class='ocrx_word' id='word_1_366' title='bbox 1440 3025 1759 3080; x_wconf 87' lang='lat' dir='ltr'><strong>voluntariis</strong></span> <span class='ocrx_word' id='word_1_367' title='bbox 1779 3066 1794 3090; x_wconf 92' lang='lat'><strong>,</strong></span> 
     </span>
    </p>
   </div>
   <div class='ocr_carea' id='block_1_46' title="bbox 208 3112 1792 3180">
    <p class='ocr_par' dir='ltr' id='par_1_46' title="bbox 208 3112 1792 3180">
     <span class='ocr_line' id='line_1_46' title="bbox 208 3112 1792 3180; baseline 0.004 -15"><span class='ocrx_word' id='word_1_368' title='bbox 208 3112 406 3180; x_wconf 86' lang='lat' dir='ltr'><strong>quibus</strong></span> <span class='ocrx_word' id='word_1_369' title='bbox 424 3127 566 3166; x_wconf 90' lang='lat' dir='ltr'><strong>nunc</strong></span> <span class='ocrx_word' id='word_1_370' title='bbox 590 3112 788 3167; x_wconf 89' lang='lat' dir='ltr'><strong>dicitur</strong></span> <span class='ocrx_word' id='word_1_371' title='bbox 813 3115 1035 3169; x_wconf 88' lang='lat' dir='ltr'><strong>omnino</strong></span> <span class='ocrx_word' id='word_1_372' title='bbox 1065 3115 1343 3180; x_wconf 89' lang='lat' dir='ltr'><strong>reticetur,</strong></span> <span class='ocrx_word' id='word_1_373' title='bbox 1391 3123 1450 3169; x_wconf 92' lang='lat' dir='ltr'><strong>ut</strong></span> <span class='ocrx_word' id='word_1_374' title='bbox 1474 3130 1580 3170; x_wconf 90' lang='lat' dir='ltr'><strong>non</strong></span> <span class='ocrx_word' id='word_1_375' title='bbox 1602 3130 1792 3172; x_wconf 87' lang='lat' dir='ltr'><strong>neces-</strong></span> 
     </span>
    </p>
   </div>
   <div class='ocr_carea' id='block_1_47' title="bbox 1899 1928 3483 2008">
    <p class='ocr_par' dir='ltr' id='par_1_47' title="bbox 1899 1928 3483 2008">
     <span class='ocr_line' id='line_1_47' title="bbox 1899 1928 3483 2008; baseline 0.006 -25"><span class='ocrx_word' id='word_1_376' title='bbox 1899 1928 2093 1992; x_wconf 90' lang='lat' dir='ltr'><strong>audiri,</strong></span> <span class='ocrx_word' id='word_1_377' title='bbox 2141 1928 2280 1985; x_wconf 89' lang='lat' dir='ltr'><strong>sicut</strong></span> <span class='ocrx_word' id='word_1_378' title='bbox 2306 1930 2555 1988; x_wconf 86' lang='lat' dir='ltr'><strong>Ezechiel</strong></span> <span class='ocrx_word' id='word_1_379' title='bbox 2586 1934 2852 2004; x_wconf 85' lang='lat' dir='ltr'><strong>propheta</strong></span> <span class='ocrx_word' id='word_1_380' title='bbox 2878 1934 3046 1991; x_wconf 91' lang='lat' dir='ltr'><strong>dicit:</strong></span> <span class='ocrx_word' id='word_1_381' title='bbox 3081 1956 3098 1989; x_wconf 78' lang='grc' dir='ltr'>ι</span> <span class='ocrx_word' id='word_1_382' title='bbox 3128 1936 3329 2008; x_wconf 90' lang='lat' dir='ltr'><strong>impius</strong></span> <span class='ocrx_word' id='word_1_383' title='bbox 3355 1952 3483 2008; x_wconf 89' lang='lat' dir='ltr'><strong>qua-</strong></span> 
     </span>
    </p>
   </div>
   <div class='ocr_carea' id='block_1_48' title="bbox 1898 2022 3484 2097">
    <p class='ocr_par' dir='ltr' id='par_1_48' title="bbox 1898 2022 3484 2097">
     <span class='ocr_line' id='line_1_48' title="bbox 1898 2022 3484 2097; baseline 0.004 -21"><span class='ocrx_word' id='word_1_384' title='bbox 1898 2036 2111 2091; x_wconf 86' lang='lat' dir='ltr'><strong>cunque</strong></span> <span class='ocrx_word' id='word_1_385' title='bbox 2136 2022 2223 2078; x_wconf 91' lang='lat' dir='ltr'><strong>die</strong></span> <span class='ocrx_word' id='word_1_386' title='bbox 2250 2038 2309 2078; x_wconf 90' lang='lat' dir='ltr'><strong>se</strong></span> <span class='ocrx_word' id='word_1_387' title='bbox 2338 2024 2598 2079; x_wconf 86' lang='lat' dir='ltr'><strong>averterit</strong></span> <span class='ocrx_word' id='word_1_388' title='bbox 2627 2024 2695 2080; x_wconf 87' lang='lat' dir='ltr'><strong>ab</strong></span> <span class='ocrx_word' id='word_1_389' title='bbox 2721 2026 2999 2097; x_wconf 89' lang='lat' dir='ltr'><strong>impietate</strong></span> <span class='ocrx_word' id='word_1_390' title='bbox 3024 2042 3140 2093; x_wconf 91' lang='lat' dir='ltr'><strong>sua,</strong></span> <span class='ocrx_word' id='word_1_391' title='bbox 3168 2042 3359 2084; x_wconf 82' lang='lat' dir='ltr'><strong>omnes</strong></span> <span class='ocrx_word' id='word_1_392' title='bbox 3386 2029 3484 2083; x_wconf 89' lang='lat' dir='ltr'><strong>im-</strong></span> 
     </span>
    </p>
   </div>
   <div class='ocr_carea' id='block_1_49' title="bbox 1897 2112 3476 2189">
    <p class='ocr_par' dir='ltr' id='par_1_49' title="bbox 1897 2112 3476 2189">
     <span class='ocr_line' id='line_1_49' title="bbox 1897 2112 3476 2189; baseline 0.003 -22"><span class='ocrx_word' id='word_1_393' title='bbox 1897 2112 2128 2180; x_wconf 86' lang='lat' dir='ltr'><strong>pietates</strong></span> <span class='ocrx_word' id='word_1_394' title='bbox 2148 2112 2263 2182; x_wconf 87' lang='lat' dir='ltr'><strong>ejus</strong></span> <span class='ocrx_word' id='word_1_395' title='bbox 2286 2130 2393 2168; x_wconf 91' lang='lat' dir='ltr'><strong>non</strong></span> <span class='ocrx_word' id='word_1_396' title='bbox 2423 2123 2585 2170; x_wconf 87' lang='lat' dir='ltr'><strong>erunt</strong></span> <span class='ocrx_word' id='word_1_397' title='bbox 2602 2115 2656 2169; x_wconf 93' lang='lat' dir='ltr'><strong>in</strong></span> <span class='ocrx_word' id='word_1_398' title='bbox 2678 2118 2996 2172; x_wconf 89' lang='lat' dir='ltr'><strong>memoriam</strong></span> <span class='ocrx_word' id='word_1_399' title='bbox 3017 2118 3233 2189; x_wconf 70' lang='lat' dir='ltr'><strong>(Ezech.</strong></span> <span class='ocrx_word' id='word_1_400' title='bbox 3250 2118 3431 2185; x_wconf 84' lang='lat' dir='ltr'><strong>xvm).</strong></span> <span class='ocrx_word' id='word_1_401' title='bbox 3456 2138 3476 2171; x_wconf 74' lang='grc' dir='ltr'>ι</span> 
     </span>
    </p>
   </div>
   <div class='ocr_carea' id='block_1_50' title="bbox 1896 2203 3487 2279">
    <p class='ocr_par' dir='ltr' id='par_1_50' title="bbox 1896 2203 3487 2279">
     <span class='ocr_line' id='line_1_50' title="bbox 1896 2203 3487 2279; baseline 0.005 -22"><span class='ocrx_word' id='word_1_402' title='bbox 1896 2203 2093 2259; x_wconf 85' lang='lat' dir='ltr'><strong>Astare</strong></span> <span class='ocrx_word' id='word_1_403' title='bbox 2137 2214 2223 2260; x_wconf 90' lang='lat' dir='ltr'><strong>est</strong></span> <span class='ocrx_word' id='word_1_404' title='bbox 2252 2206 2396 2261; x_wconf 89' lang='lat' dir='ltr'><strong>enim</strong></span> <span class='ocrx_word' id='word_1_405' title='bbox 2431 2216 2751 2275; x_wconf 83' lang='lat' dir='ltr'><strong>praesentem</strong></span> <span class='ocrx_word' id='word_1_406' title='bbox 2804 2223 3018 2279; x_wconf 89' lang='lat' dir='ltr'><strong>semper</strong></span> <span class='ocrx_word' id='word_1_407' title='bbox 3065 2210 3339 2265; x_wconf 88' lang='lat' dir='ltr'><strong>assistere.</strong></span> <span class='ocrx_word' id='word_1_408' title='bbox 3380 2210 3487 2267; x_wconf 87' lang='lat' dir='ltr'><strong>Per</strong></span> 
     </span>
    </p>
   </div>
   <div class='ocr_carea' id='block_1_51' title="bbox 1900 2292 3485 2368">
    <p class='ocr_par' dir='ltr' id='par_1_51' title="bbox 1900 2292 3485 2368">
     <span class='ocr_line' id='line_1_51' title="bbox 1900 2292 3485 2368; baseline 0.006 -20"><span class='ocrx_word' id='word_1_409' title='bbox 1900 2292 2004 2349; x_wconf 90' lang='lat' dir='ltr'><strong>hoc</strong></span> <span class='ocrx_word' id='word_1_410' title='bbox 2044 2303 2222 2349; x_wconf 90' lang='lat' dir='ltr'><strong>autem</strong></span> <span class='ocrx_word' id='word_1_411' title='bbox 2255 2296 2476 2351; x_wconf 88' lang='lat' dir='ltr'><strong>verbum</strong></span> <span class='ocrx_word' id='word_1_412' title='bbox 2510 2296 2775 2368; x_wconf 60' lang='lat' dir='ltr'><strong>religiosa!</strong></span> <span class='ocrx_word' id='word_1_413' title='bbox 2810 2298 3113 2354; x_wconf 89' lang='lat' dir='ltr'><strong>devotionis</strong></span> <span class='ocrx_word' id='word_1_414' title='bbox 3153 2299 3485 2357; x_wconf 84' lang='lat' dir='ltr'><strong>continuitas</strong></span> 
     </span>
    </p>
   </div>
   <div class='ocr_carea' id='block_1_52' title="bbox 1902 2383 3483 2459">
    <p class='ocr_par' dir='ltr' id='par_1_52' title="bbox 1902 2383 3483 2459">
     <span class='ocr_line' id='line_1_52' title="bbox 1902 2383 3483 2459; baseline 0.007 -21"><span class='ocrx_word' id='word_1_415' title='bbox 1902 2383 2200 2439; x_wconf 75' lang='lat' dir='ltr'><strong>indicatur:</strong></span> <span class='ocrx_word' id='word_1_416' title='bbox 2239 2384 2333 2441; x_wconf 88' lang='lat' dir='ltr'><strong>Ille</strong></span> <span class='ocrx_word' id='word_1_417' title='bbox 2373 2385 2640 2455; x_wconf 90' lang='lat' dir='ltr'><strong>siquidem</strong></span> <span class='ocrx_word' id='word_1_418' title='bbox 2686 2386 2823 2442; x_wconf 87' lang='lat' dir='ltr'><strong>bene</strong></span> <span class='ocrx_word' id='word_1_419' title='bbox 2862 2387 3063 2444; x_wconf 91' lang='lat' dir='ltr'><strong>dicitur</strong></span> <span class='ocrx_word' id='word_1_420' title='bbox 3102 2391 3213 2447; x_wconf 89' lang='lat' dir='ltr'><strong>Deo</strong></span> <span class='ocrx_word' id='word_1_421' title='bbox 3259 2400 3444 2449; x_wconf 87' lang='lat' dir='ltr'><strong>astare</strong></span> <span class='ocrx_word' id='word_1_422' title='bbox 3468 2433 3483 2459; x_wconf 93' lang='lat'><strong>,</strong></span> 
     </span>
    </p>
   </div>
   <div class='ocr_carea' id='block_1_53' title="bbox 1900 2474 3486 2553">
    <p class='ocr_par' dir='ltr' id='par_1_53' title="bbox 1900 2474 3486 2553">
     <span class='ocr_line' id='line_1_53' title="bbox 1900 2474 3486 2553; baseline 0.006 -24"><span class='ocrx_word' id='word_1_423' title='bbox 1900 2476 1993 2546; x_wconf 83' lang='lat' dir='ltr'><strong>qui</strong></span> <span class='ocrx_word' id='word_1_424' title='bbox 2022 2475 2218 2547; x_wconf 90' lang='lat' dir='ltr'><strong>dignus</strong></span> <span class='ocrx_word' id='word_1_425' title='bbox 2252 2484 2431 2547; x_wconf 91' lang='lat' dir='ltr'><strong>potest</strong></span> <span class='ocrx_word' id='word_1_426' title='bbox 2467 2477 2585 2548; x_wconf 87' lang='lat' dir='ltr'><strong>ejus</strong></span> <span class='ocrx_word' id='word_1_427' title='bbox 2622 2480 2999 2548; x_wconf 88' lang='lat' dir='ltr'><strong>conspectibus</strong></span> <span class='ocrx_word' id='word_1_428' title='bbox 3033 2496 3316 2553; x_wconf 88' lang='lat' dir='ltr'><strong>apparere,</strong></span> <span class='ocrx_word' id='word_1_429' title='bbox 3348 2474 3486 2540; x_wconf 84' lang='lat' dir='ltr'><strong>sicut</strong></span> 
     </span>
    </p>
   </div>
   <div class='ocr_carea' id='block_1_54' title="bbox 1899 2567 3482 2645">
    <p class='ocr_par' dir='ltr' id='par_1_54' title="bbox 1899 2567 3482 2645">
     <span class='ocr_line' id='line_1_54' title="bbox 1899 2567 3482 2645; baseline 0.006 -23"><span class='ocrx_word' id='word_1_430' title='bbox 1899 2567 2045 2622; x_wconf 88' lang='lat' dir='ltr'><strong>Elias</strong></span> <span class='ocrx_word' id='word_1_431' title='bbox 2092 2570 2158 2623; x_wconf 91' lang='lat' dir='ltr'><strong>de</strong></span> <span class='ocrx_word' id='word_1_432' title='bbox 2207 2584 2265 2624; x_wconf 89' lang='lat' dir='ltr'><strong>se</strong></span> <span class='ocrx_word' id='word_1_433' title='bbox 2313 2568 2451 2623; x_wconf 83' lang='lat' dir='ltr'><strong>dixit</strong></span> <span class='ocrx_word' id='word_1_434' title='bbox 2498 2578 2519 2623; x_wconf 75' lang='lat'><strong>:‘</strong></span> <span class='ocrx_word' id='word_1_435' title='bbox 2542 2568 2686 2624; x_wconf 81' lang='lat' dir='ltr'><strong>Vivit</strong></span> <span class='ocrx_word' id='word_1_436' title='bbox 2737 2570 3019 2637; x_wconf 89' lang='lat' dir='ltr'><strong>Dominus,</strong></span> <span class='ocrx_word' id='word_1_437' title='bbox 3065 2573 3119 2628; x_wconf 93' lang='lat' dir='ltr'><strong>in</strong></span> <span class='ocrx_word' id='word_1_438' title='bbox 3160 2574 3315 2645; x_wconf 84' lang='lat' dir='ltr'><strong>cujus</strong></span> <span class='ocrx_word' id='word_1_439' title='bbox 3353 2589 3482 2630; x_wconf 87' lang='lat' dir='ltr'><strong>con-</strong></span> 
     </span>
    </p>
   </div>
   <div class='ocr_carea' id='block_1_55' title="bbox 1899 2657 3487 2728">
    <p class='ocr_par' dir='ltr' id='par_1_55' title="bbox 1899 2657 3487 2728">
     <span class='ocr_line' id='line_1_55' title="bbox 1899 2657 3487 2728; baseline 0.006 -16"><span class='ocrx_word' id='word_1_440' title='bbox 1899 2666 2089 2728; x_wconf 88' lang='lat' dir='ltr'><strong>spectu</strong></span> <span class='ocrx_word' id='word_1_441' title='bbox 2117 2657 2291 2713; x_wconf 90' lang='lat' dir='ltr'><strong>adsto.</strong></span> <span class='ocrx_word' id='word_1_442' title='bbox 2331 2657 2505 2728; x_wconf 86' lang='lat' dir='ltr'><strong>Supra</strong></span> <span class='ocrx_word' id='word_1_443' title='bbox 2535 2660 2713 2715; x_wconf 81' lang='lat' dir='ltr'><strong>dixit:</strong></span> <span class='ocrx_word' id='word_1_444' title='bbox 2740 2663 2998 2717; x_wconf 80' lang='lat' dir='ltr'><strong>exaudies</strong></span> <span class='ocrx_word' id='word_1_445' title='bbox 3026 2663 3115 2719; x_wconf 88' lang='lat' dir='ltr'><strong>hic</strong></span> <span class='ocrx_word' id='word_1_446' title='bbox 3148 2665 3400 2720; x_wconf 82' lang='lat' dir='ltr'><strong>additur:</strong></span> <span class='ocrx_word' id='word_1_447' title='bbox 3432 2675 3487 2722; x_wconf 90' lang='lat' dir='ltr'><strong>et</strong></span> 
     </span>
    </p>
   </div>
   <div class='ocr_carea' id='block_1_56' title="bbox 1898 2748 3479 2826">
    <p class='ocr_par' dir='ltr' id='par_1_56' title="bbox 1898 2748 3479 2826">
     <span class='ocr_line' id='line_1_56' title="bbox 1898 2748 3479 2826; baseline 0.008 -29"><span class='ocrx_word' id='word_1_448' title='bbox 1898 2748 2123 2813; x_wconf 84' lang='lat' dir='ltr'><strong>videbo;</strong></span> <span class='ocrx_word' id='word_1_449' title='bbox 2155 2750 2410 2818; x_wconf 90' lang='lat' dir='ltr'><strong>quoniam</strong></span> <span class='ocrx_word' id='word_1_450' title='bbox 2434 2750 2488 2804; x_wconf 93' lang='lat' dir='ltr'><strong>in</strong></span> <span class='ocrx_word' id='word_1_451' title='bbox 2520 2750 2608 2805; x_wconf 87' lang='lat' dir='ltr'><strong>illa</strong></span> <span class='ocrx_word' id='word_1_452' title='bbox 2638 2753 3040 2808; x_wconf 90' lang='lat' dir='ltr'><strong>resurrectione</strong></span> <span class='ocrx_word' id='word_1_453' title='bbox 3064 2754 3239 2823; x_wconf 92' lang='lat' dir='ltr'><strong>ipsum</strong></span> <span class='ocrx_word' id='word_1_454' title='bbox 3264 2755 3479 2826; x_wconf 90' lang='lat' dir='ltr'><strong>conspi-</strong></span> 
     </span>
    </p>
   </div>
   <div class='ocr_carea' id='block_1_57' title="bbox 1899 2842 3482 2916">
    <p class='ocr_par' dir='ltr' id='par_1_57' title="bbox 1899 2842 3482 2916">
     <span class='ocr_line' id='line_1_57' title="bbox 1899 2842 3482 2916; baseline 0.003 -19"><span class='ocrx_word' id='word_1_455' title='bbox 1899 2842 2046 2907; x_wconf 91' lang='lat' dir='ltr'><strong>ciet,</strong></span> <span class='ocrx_word' id='word_1_456' title='bbox 2096 2842 2185 2897; x_wconf 90' lang='lat' dir='ltr'><strong>cui</strong></span> <span class='ocrx_word' id='word_1_457' title='bbox 2230 2843 2319 2898; x_wconf 91' lang='lat' dir='ltr'><strong>hic</strong></span> <span class='ocrx_word' id='word_1_458' title='bbox 2348 2843 2553 2899; x_wconf 87' lang='lat' dir='ltr'><strong>sanctis</strong></span> <span class='ocrx_word' id='word_1_459' title='bbox 2598 2844 2938 2900; x_wconf 88' lang='lat' dir='ltr'><strong>orationibus</strong></span> <span class='ocrx_word' id='word_1_460' title='bbox 2976 2846 3321 2916; x_wconf 87' lang='lat' dir='ltr'><strong>supplicavit.</strong></span> <span class='ocrx_word' id='word_1_461' title='bbox 3379 2847 3482 2915; x_wconf 87' lang='lat' dir='ltr'><strong>Qui</strong></span> 
     </span>
    </p>
   </div>
   <div class='ocr_carea' id='block_1_58' title="bbox 1900 2920 3479 3005">
    <p class='ocr_par' dir='ltr' id='par_1_58' title="bbox 1900 2920 3479 3005">
     <span class='ocr_line' id='line_1_58' title="bbox 1900 2920 3479 3005; baseline 0.001 -18"><span class='ocrx_word' id='word_1_462' title='bbox 1900 2933 1972 2988; x_wconf 92' lang='lat' dir='ltr'><strong>sit</strong></span> <span class='ocrx_word' id='word_1_463' title='bbox 2006 2920 2187 2987; x_wconf 85' lang='lat' dir='ltr'><strong>autem</strong></span> <span class='ocrx_word' id='word_1_464' title='bbox 2216 2934 2318 2989; x_wconf 89' lang='lat' dir='ltr'><strong>iste</strong></span> <span class='ocrx_word' id='word_1_465' title='bbox 2346 2948 2519 3004; x_wconf 86' lang='lat' dir='ltr'><strong>agnus</strong></span> <span class='ocrx_word' id='word_1_466' title='bbox 2549 2932 2942 2999; x_wconf 88' lang='lat' dir='ltr'><strong>immaculatus,</strong></span> <span class='ocrx_word' id='word_1_467' title='bbox 2976 2935 3091 2990; x_wconf 90' lang='lat' dir='ltr'><strong>sive</strong></span> <span class='ocrx_word' id='word_1_468' title='bbox 3124 2934 3397 3005; x_wconf 88' lang='lat' dir='ltr'><strong>perfectus</strong></span> <span class='ocrx_word' id='word_1_469' title='bbox 3426 2946 3479 2991; x_wconf 90' lang='lat' dir='ltr'><strong>et</strong></span> 
     </span>
    </p>
   </div>
   <div class='ocr_carea' id='block_1_59' title="bbox 1900 3024 3487 3095">
    <p class='ocr_par' dir='ltr' id='par_1_59' title="bbox 1900 3024 3487 3095">
     <span class='ocr_line' id='line_1_59' title="bbox 1900 3024 3487 3095; baseline 0.002 -16"><span class='ocrx_word' id='word_1_470' title='bbox 1900 3024 2205 3089; x_wconf 91' lang='lat' dir='ltr'><strong>anniculus,</strong></span> <span class='ocrx_word' id='word_1_471' title='bbox 2238 3024 2404 3079; x_wconf 83' lang='lat' dir='ltr'><strong>lsaias</strong></span> <span class='ocrx_word' id='word_1_472' title='bbox 2430 3024 2643 3095; x_wconf 89' lang='lat' dir='ltr'><strong>plenius</strong></span> <span class='ocrx_word' id='word_1_473' title='bbox 2669 3024 2848 3091; x_wconf 89' lang='lat' dir='ltr'><strong>docet,</strong></span> <span class='ocrx_word' id='word_1_474' title='bbox 2878 3025 3066 3081; x_wconf 91' lang='lat' dir='ltr'><strong>dicens</strong></span> <span class='ocrx_word' id='word_1_475' title='bbox 3091 3045 3103 3081; x_wconf 91' lang='lat'><strong>:</strong></span> <span class='ocrx_word' id='word_1_476' title='bbox 3136 3044 3154 3078; x_wconf 72' lang='grc' dir='ltr'>ι</span> <span class='ocrx_word' id='word_1_477' title='bbox 3188 3025 3342 3083; x_wconf 91' lang='lat' dir='ltr'><strong>Sicut</strong></span> <span class='ocrx_word' id='word_1_478' title='bbox 3368 3027 3487 3082; x_wconf 89' lang='lat' dir='ltr'><strong>ovis</strong></span> 
     </span>
    </p>
   </div>
   <div class='ocr_carea' id='block_1_60' title="bbox 1902 3116 3484 3191">
    <p class='ocr_par' dir='ltr' id='par_1_60' title="bbox 1902 3116 3484 3191">
     <span class='ocr_line' id='line_1_60' title="bbox 1902 3116 3484 3191; baseline 0 -19"><span class='ocrx_word' id='word_1_479' title='bbox 1902 3117 1969 3172; x_wconf 92' lang='lat' dir='ltr'><strong>ad</strong></span> <span class='ocrx_word' id='word_1_480' title='bbox 1997 3117 2270 3171; x_wconf 84' lang='lat' dir='ltr'><strong>victimam</strong></span> <span class='ocrx_word' id='word_1_481' title='bbox 2302 3116 2494 3173; x_wconf 92' lang='lat' dir='ltr'><strong>ductus</strong></span> <span class='ocrx_word' id='word_1_482' title='bbox 2522 3125 2634 3182; x_wconf 87' lang='lat' dir='ltr'><strong>est;</strong></span> <span class='ocrx_word' id='word_1_483' title='bbox 2664 3126 2720 3175; x_wconf 92' lang='lat' dir='ltr'><strong>et</strong></span> <span class='ocrx_word' id='word_1_484' title='bbox 2747 3118 2885 3173; x_wconf 91' lang='lat' dir='ltr'><strong>sicut</strong></span> <span class='ocrx_word' id='word_1_485' title='bbox 2914 3133 3083 3189; x_wconf 79' lang='lat' dir='ltr'><strong>agnus</strong></span> <span class='ocrx_word' id='word_1_486' title='bbox 3110 3118 3164 3174; x_wconf 92' lang='lat' dir='ltr'><strong>in</strong></span> <span class='ocrx_word' id='word_1_487' title='bbox 3192 3128 3484 3191; x_wconf 90' lang='lat' dir='ltr'><strong>conspectu</strong></span> 
     </span>
    </p>
   </div>
   <div class='ocr_carea' id='block_1_61' title="bbox 208 3176 3481 3281">
    <p class='ocr_par' dir='ltr' id='par_1_61' title="bbox 208 3176 3481 3281">
     <span class='ocr_line' id='line_1_61' title="bbox 208 3176 3481 3281; baseline 0.002 -21"><span class='ocrx_word' id='word_1_488' title='bbox 208 3176 369 3261; x_wconf 48' lang='lat' dir='ltr'><strong>s—itatc</strong></span> <span class='ocrx_word' id='word_1_489' title='bbox 396 3207 577 3273; x_wconf 83' lang='lat' dir='ltr'><strong>faciat,</strong></span> <span class='ocrx_word' id='word_1_490' title='bbox 606 3210 699 3264; x_wconf 87' lang='lat' dir='ltr'><strong>sed</strong></span> <span class='ocrx_word' id='word_1_491' title='bbox 730 3208 1023 3274; x_wconf 85' lang='lat' dir='ltr'><strong>voluntate,</strong></span> <span class='ocrx_word' id='word_1_492' title='bbox 1058 3219 1181 3279; x_wconf 85' lang='lat' dir='ltr'><strong>post</strong></span> <span class='ocrx_word' id='word_1_493' title='bbox 1209 3210 1583 3265; x_wconf 89' lang='lat' dir='ltr'><strong>holocaustum</strong></span> <span class='ocrx_word' id='word_1_494' title='bbox 1606 3208 1799 3265; x_wconf 84' lang='lat' dir='ltr'><strong>oﬁ&#39;erat</strong></span> <span class='ocrx_word' id='word_1_495' title='bbox 1827 3176 1871 3238; x_wconf 67' lang='grc' dir='ltr'>Ο</span> <span class='ocrx_word' id='word_1_496' title='bbox 1904 3209 2175 3264; x_wconf 89' lang='lat' dir='ltr'><strong>tondentis</strong></span> <span class='ocrx_word' id='word_1_497' title='bbox 2210 3224 2270 3264; x_wconf 87' lang='lat' dir='ltr'><strong>se</strong></span> <span class='ocrx_word' id='word_1_498' title='bbox 2308 3209 2427 3263; x_wconf 88' lang='lat' dir='ltr'><strong>sine</strong></span> <span class='ocrx_word' id='word_1_499' title='bbox 2465 3224 2629 3274; x_wconf 89' lang='lat' dir='ltr'><strong>voce,</strong></span> <span class='ocrx_word' id='word_1_500' title='bbox 2676 3218 2733 3265; x_wconf 88' lang='lat' dir='ltr'><strong>et</strong></span> <span class='ocrx_word' id='word_1_501' title='bbox 2777 3224 2884 3266; x_wconf 87' lang='lat' dir='ltr'><strong>non</strong></span> <span class='ocrx_word' id='word_1_502' title='bbox 2926 3211 3175 3281; x_wconf 75' lang='lat' dir='ltr'><strong>aperiens</strong></span> <span class='ocrx_word' id='word_1_503' title='bbox 3218 3226 3281 3267; x_wconf 92' lang='lat' dir='ltr'><strong>os</strong></span> <span class='ocrx_word' id='word_1_504' title='bbox 3326 3226 3481 3266; x_wconf 87' lang='lat' dir='ltr'><strong>suum</strong></span> 
     </span>
    </p>
   </div>
   <div class='ocr_carea' id='block_1_62' title="bbox 208 3298 1797 3373">
    <p class='ocr_par' dir='ltr' id='par_1_62' title="bbox 208 3298 1797 3373">
     <span class='ocr_line' id='line_1_62' title="bbox 208 3298 1797 3373; baseline 0.004 -22"><span class='ocrx_word' id='word_1_505' title='bbox 208 3298 435 3367; x_wconf 86' lang='lat' dir='ltr'><strong>paciﬁca</strong></span> <span class='ocrx_word' id='word_1_506' title='bbox 487 3308 540 3354; x_wconf 88' lang='lat' dir='ltr'><strong>et</strong></span> <span class='ocrx_word' id='word_1_507' title='bbox 593 3300 973 3354; x_wconf 88' lang='lat' dir='ltr'><strong>reconcilietur</strong></span> <span class='ocrx_word' id='word_1_508' title='bbox 1024 3303 1151 3365; x_wconf 76' lang='lat' dir='ltr'><strong>Deo.</strong></span> <span class='ocrx_word' id='word_1_509' title='bbox 1212 3301 1364 3357; x_wconf 90' lang='lat' dir='ltr'><strong>Unde</strong></span> <span class='ocrx_word' id='word_1_510' title='bbox 1412 3310 1467 3355; x_wconf 90' lang='lat' dir='ltr'><strong>et</strong></span> <span class='ocrx_word' id='word_1_511' title='bbox 1514 3302 1797 3373; x_wconf 87' lang='lat' dir='ltr'><strong>virginitas</strong></span> 
     </span>
    </p>
   </div>
   <div class='ocr_carea' id='block_1_63' title="bbox 208 3388 1795 3463">
    <p class='ocr_par' dir='ltr' id='par_1_63' title="bbox 208 3388 1795 3463">
     <span class='ocr_line' id='line_1_63' title="bbox 208 3388 1795 3463; baseline 0.001 -17"><span class='ocrx_word' id='word_1_512' title='bbox 208 3388 386 3459; x_wconf 85' lang='lat' dir='ltr'><strong>major</strong></span> <span class='ocrx_word' id='word_1_513' title='bbox 415 3402 499 3445; x_wconf 89' lang='lat' dir='ltr'><strong>est</strong></span> <span class='ocrx_word' id='word_1_514' title='bbox 534 3393 759 3461; x_wconf 86' lang='lat' dir='ltr'><strong>nuptiis,</strong></span> <span class='ocrx_word' id='word_1_515' title='bbox 796 3393 920 3461; x_wconf 89' lang='lat' dir='ltr'><strong>quia</strong></span> <span class='ocrx_word' id='word_1_516' title='bbox 958 3408 1066 3455; x_wconf 89' lang='lat' dir='ltr'><strong>non</strong></span> <span class='ocrx_word' id='word_1_517' title='bbox 1110 3394 1345 3463; x_wconf 79' lang='lat' dir='ltr'><strong>exigitur</strong></span> <span class='ocrx_word' id='word_1_518' title='bbox 1386 3408 1487 3449; x_wconf 86' lang='lat' dir='ltr'><strong>nec</strong></span> <span class='ocrx_word' id='word_1_519' title='bbox 1530 3393 1795 3460; x_wconf 87' lang='lat' dir='ltr'><strong>redditur,</strong></span> 
     </span>
    </p>
   </div>
   <div class='ocr_carea' id='block_1_64' title="bbox 210 3480 1802 3551">
    <p class='ocr_par' dir='ltr' id='par_1_64' title="bbox 210 3480 1802 3551">
     <span class='ocr_line' id='line_1_64' title="bbox 210 3480 1802 3551; baseline 0.003 -17"><span class='ocrx_word' id='word_1_520' title='bbox 210 3480 305 3534; x_wconf 89' lang='lat' dir='ltr'><strong>sed</strong></span> <span class='ocrx_word' id='word_1_521' title='bbox 337 3480 579 3535; x_wconf 81' lang='lat' dir='ltr'><strong>olfertur.</strong></span> <span class='ocrx_word' id='word_1_522' title='bbox 634 3482 736 3536; x_wconf 80' lang='lat' dir='ltr'><strong>Pro</strong></span> <span class='ocrx_word' id='word_1_523' title='bbox 774 3482 1035 3551; x_wconf 88' lang='lat' dir='ltr'><strong>paciﬁcis,</strong></span> <span class='ocrx_word' id='word_1_524' title='bbox 1081 3498 1202 3551; x_wconf 69' lang='lat' dir='ltr'><strong>quae</strong></span> <span class='ocrx_word' id='word_1_525' title='bbox 1239 3482 1501 3539; x_wconf 83' lang='lat' dir='ltr'><strong>Hebraice</strong></span> <span class='ocrx_word' id='word_1_526' title='bbox 1545 3482 1802 3539; x_wconf 90' lang='lat' dir='ltr'><strong>dicuntur</strong></span> 
     </span>
    </p>
   </div>
   <div class='ocr_carea' id='block_1_65' title="bbox 209 3569 1801 3643">
    <p class='ocr_par' dir='ltr' id='par_1_65' title="bbox 209 3569 1801 3643">
     <span class='ocr_line' id='line_1_65' title="bbox 209 3569 1801 3643; baseline 0.004 -20"><span class='ocrx_word' id='word_1_527' title='bbox 209 3569 481 3636; x_wconf 76' lang='lat' dir='ltr'><strong>selamim,</strong></span> <span class='ocrx_word' id='word_1_528' title='bbox 536 3571 888 3642; x_wconf 79' lang='lat' dir='ltr'><strong>Septuaginta</strong></span> <span class='ocrx_word' id='word_1_529' title='bbox 934 3573 1195 3626; x_wconf 76' lang='lat' dir='ltr'><strong>salutaria</strong></span> <span class='ocrx_word' id='word_1_530' title='bbox 1243 3573 1689 3643; x_wconf 76' lang='lat' dir='ltr'><strong>interpretantur,</strong></span> <span class='ocrx_word' id='word_1_531' title='bbox 1741 3584 1801 3630; x_wconf 93' lang='lat' dir='ltr'><strong>ut</strong></span> 
     </span>
    </p>
   </div>
   <div class='ocr_carea' id='block_1_66' title="bbox 210 3660 1796 3731">
    <p class='ocr_par' dir='ltr' id='par_1_66' title="bbox 210 3660 1796 3731">
     <span class='ocr_line' id='line_1_66' title="bbox 210 3660 1796 3731; baseline 0.004 -18"><span class='ocrx_word' id='word_1_532' title='bbox 210 3660 330 3729; x_wconf 87' lang='lat' dir='ltr'><strong>ipsa</strong></span> <span class='ocrx_word' id='word_1_533' title='bbox 368 3662 734 3716; x_wconf 76' lang='lat' dir='ltr'><strong>reconciliatio</strong></span> <span class='ocrx_word' id='word_1_534' title='bbox 762 3662 1109 3731; x_wconf 89' lang='lat' dir='ltr'><strong>paciﬁcorum</strong></span> <span class='ocrx_word' id='word_1_535' title='bbox 1172 3663 1318 3717; x_wconf 90' lang='lat' dir='ltr'><strong>salus</strong></span> <span class='ocrx_word' id='word_1_536' title='bbox 1389 3664 1461 3717; x_wconf 91' lang='lat' dir='ltr'><strong>sit</strong></span> <span class='ocrx_word' id='word_1_537' title='bbox 1498 3664 1796 3721; x_wconf 81' lang='lat' dir='ltr'><strong>offerentis.</strong></span> 
     </span>
    </p>
   </div>
   <div class='ocr_carea' id='block_1_67' title="bbox 211 3749 1798 3825">
    <p class='ocr_par' dir='ltr' id='par_1_67' title="bbox 211 3749 1798 3825">
     <span class='ocr_line' id='line_1_67' title="bbox 211 3749 1798 3825; baseline 0.004 -20"><span class='ocrx_word' id='word_1_538' title='bbox 211 3752 347 3806; x_wconf 82' lang='lat' dir='ltr'><strong>Cum</strong></span> <span class='ocrx_word' id='word_1_539' title='bbox 381 3768 511 3823; x_wconf 87' lang='lat' dir='ltr'><strong>ergo</strong></span> <span class='ocrx_word' id='word_1_540' title='bbox 541 3755 644 3808; x_wconf 91' lang='lat' dir='ltr'><strong>hoc</strong></span> <span class='ocrx_word' id='word_1_541' title='bbox 684 3753 874 3809; x_wconf 84' lang='lat' dir='ltr'><strong>fecerit</strong></span> <span class='ocrx_word' id='word_1_542' title='bbox 903 3753 1186 3823; x_wconf 88' lang='lat' dir='ltr'><strong>princeps,</strong></span> <span class='ocrx_word' id='word_1_543' title='bbox 1230 3749 1503 3823; x_wconf 75' lang='lat' dir='ltr'><strong>aperietur</strong></span> <span class='ocrx_word' id='word_1_544' title='bbox 1528 3756 1579 3810; x_wconf 91' lang='lat' dir='ltr'><strong>ei</strong></span> <span class='ocrx_word' id='word_1_545' title='bbox 1608 3765 1763 3825; x_wconf 87' lang='lat' dir='ltr'><strong>porta</strong></span> <span class='ocrx_word' id='word_1_546' title='bbox 1783 3798 1798 3819; x_wconf 88' lang='lat'><strong>,</strong></span> 
     </span>
    </p>
   </div>
   <div class='ocr_carea' id='block_1_68' title="bbox 211 3841 1803 3917">
    <p class='ocr_par' dir='ltr' id='par_1_68' title="bbox 211 3841 1803 3917">
     <span class='ocr_line' id='line_1_68' title="bbox 211 3841 1803 3917; baseline 0.006 -24"><span class='ocrx_word' id='word_1_547' title='bbox 211 3842 298 3895; x_wconf 83' lang='lat' dir='ltr'><strong>vel</strong></span> <span class='ocrx_word' id='word_1_548' title='bbox 341 3841 495 3909; x_wconf 83' lang='lat' dir='ltr'><strong>juxta</strong></span> <span class='ocrx_word' id='word_1_549' title='bbox 544 3842 927 3913; x_wconf 83' lang='lat' dir='ltr'><strong>Septuaginta,</strong></span> <span class='ocrx_word' id='word_1_550' title='bbox 963 3862 981 3894; x_wconf 83' lang='grc'><strong>‹</strong></span> <span class='ocrx_word' id='word_1_551' title='bbox 1015 3846 1221 3914; x_wconf 83' lang='lat' dir='ltr'><strong>aperiet</strong></span> <span class='ocrx_word' id='word_1_552' title='bbox 1272 3844 1375 3899; x_wconf 91' lang='lat' dir='ltr'><strong>sibi</strong></span> <span class='ocrx_word' id='word_1_553' title='bbox 1418 3854 1630 3915; x_wconf 89' lang='lat' dir='ltr'><strong>portam</strong></span> <span class='ocrx_word' id='word_1_554' title='bbox 1681 3863 1803 3917; x_wconf 75' lang='lat' dir='ltr'><strong>qua:</strong></span> 
     </span>
    </p>
   </div>
   <div class='ocr_carea' id='block_1_69' title="bbox 213 3934 1801 4008">
    <p class='ocr_par' dir='ltr' id='par_1_69' title="bbox 213 3934 1801 4008">
     <span class='ocr_line' id='line_1_69' title="bbox 213 3934 1801 4008; baseline 0.004 -20"><span class='ocrx_word' id='word_1_555' title='bbox 213 3934 438 4003; x_wconf 89' lang='lat' dir='ltr'><strong>respicit</strong></span> <span class='ocrx_word' id='word_1_556' title='bbox 464 3935 530 3988; x_wconf 87' lang='lat' dir='ltr'><strong>ad</strong></span> <span class='ocrx_word' id='word_1_557' title='bbox 558 3936 843 3999; x_wconf 78' lang='lat' dir='ltr'><strong>orientem,</strong></span> <span class='ocrx_word' id='word_1_558' title='bbox 868 3956 885 3987; x_wconf 75' lang='grc' dir='ltr'><strong><em>ι</em></strong></span> <span class='ocrx_word' id='word_1_559' title='bbox 923 3936 1066 3989; x_wconf 88' lang='lat' dir='ltr'><strong>illam</strong></span> <span class='ocrx_word' id='word_1_560' title='bbox 1094 3936 1343 3991; x_wconf 89' lang='lat' dir='ltr'><strong>videlicet</strong></span> <span class='ocrx_word' id='word_1_561' title='bbox 1366 3944 1576 4006; x_wconf 90' lang='lat' dir='ltr'><strong>portam</strong></span> <span class='ocrx_word' id='word_1_562' title='bbox 1603 3938 1669 3993; x_wconf 91' lang='lat' dir='ltr'><strong>de</strong></span> <span class='ocrx_word' id='word_1_563' title='bbox 1693 3955 1801 4008; x_wconf 91' lang='lat' dir='ltr'><strong>qua</strong></span> 
     </span>
    </p>
   </div>
   <div class='ocr_carea' id='block_1_70' title="bbox 212 4026 1803 4097">
    <p class='ocr_par' dir='ltr' id='par_1_70' title="bbox 212 4026 1803 4097">
     <span class='ocr_line' id='line_1_70' title="bbox 212 4026 1803 4097; baseline 0.003 -16"><span class='ocrx_word' id='word_1_564' title='bbox 212 4027 477 4095; x_wconf 83' lang='lat' dir='ltr'><strong>scriptum</strong></span> <span class='ocrx_word' id='word_1_565' title='bbox 506 4034 624 4079; x_wconf 92' lang='lat' dir='ltr'><strong>cst:</strong></span> <span class='ocrx_word' id='word_1_566' title='bbox 656 4045 673 4076; x_wconf 69' lang='grc' dir='ltr'>ί</span> <span class='ocrx_word' id='word_1_567' title='bbox 708 4026 832 4081; x_wconf 73' lang='lat' dir='ltr'><strong>llzcc</strong></span> <span class='ocrx_word' id='word_1_568' title='bbox 869 4036 1023 4097; x_wconf 90' lang='lat' dir='ltr'><strong>porta</strong></span> <span class='ocrx_word' id='word_1_569' title='bbox 1069 4028 1319 4092; x_wconf 90' lang='lat' dir='ltr'><strong>Domini,</strong></span> <span class='ocrx_word' id='word_1_570' title='bbox 1362 4027 1493 4097; x_wconf 87' lang='lat' dir='ltr'><strong>justi</strong></span> <span class='ocrx_word' id='word_1_571' title='bbox 1523 4028 1803 4085; x_wconf 89' lang='lat' dir='ltr'><strong>intrabunt</strong></span> 
     </span>
    </p>
   </div>
   <div class='ocr_carea' id='block_1_71' title="bbox 212 4116 1799 4189">
    <p class='ocr_par' dir='ltr' id='par_1_71' title="bbox 212 4116 1799 4189">
     <span class='ocr_line' id='line_1_71' title="bbox 212 4116 1799 4189; baseline 0.004 -17"><span class='ocrx_word' id='word_1_572' title='bbox 212 4132 315 4188; x_wconf 81' lang='lat' dir='ltr'><strong>per</strong></span> <span class='ocrx_word' id='word_1_573' title='bbox 338 4133 457 4171; x_wconf 90' lang='lat' dir='ltr'><strong>eam</strong></span> <span class='ocrx_word' id='word_1_574' title='bbox 487 4116 659 4187; x_wconf 72' lang='lat' dir='ltr'><strong>(Paul.</strong></span> <span class='ocrx_word' id='word_1_575' title='bbox 684 4120 873 4189; x_wconf 84' lang='lat' dir='ltr'><strong>cxvn).</strong></span> <span class='ocrx_word' id='word_1_576' title='bbox 906 4139 923 4171; x_wconf 72' lang='grc' dir='ltr'><strong><em>ι</em></strong></span> <span class='ocrx_word' id='word_1_577' title='bbox 980 4120 1044 4174; x_wconf 89' lang='lat' dir='ltr'><strong>Et</strong></span> <span class='ocrx_word' id='word_1_578' title='bbox 1076 4119 1215 4175; x_wconf 89' lang='lat' dir='ltr'><strong>unde</strong></span> <span class='ocrx_word' id='word_1_579' title='bbox 1242 4121 1418 4174; x_wconf 86' lang='lat' dir='ltr'><strong>oritur</strong></span> <span class='ocrx_word' id='word_1_580' title='bbox 1445 4119 1525 4175; x_wconf 91' lang='lat' dir='ltr'><strong>sol</strong></span> <span class='ocrx_word' id='word_1_581' title='bbox 1554 4118 1799 4189; x_wconf 65' lang='lat' dir='ltr'><strong>justitiaa.</strong></span> 
     </span>
    </p>
   </div>
   <div class='ocr_carea' id='block_1_72' title="bbox 219 4210 1801 4290">
    <p class='ocr_par' dir='ltr' id='par_1_72' title="bbox 219 4210 1801 4290">
     <span class='ocr_line' id='line_1_72' title="bbox 219 4210 1801 4290; baseline 0.004 -27"><span class='ocrx_word' id='word_1_582' title='bbox 219 4229 241 4263; x_wconf 75' lang='grc' dir='ltr'>ι</span> <span class='ocrx_word' id='word_1_583' title='bbox 270 4210 340 4266; x_wconf 85' lang='grc' dir='ltr'>Ει</span> <span class='ocrx_word' id='word_1_584' title='bbox 380 4210 597 4290; x_wconf 30' lang='grc' dir='ltr'><strong>[πίθῃ.</strong></span> <span class='ocrx_word' id='word_1_585' title='bbox 624 4211 833 4282; x_wconf 89' lang='lat' dir='ltr'><strong>inquit,</strong></span> <span class='ocrx_word' id='word_1_586' title='bbox 884 4212 1256 4266; x_wconf 86' lang='lat' dir='ltr'><strong>holocaustum</strong></span> <span class='ocrx_word' id='word_1_587' title='bbox 1288 4227 1443 4266; x_wconf 93' lang='lat' dir='ltr'><strong>suum</strong></span> <span class='ocrx_word' id='word_1_588' title='bbox 1482 4220 1538 4267; x_wconf 93' lang='lat' dir='ltr'><strong>et</strong></span> <span class='ocrx_word' id='word_1_589' title='bbox 1575 4214 1801 4284; x_wconf 86' lang='lat' dir='ltr'><strong>paciﬁca</strong></span> 
     </span>
    </p>
   </div>
   <div class='ocr_carea' id='block_1_73' title="bbox 214 4303 1801 4377">
    <p class='ocr_par' dir='ltr' id='par_1_73' title="bbox 214 4303 1801 4377">
     <span class='ocr_line' id='line_1_73' title="bbox 214 4303 1801 4377; baseline 0.003 -19"><span class='ocrx_word' id='word_1_590' title='bbox 214 4318 340 4367; x_wconf 87' lang='lat' dir='ltr'><strong>sua,</strong></span> <span class='ocrx_word' id='word_1_591' title='bbox 371 4322 389 4353; x_wconf 72' lang='grc' dir='ltr'><strong><em>ι</em></strong></span> <span class='ocrx_word' id='word_1_592' title='bbox 426 4303 491 4357; x_wconf 90' lang='lat' dir='ltr'><strong>de</strong></span> <span class='ocrx_word' id='word_1_593' title='bbox 519 4304 714 4373; x_wconf 87' lang='lat' dir='ltr'><strong>quibus</strong></span> <span class='ocrx_word' id='word_1_594' title='bbox 741 4319 881 4359; x_wconf 90' lang='lat' dir='ltr'><strong>nunc</strong></span> <span class='ocrx_word' id='word_1_595' title='bbox 912 4304 1183 4359; x_wconf 88' lang='lat' dir='ltr'><strong>diximus:</strong></span> <span class='ocrx_word' id='word_1_596' title='bbox 1218 4303 1402 4359; x_wconf 83' lang='lat' dir='ltr'><strong>Faciet</strong></span> <span class='ocrx_word' id='word_1_597' title='bbox 1437 4314 1639 4372; x_wconf 89' lang='lat' dir='ltr'><strong>autem,</strong></span> <span class='ocrx_word' id='word_1_598' title='bbox 1676 4308 1801 4377; x_wconf 89' lang='lat' dir='ltr'><strong>quia</strong></span> 
     </span>
    </p>
   </div>
   <div class='ocr_carea' id='block_1_74' title="bbox 215 4393 1806 4463">
    <p class='ocr_par' dir='ltr' id='par_1_74' title="bbox 215 4393 1806 4463">
     <span class='ocr_line' id='line_1_74' title="bbox 215 4393 1806 4463; baseline 0.001 -14"><span class='ocrx_word' id='word_1_599' title='bbox 215 4401 576 4461; x_wconf 85' lang='lat' dir='ltr'><strong>spontaneum</strong></span> <span class='ocrx_word' id='word_1_600' title='bbox 600 4393 927 4448; x_wconf 89' lang='lat' dir='ltr'><strong>sacriﬁcium</strong></span> <span class='ocrx_word' id='word_1_601' title='bbox 950 4401 1053 4458; x_wconf 87' lang='lat' dir='ltr'><strong>est,</strong></span> <span class='ocrx_word' id='word_1_602' title='bbox 1078 4401 1133 4448; x_wconf 88' lang='lat' dir='ltr'><strong>et</strong></span> <span class='ocrx_word' id='word_1_603' title='bbox 1160 4408 1266 4447; x_wconf 92' lang='lat' dir='ltr'><strong>non</strong></span> <span class='ocrx_word' id='word_1_604' title='bbox 1290 4393 1379 4448; x_wconf 91' lang='lat' dir='ltr'><strong>alii</strong></span> <span class='ocrx_word' id='word_1_605' title='bbox 1404 4409 1500 4463; x_wconf 87' lang='lat' dir='ltr'><strong>pro</strong></span> <span class='ocrx_word' id='word_1_606' title='bbox 1523 4410 1586 4450; x_wconf 92' lang='lat' dir='ltr'><strong>eo</strong></span> <span class='ocrx_word' id='word_1_607' title='bbox 1606 4393 1806 4451; x_wconf 82' lang='lat' dir='ltr'><strong>facient</strong></span> 
     </span>
    </p>
   </div>
   <div class='ocr_carea' id='block_1_75' title="bbox 220 4482 1797 4547">
    <p class='ocr_par' dir='ltr' id='par_1_75' title="bbox 220 4482 1797 4547">
     <span class='ocr_line' id='line_1_75' title="bbox 220 4482 1797 4547; baseline 0.004 -10"><span class='ocrx_word' id='word_1_608' title='bbox 220 4482 557 4547; x_wconf 85' lang='lat' dir='ltr'><strong>sacerdotes,</strong></span> <span class='ocrx_word' id='word_1_609' title='bbox 590 4483 845 4538; x_wconf 87' lang='lat' dir='ltr'><strong>videlicet</strong></span> <span class='ocrx_word' id='word_1_610' title='bbox 870 4484 1009 4539; x_wconf 90' lang='lat' dir='ltr'><strong>sicut</strong></span> <span class='ocrx_word' id='word_1_611' title='bbox 1038 4484 1156 4539; x_wconf 88' lang='lat' dir='ltr'><strong>ﬁeri</strong></span> <span class='ocrx_word' id='word_1_612' title='bbox 1192 4484 1331 4541; x_wconf 89' lang='lat' dir='ltr'><strong>solet</strong></span> <span class='ocrx_word' id='word_1_613' title='bbox 1365 4485 1418 4540; x_wconf 93' lang='lat' dir='ltr'><strong>in</strong></span> <span class='ocrx_word' id='word_1_614' title='bbox 1450 4486 1536 4541; x_wconf 91' lang='lat' dir='ltr'><strong>die</strong></span> <span class='ocrx_word' id='word_1_615' title='bbox 1565 4488 1797 4543; x_wconf 86' lang='lat' dir='ltr'><strong>sabbati.</strong></span> 
     </span>
    </p>
   </div>
   <div class='ocr_carea' id='block_1_76' title="bbox 218 4573 1801 4647">
    <p class='ocr_par' dir='ltr' id='par_1_76' title="bbox 218 4573 1801 4647">
     <span class='ocr_line' id='line_1_76' title="bbox 218 4573 1801 4647; baseline 0.003 -20"><span class='ocrx_word' id='word_1_616' title='bbox 218 4573 363 4643; x_wconf 88' lang='lat' dir='ltr'><strong>Ergo</strong></span> <span class='ocrx_word' id='word_1_617' title='bbox 386 4574 531 4626; x_wconf 91' lang='lat' dir='ltr'><strong>omni</strong></span> <span class='ocrx_word' id='word_1_618' title='bbox 565 4582 807 4643; x_wconf 89' lang='lat' dir='ltr'><strong>tempore</strong></span> <span class='ocrx_word' id='word_1_619' title='bbox 837 4573 1210 4629; x_wconf 91' lang='lat' dir='ltr'><strong>holocaustum</strong></span> <span class='ocrx_word' id='word_1_620' title='bbox 1237 4584 1291 4629; x_wconf 91' lang='lat' dir='ltr'><strong>et</strong></span> <span class='ocrx_word' id='word_1_621' title='bbox 1316 4575 1619 4644; x_wconf 89' lang='lat' dir='ltr'><strong>paciﬁcum,</strong></span> <span class='ocrx_word' id='word_1_622' title='bbox 1658 4578 1801 4647; x_wconf 89' lang='lat' dir='ltr'><strong>quod</strong></span> 
     </span>
    </p>
   </div>
   <div class='ocr_carea' id='block_1_77' title="bbox 218 4660 1800 4736">
    <p class='ocr_par' dir='ltr' id='par_1_77' title="bbox 218 4660 1800 4736">
     <span class='ocr_line' id='line_1_77' title="bbox 218 4660 1800 4736; baseline 0.005 -21"><span class='ocrx_word' id='word_1_623' title='bbox 218 4660 445 4715; x_wconf 78' lang='lat' dir='ltr'><strong>offertur</strong></span> <span class='ocrx_word' id='word_1_624' title='bbox 473 4662 791 4727; x_wconf 88' lang='lat' dir='ltr'><strong>voluntarie,</strong></span> <span class='ocrx_word' id='word_1_625' title='bbox 813 4674 1110 4718; x_wconf 88' lang='lat' dir='ltr'><strong>reseratam</strong></span> <span class='ocrx_word' id='word_1_626' title='bbox 1140 4664 1302 4720; x_wconf 91' lang='lat' dir='ltr'><strong>habet</strong></span> <span class='ocrx_word' id='word_1_627' title='bbox 1328 4674 1540 4736; x_wconf 89' lang='lat' dir='ltr'><strong>portam</strong></span> <span class='ocrx_word' id='word_1_628' title='bbox 1566 4665 1800 4735; x_wconf 91' lang='lat' dir='ltr'><strong>Domini,</strong></span> 
     </span>
    </p>
   </div>
   <div class='ocr_carea' id='block_1_78' title="bbox 218 4754 1805 4827">
    <p class='ocr_par' dir='ltr' id='par_1_78' title="bbox 218 4754 1805 4827">
     <span class='ocr_line' id='line_1_78' title="bbox 218 4754 1805 4827; baseline 0.004 -18"><span class='ocrx_word' id='word_1_629' title='bbox 218 4770 322 4809; x_wconf 77' lang='lat' dir='ltr'><strong>nec</strong></span> <span class='ocrx_word' id='word_1_630' title='bbox 346 4754 597 4809; x_wconf 90' lang='lat' dir='ltr'><strong>observat</strong></span> <span class='ocrx_word' id='word_1_631' title='bbox 618 4756 924 4823; x_wconf 90' lang='lat' dir='ltr'><strong>sabbatum,</strong></span> <span class='ocrx_word' id='word_1_632' title='bbox 947 4757 1039 4812; x_wconf 89' lang='lat' dir='ltr'><strong>sed</strong></span> <span class='ocrx_word' id='word_1_633' title='bbox 1065 4770 1253 4810; x_wconf 90' lang='lat' dir='ltr'><strong>omnes</strong></span> <span class='ocrx_word' id='word_1_634' title='bbox 1275 4756 1390 4811; x_wconf 91' lang='lat' dir='ltr'><strong>dies</strong></span> <span class='ocrx_word' id='word_1_635' title='bbox 1411 4757 1459 4811; x_wconf 90' lang='lat' dir='ltr'><strong>ei</strong></span> <span class='ocrx_word' id='word_1_636' title='bbox 1487 4766 1805 4827; x_wconf 88' lang='lat' dir='ltr'><strong>reputantur</strong></span> 
     </span>
    </p>
   </div>
   <div class='ocr_carea' id='block_1_79' title="bbox 220 4846 1803 4917">
    <p class='ocr_par' dir='ltr' id='par_1_79' title="bbox 220 4846 1803 4917">
     <span class='ocr_line' id='line_1_79' title="bbox 220 4846 1803 4917; baseline 0.002 -16"><span class='ocrx_word' id='word_1_637' title='bbox 220 4847 277 4901; x_wconf 93' lang='lat' dir='ltr'><strong>in</strong></span> <span class='ocrx_word' id='word_1_638' title='bbox 299 4846 560 4915; x_wconf 90' lang='lat' dir='ltr'><strong>requiem.</strong></span> <span class='ocrx_word' id='word_1_639' title='bbox 594 4847 835 4917; x_wconf 89' lang='lat' dir='ltr'><strong>Denique</strong></span> <span class='ocrx_word' id='word_1_640' title='bbox 854 4856 1138 4917; x_wconf 91' lang='lat' dir='ltr'><strong>postquam</strong></span> <span class='ocrx_word' id='word_1_641' title='bbox 1159 4848 1416 4904; x_wconf 89' lang='lat' dir='ltr'><strong>obtulerit</strong></span> <span class='ocrx_word' id='word_1_642' title='bbox 1432 4848 1803 4905; x_wconf 89' lang='lat' dir='ltr'><strong>holocaustum</strong></span> 
     </span>
    </p>
   </div>
   <div class='ocr_carea' id='block_1_80' title="bbox 220 4935 1799 5009">
    <p class='ocr_par' dir='ltr' id='par_1_80' title="bbox 220 4935 1799 5009">
     <span class='ocr_line' id='line_1_80' title="bbox 220 4935 1799 5009; baseline 0.004 -21"><span class='ocrx_word' id='word_1_643' title='bbox 220 4944 276 4989; x_wconf 88' lang='lat' dir='ltr'><strong>et</strong></span> <span class='ocrx_word' id='word_1_644' title='bbox 313 4935 536 5005; x_wconf 86' lang='lat' dir='ltr'><strong>paciﬁca</strong></span> <span class='ocrx_word' id='word_1_645' title='bbox 561 4976 576 5000; x_wconf 91' lang='lat'><strong>,</strong></span> <span class='ocrx_word' id='word_1_646' title='bbox 628 4937 811 4991; x_wconf 89' lang='lat' dir='ltr'><strong>statim</strong></span> <span class='ocrx_word' id='word_1_647' title='bbox 848 4938 1123 5007; x_wconf 90' lang='lat' dir='ltr'><strong>egreditur</strong></span> <span class='ocrx_word' id='word_1_648' title='bbox 1148 4946 1202 4991; x_wconf 88' lang='lat' dir='ltr'><strong>et</strong></span> <span class='ocrx_word' id='word_1_649' title='bbox 1230 4937 1500 4993; x_wconf 90' lang='lat' dir='ltr'><strong>clauditur</strong></span> <span class='ocrx_word' id='word_1_650' title='bbox 1525 4949 1650 5009; x_wconf 87' lang='lat' dir='ltr'><strong>post</strong></span> <span class='ocrx_word' id='word_1_651' title='bbox 1675 4955 1799 4995; x_wconf 91' lang='lat' dir='ltr'><strong>eum</strong></span> 
     </span>
    </p>
   </div>
   <div class='ocr_carea' id='block_1_81' title="bbox 216 5024 1804 5100">
    <p class='ocr_par' dir='ltr' id='par_1_81' title="bbox 216 5024 1804 5100">
     <span class='ocr_line' id='line_1_81' title="bbox 216 5024 1804 5100; baseline 0.004 -22"><span class='ocrx_word' id='word_1_652' title='bbox 216 5024 402 5094; x_wconf 87' lang='lat' dir='ltr'><strong>janua,</strong></span> <span class='ocrx_word' id='word_1_653' title='bbox 435 5027 549 5081; x_wconf 87' lang='lat' dir='ltr'><strong>sive</strong></span> <span class='ocrx_word' id='word_1_654' title='bbox 580 5026 781 5081; x_wconf 90' lang='lat' dir='ltr'><strong>claudit</strong></span> <span class='ocrx_word' id='word_1_655' title='bbox 804 5028 1050 5097; x_wconf 91' lang='lat' dir='ltr'><strong>januam,</strong></span> <span class='ocrx_word' id='word_1_656' title='bbox 1077 5037 1136 5081; x_wconf 91' lang='lat' dir='ltr'><strong>ut</strong></span> <span class='ocrx_word' id='word_1_657' title='bbox 1162 5036 1409 5082; x_wconf 89' lang='lat' dir='ltr'><strong>servetur</strong></span> <span class='ocrx_word' id='word_1_658' title='bbox 1436 5029 1665 5099; x_wconf 89' lang='lat' dir='ltr'><strong>principi</strong></span> <span class='ocrx_word' id='word_1_659' title='bbox 1691 5030 1804 5100; x_wconf 89' lang='lat' dir='ltr'><strong>pri-</strong></span> 
     </span>
    </p>
   </div>
   <div class='ocr_carea' id='block_1_82' title="bbox 225 5113 1807 5188">
    <p class='ocr_par' dir='ltr' id='par_1_82' title="bbox 225 5113 1807 5188">
     <span class='ocr_line' id='line_1_82' title="bbox 225 5113 1807 5188; baseline 0.002 -19"><span class='ocrx_word' id='word_1_660' title='bbox 225 5115 474 5184; x_wconf 87' lang='lat' dir='ltr'><strong>vilegium</strong></span> <span class='ocrx_word' id='word_1_661' title='bbox 502 5131 656 5188; x_wconf 85' lang='lat' dir='ltr'><strong>suum</strong></span> <span class='ocrx_word' id='word_1_662' title='bbox 684 5132 783 5170; x_wconf 89' lang='lat' dir='ltr'><strong>nec</strong></span> <span class='ocrx_word' id='word_1_663' title='bbox 805 5116 1071 5171; x_wconf 88' lang='lat' dir='ltr'><strong>sacriﬁcio</strong></span> <span class='ocrx_word' id='word_1_664' title='bbox 1097 5115 1210 5184; x_wconf 88' lang='lat' dir='ltr'><strong>ejus</strong></span> <span class='ocrx_word' id='word_1_665' title='bbox 1236 5113 1412 5187; x_wconf 90' lang='lat' dir='ltr'><strong>populi</strong></span> <span class='ocrx_word' id='word_1_666' title='bbox 1453 5118 1807 5173; x_wconf 87' lang='lat' dir='ltr'><strong>misceantur.</strong></span> 
     </span>
    </p>
   </div>
   <div class='ocr_carea' id='block_1_83' title="bbox 222 5203 1809 5275">
    <p class='ocr_par' dir='ltr' id='par_1_83' title="bbox 222 5203 1809 5275">
     <span class='ocr_line' id='line_1_83' title="bbox 222 5203 1809 5275; baseline 0.004 -17"><span class='ocrx_word' id='word_1_667' title='bbox 222 5203 291 5258; x_wconf 86' lang='lat' dir='ltr'><strong>Et</strong></span> <span class='ocrx_word' id='word_1_668' title='bbox 344 5204 469 5273; x_wconf 89' lang='lat' dir='ltr'><strong>quia</strong></span> <span class='ocrx_word' id='word_1_669' title='bbox 535 5206 859 5273; x_wconf 87' lang='lat' dir='ltr'><strong>generaliter</strong></span> <span class='ocrx_word' id='word_1_670' title='bbox 916 5206 1125 5260; x_wconf 83' lang='lat' dir='ltr'><strong>dixerat</strong></span> <span class='ocrx_word' id='word_1_671' title='bbox 1170 5224 1188 5258; x_wconf 78' lang='grc' dir='ltr'>ι</span> <span class='ocrx_word' id='word_1_672' title='bbox 1233 5215 1591 5275; x_wconf 89' lang='lat' dir='ltr'><strong>spontaneum</strong></span> <span class='ocrx_word' id='word_1_673' title='bbox 1650 5208 1809 5264; x_wconf 83' lang='lat' dir='ltr'><strong>holo-</strong></span> 
     </span>
    </p>
   </div>
   <div class='ocr_carea' id='block_1_84' title="bbox 223 5294 1808 5364">
    <p class='ocr_par' dir='ltr' id='par_1_84' title="bbox 223 5294 1808 5364">
     <span class='ocr_line' id='line_1_84' title="bbox 223 5294 1808 5364; baseline 0 -14"><span class='ocrx_word' id='word_1_674' title='bbox 223 5302 507 5357; x_wconf 88' lang='lat' dir='ltr'><strong>caustum,</strong></span> <span class='ocrx_word' id='word_1_675' title='bbox 568 5304 659 5347; x_wconf 89' lang='lat' dir='ltr'><strong>aut</strong></span> <span class='ocrx_word' id='word_1_676' title='bbox 708 5294 934 5364; x_wconf 90' lang='lat' dir='ltr'><strong>paciﬁca</strong></span> <span class='ocrx_word' id='word_1_677' title='bbox 981 5294 1282 5349; x_wconf 87' lang='lat' dir='ltr'><strong>voluntaria</strong></span> <span class='ocrx_word' id='word_1_678' title='bbox 1330 5294 1597 5360; x_wconf 89' lang='lat' dir='ltr'><strong>Domino,</strong></span> <span class='ocrx_word' id='word_1_679' title='bbox 1644 5314 1662 5348; x_wconf 75' lang='grc' dir='ltr'><strong><em>ι</em></strong></span> <span class='ocrx_word' id='word_1_680' title='bbox 1708 5310 1808 5351; x_wconf 90' lang='lat' dir='ltr'><strong>nec</strong></span> 
     </span>
    </p>
   </div>
   <div class='ocr_carea' id='block_1_85' title="bbox 223 5384 1806 5454">
    <p class='ocr_par' dir='ltr' id='par_1_85' title="bbox 223 5384 1806 5454">
     <span class='ocr_line' id='line_1_85' title="bbox 223 5384 1806 5454; baseline 0 -15"><span class='ocrx_word' id='word_1_681' title='bbox 223 5391 547 5454; x_wconf 85' lang='lat' dir='ltr'><strong>apposuerat</strong></span> <span class='ocrx_word' id='word_1_682' title='bbox 590 5392 802 5439; x_wconf 89' lang='lat' dir='ltr'><strong>taurum</strong></span> <span class='ocrx_word' id='word_1_683' title='bbox 838 5384 953 5440; x_wconf 90' lang='lat' dir='ltr'><strong>sive</strong></span> <span class='ocrx_word' id='word_1_684' title='bbox 978 5385 1205 5439; x_wconf 89' lang='lat' dir='ltr'><strong>vitulum</strong></span> <span class='ocrx_word' id='word_1_685' title='bbox 1225 5425 1239 5449; x_wconf 94' lang='lat'><strong>,</strong></span> <span class='ocrx_word' id='word_1_686' title='bbox 1283 5385 1507 5439; x_wconf 89' lang='lat' dir='ltr'><strong>arietem</strong></span> <span class='ocrx_word' id='word_1_687' title='bbox 1533 5386 1618 5439; x_wconf 88' lang='lat' dir='ltr'><strong>vel</strong></span> <span class='ocrx_word' id='word_1_688' title='bbox 1648 5400 1806 5441; x_wconf 91' lang='lat' dir='ltr'><strong>ovem</strong></span> 
     </span>
    </p>
   </div>
   <div class='ocr_carea' id='block_1_86' title="bbox 222 5473 1800 5544">
    <p class='ocr_par' dir='ltr' id='par_1_86' title="bbox 222 5473 1800 5544">
     <span class='ocr_line' id='line_1_86' title="bbox 222 5473 1800 5544; baseline 0.001 -16"><span class='ocrx_word' id='word_1_689' title='bbox 222 5473 543 5542; x_wconf 86' lang='lat' dir='ltr'><strong>hircumque</strong></span> <span class='ocrx_word' id='word_1_690' title='bbox 585 5488 683 5543; x_wconf 87' lang='lat' dir='ltr'><strong>pro</strong></span> <span class='ocrx_word' id='word_1_691' title='bbox 712 5482 953 5544; x_wconf 89' lang='lat' dir='ltr'><strong>peccato,</strong></span> <span class='ocrx_word' id='word_1_692' title='bbox 998 5475 1175 5540; x_wconf 90' lang='lat' dir='ltr'><strong>docet,</strong></span> <span class='ocrx_word' id='word_1_693' title='bbox 1208 5474 1351 5544; x_wconf 88' lang='lat' dir='ltr'><strong>qu&#39;od</strong></span> <span class='ocrx_word' id='word_1_694' title='bbox 1399 5474 1464 5529; x_wconf 87' lang='lat' dir='ltr'><strong>sit</strong></span> <span class='ocrx_word' id='word_1_695' title='bbox 1498 5475 1671 5543; x_wconf 89' lang='lat' dir='ltr'><strong>ipsum</strong></span> <span class='ocrx_word' id='word_1_696' title='bbox 1699 5475 1800 5530; x_wconf 91' lang='lat' dir='ltr'><strong>ho-</strong></span> 
     </span>
    </p>
   </div>
   <div class='ocr_carea' id='block_1_87' title="bbox 222 5564 1804 5637">
    <p class='ocr_par' dir='ltr' id='par_1_87' title="bbox 222 5564 1804 5637">
     <span class='ocr_line' id='line_1_87' title="bbox 222 5564 1804 5637; baseline 0 -18"><span class='ocrx_word' id='word_1_697' title='bbox 222 5565 545 5622; x_wconf 89' lang='lat' dir='ltr'><strong>locaustum.</strong></span> <span class='ocrx_word' id='word_1_698' title='bbox 571 5584 587 5616; x_wconf 79' lang='grc' dir='ltr'>ι</span> <span class='ocrx_word' id='word_1_699' title='bbox 618 5567 849 5637; x_wconf 77' lang='lat' dir='ltr'><strong>Agnum,</strong></span> <span class='ocrx_word' id='word_1_700' title='bbox 882 5567 1154 5636; x_wconf 88' lang='lat' dir='ltr'><strong>inquiens,</strong></span> <span class='ocrx_word' id='word_1_701' title='bbox 1180 5564 1515 5628; x_wconf 85' lang='lat' dir='ltr'><strong>anniculum,</strong></span> <span class='ocrx_word' id='word_1_702' title='bbox 1544 5566 1804 5619; x_wconf 90' lang='lat' dir='ltr'><strong>immacu-</strong></span> 
     </span>
    </p>
   </div>
   <div class='ocr_carea' id='block_1_88' title="bbox 222 5656 1800 5723">
    <p class='ocr_par' dir='ltr' id='par_1_88' title="bbox 222 5656 1800 5723">
     <span class='ocr_line' id='line_1_88' title="bbox 222 5656 1800 5723; baseline 0.002 -15"><span class='ocrx_word' id='word_1_703' title='bbox 222 5656 390 5712; x_wconf 86' lang='lat' dir='ltr'><strong>latum</strong></span> <span class='ocrx_word' id='word_1_704' title='bbox 441 5657 604 5714; x_wconf 86' lang='lat' dir='ltr'><strong>faciet</strong></span> <span class='ocrx_word' id='word_1_705' title='bbox 651 5660 1051 5723; x_wconf 77' lang='lat' dir='ltr'><strong>bolocaustum,</strong></span> <span class='ocrx_word' id='word_1_706' title='bbox 1096 5678 1115 5711; x_wconf 71' lang='grc' dir='ltr'><strong><em>ι</em></strong></span> <span class='ocrx_word' id='word_1_707' title='bbox 1164 5666 1219 5712; x_wconf 90' lang='lat' dir='ltr'><strong>et</strong></span> <span class='ocrx_word' id='word_1_708' title='bbox 1254 5672 1361 5711; x_wconf 92' lang='lat' dir='ltr'><strong>non</strong></span> <span class='ocrx_word' id='word_1_709' title='bbox 1398 5657 1562 5711; x_wconf 90' lang='lat' dir='ltr'><strong>certis</strong></span> <span class='ocrx_word' id='word_1_710' title='bbox 1589 5656 1800 5722; x_wconf 89' lang='lat' dir='ltr'><strong>diebus,</strong></span> 
     </span>
    </p>
   </div>
   <div class='ocr_carea' id='block_1_89' title="bbox 220 5746 1804 5821">
    <p class='ocr_par' dir='ltr' id='par_1_89' title="bbox 220 5746 1804 5821">
     <span class='ocr_line' id='line_1_89' title="bbox 220 5746 1804 5821; baseline 0 -20"><span class='ocrx_word' id='word_1_711' title='bbox 220 5748 312 5803; x_wconf 70' lang='lat' dir='ltr'><strong>scd</strong></span> <span class='ocrx_word' id='word_1_712' title='bbox 345 5748 615 5819; x_wconf 87' lang='lat' dir='ltr'><strong>quotidie;</strong></span> <span class='ocrx_word' id='word_1_713' title='bbox 648 5769 666 5802; x_wconf 74' lang='grc' dir='ltr'>ι</span> <span class='ocrx_word' id='word_1_714' title='bbox 701 5765 802 5806; x_wconf 90' lang='lat' dir='ltr'><strong>nec</strong></span> <span class='ocrx_word' id='word_1_715' title='bbox 831 5748 1067 5821; x_wconf 87' lang='lat' dir='ltr'><strong>qualibet</strong></span> <span class='ocrx_word' id='word_1_716' title='bbox 1100 5748 1251 5813; x_wconf 85' lang='lat' dir='ltr'><strong>hora,</strong></span> <span class='ocrx_word' id='word_1_717' title='bbox 1282 5746 1376 5802; x_wconf 89' lang='lat' dir='ltr'><strong>sed</strong></span> <span class='ocrx_word' id='word_1_718' title='bbox 1412 5760 1569 5801; x_wconf 87' lang='lat' dir='ltr'><strong>mane</strong></span> <span class='ocrx_word' id='word_1_719' title='bbox 1598 5764 1615 5798; x_wconf 85' lang='grc'><em>‹</em></span> <span class='ocrx_word' id='word_1_720' title='bbox 1646 5760 1804 5801; x_wconf 88' lang='lat' dir='ltr'><strong>mane</strong></span> 
     </span>
    </p>
   </div>
   <div class='ocr_carea' id='block_1_90' title="bbox 1902 3298 3482 3375">
    <p class='ocr_par' dir='ltr' id='par_1_90' title="bbox 1902 3298 3482 3375">
     <span class='ocr_line' id='line_1_90' title="bbox 1902 3298 3482 3375; baseline 0.003 -21"><span class='ocrx_word' id='word_1_721' title='bbox 1902 3299 2035 3371; x_wconf 78' lang='lat' dir='ltr'><strong>(Isa.</strong></span> <span class='ocrx_word' id='word_1_722' title='bbox 2065 3299 2202 3371; x_wconf 81' lang='lat' dir='ltr'><strong>Llil).</strong></span> <span class='ocrx_word' id='word_1_723' title='bbox 2253 3320 2271 3353; x_wconf 74' lang='grc' dir='ltr'><strong><em>ι</em></strong></span> <span class='ocrx_word' id='word_1_724' title='bbox 2308 3299 2375 3354; x_wconf 83' lang='grc' dir='ltr'>Ει</span> <span class='ocrx_word' id='word_1_725' title='bbox 2411 3298 2674 3355; x_wconf 85' lang='lat' dir='ltr'><strong>Jeremias</strong></span> <span class='ocrx_word' id='word_1_726' title='bbox 2703 3318 2715 3354; x_wconf 91' lang='lat'><strong>:</strong></span> <span class='ocrx_word' id='word_1_727' title='bbox 2748 3321 2767 3353; x_wconf 85' lang='grc'><strong>‹</strong></span> <span class='ocrx_word' id='word_1_728' title='bbox 2797 3300 2910 3371; x_wconf 89' lang='lat' dir='ltr'><strong>Ego</strong></span> <span class='ocrx_word' id='word_1_729' title='bbox 2934 3310 3113 3355; x_wconf 87' lang='lat' dir='ltr'><strong>autem</strong></span> <span class='ocrx_word' id='word_1_730' title='bbox 3144 3302 3285 3357; x_wconf 91' lang='lat' dir='ltr'><strong>sicut</strong></span> <span class='ocrx_word' id='word_1_731' title='bbox 3313 3317 3482 3375; x_wconf 82' lang='lat' dir='ltr'><strong>agnus</strong></span> 
     </span>
    </p>
   </div>
   <div class='ocr_carea' id='block_1_91' title="bbox 1900 3392 3480 3465">
    <p class='ocr_par' dir='ltr' id='par_1_91' title="bbox 1900 3392 3480 3465">
     <span class='ocr_line' id='line_1_91' title="bbox 1900 3392 3480 3465; baseline -0.001 -18"><span class='ocrx_word' id='word_1_732' title='bbox 1900 3392 2162 3448; x_wconf 83' lang='lat' dir='ltr'><strong>innocens</strong></span> <span class='ocrx_word' id='word_1_733' title='bbox 2188 3393 2381 3447; x_wconf 90' lang='lat' dir='ltr'><strong>ductus</strong></span> <span class='ocrx_word' id='word_1_734' title='bbox 2407 3393 2472 3447; x_wconf 90' lang='lat' dir='ltr'><strong>ad</strong></span> <span class='ocrx_word' id='word_1_735' title='bbox 2492 3392 2766 3447; x_wconf 88' lang='lat' dir='ltr'><strong>victimam</strong></span> <span class='ocrx_word' id='word_1_736' title='bbox 2791 3408 2897 3448; x_wconf 90' lang='lat' dir='ltr'><strong>non</strong></span> <span class='ocrx_word' id='word_1_737' title='bbox 2924 3392 3146 3464; x_wconf 89' lang='lat' dir='ltr'><strong>cognovi</strong></span> <span class='ocrx_word' id='word_1_738' title='bbox 3173 3392 3309 3464; x_wconf 68' lang='grc' dir='ltr'><strong>(λεν.</strong></span> <span class='ocrx_word' id='word_1_739' title='bbox 3336 3394 3434 3465; x_wconf 78' lang='lat' dir='ltr'><strong>tu).</strong></span> <span class='ocrx_word' id='word_1_740' title='bbox 3463 3414 3480 3446; x_wconf 76' lang='grc' dir='ltr'><strong><em>ι</em></strong></span> 
     </span>
    </p>
   </div>
   <div class='ocr_carea' id='block_1_92' title="bbox 1901 3480 3488 3554">
    <p class='ocr_par' dir='ltr' id='par_1_92' title="bbox 1901 3480 3488 3554">
     <span class='ocr_line' id='line_1_92' title="bbox 1901 3480 3488 3554; baseline 0.001 -18"><span class='ocrx_word' id='word_1_741' title='bbox 1901 3482 1969 3536; x_wconf 85' lang='grc' dir='ltr'>Ει</span> <span class='ocrx_word' id='word_1_742' title='bbox 1992 3480 2228 3537; x_wconf 83' lang='lat' dir='ltr'><strong>Joannes</strong></span> <span class='ocrx_word' id='word_1_743' title='bbox 2255 3481 2535 3553; x_wconf 89' lang='lat' dir='ltr'><strong>Baptista:</strong></span> <span class='ocrx_word' id='word_1_744' title='bbox 2570 3498 2588 3533; x_wconf 76' lang='grc' dir='ltr'><strong><em>ι</em></strong></span> <span class='ocrx_word' id='word_1_745' title='bbox 2622 3483 2761 3537; x_wconf 88' lang='lat' dir='ltr'><strong>Ecce</strong></span> <span class='ocrx_word' id='word_1_746' title='bbox 2803 3483 2986 3553; x_wconf 82' lang='lat' dir='ltr'><strong>Agnus</strong></span> <span class='ocrx_word' id='word_1_747' title='bbox 3033 3482 3159 3548; x_wconf 91' lang='lat' dir='ltr'><strong>Dei,</strong></span> <span class='ocrx_word' id='word_1_748' title='bbox 3210 3483 3299 3554; x_wconf 91' lang='lat' dir='ltr'><strong>qui</strong></span> <span class='ocrx_word' id='word_1_749' title='bbox 3351 3483 3488 3539; x_wconf 92' lang='lat' dir='ltr'><strong>tollit</strong></span> 
     </span>
    </p>
   </div>
   <div class='ocr_carea' id='block_1_93' title="bbox 1899 3572 3483 3645">
    <p class='ocr_par' dir='ltr' id='par_1_93' title="bbox 1899 3572 3483 3645">
     <span class='ocr_line' id='line_1_93' title="bbox 1899 3572 3483 3645; baseline 0 -16"><span class='ocrx_word' id='word_1_750' title='bbox 1899 3582 2180 3644; x_wconf 87' lang='lat' dir='ltr'><strong>peccatum</strong></span> <span class='ocrx_word' id='word_1_751' title='bbox 2210 3573 2394 3629; x_wconf 89' lang='lat' dir='ltr'><strong>mundi</strong></span> <span class='ocrx_word' id='word_1_752' title='bbox 2423 3572 2603 3644; x_wconf 85' lang='lat' dir='ltr'><strong>(Joan.</strong></span> <span class='ocrx_word' id='word_1_753' title='bbox 2633 3573 2694 3642; x_wconf 85' lang='grc' dir='ltr'><strong>ι).</strong></span> <span class='ocrx_word' id='word_1_754' title='bbox 2728 3592 2747 3625; x_wconf 76' lang='grc' dir='ltr'><strong><em>ι</em></strong></span> <span class='ocrx_word' id='word_1_755' title='bbox 2797 3573 2901 3628; x_wconf 86' lang='lat' dir='ltr'><strong>istc</strong></span> <span class='ocrx_word' id='word_1_756' title='bbox 2928 3581 3012 3628; x_wconf 90' lang='lat' dir='ltr'><strong>est</strong></span> <span class='ocrx_word' id='word_1_757' title='bbox 3038 3588 3229 3643; x_wconf 83' lang='lat' dir='ltr'><strong>agnus,</strong></span> <span class='ocrx_word' id='word_1_758' title='bbox 3259 3574 3351 3645; x_wconf 89' lang='lat' dir='ltr'><strong>qui</strong></span> <span class='ocrx_word' id='word_1_759' title='bbox 3383 3575 3483 3629; x_wconf 91' lang='lat' dir='ltr'><strong>im-</strong></span> 
     </span>
    </p>
   </div>
   <div class='ocr_carea' id='block_1_94' title="bbox 1902 3660 3487 3735">
    <p class='ocr_par' dir='ltr' id='par_1_94' title="bbox 1902 3660 3487 3735">
     <span class='ocr_line' id='line_1_94' title="bbox 1902 3660 3487 3735; baseline -0.001 -16"><span class='ocrx_word' id='word_1_760' title='bbox 1902 3664 2137 3719; x_wconf 89' lang='lat' dir='ltr'><strong>molatur</strong></span> <span class='ocrx_word' id='word_1_761' title='bbox 2184 3664 2239 3716; x_wconf 92' lang='lat' dir='ltr'><strong>in</strong></span> <span class='ocrx_word' id='word_1_762' title='bbox 2284 3661 2541 3734; x_wconf 64' lang='lat' dir='ltr'><strong>Egypto,</strong></span> <span class='ocrx_word' id='word_1_763' title='bbox 2596 3664 2665 3718; x_wconf 93' lang='lat' dir='ltr'><strong>de</strong></span> <span class='ocrx_word' id='word_1_764' title='bbox 2713 3660 2865 3732; x_wconf 89' lang='lat' dir='ltr'><strong>cujus</strong></span> <span class='ocrx_word' id='word_1_765' title='bbox 2910 3664 3173 3735; x_wconf 88' lang='lat' dir='ltr'><strong>sanguine</strong></span> <span class='ocrx_word' id='word_1_766' title='bbox 3204 3673 3487 3720; x_wconf 88' lang='lat' dir='ltr'><strong>armantur</strong></span> 
     </span>
    </p>
   </div>
   <div class='ocr_carea' id='block_1_95' title="bbox 1899 3753 3488 3825">
    <p class='ocr_par' dir='ltr' id='par_1_95' title="bbox 1899 3753 3488 3825">
     <span class='ocr_line' id='line_1_95' title="bbox 1899 3753 3488 3825; baseline 0 -15"><span class='ocrx_word' id='word_1_767' title='bbox 1899 3766 2083 3825; x_wconf 88' lang='lat' dir='ltr'><strong>postes</strong></span> <span class='ocrx_word' id='word_1_768' title='bbox 2129 3753 2251 3808; x_wconf 90' lang='lat' dir='ltr'><strong>ﬁdei</strong></span> <span class='ocrx_word' id='word_1_769' title='bbox 2300 3760 2355 3808; x_wconf 93' lang='lat' dir='ltr'><strong>et</strong></span> <span class='ocrx_word' id='word_1_770' title='bbox 2397 3753 2785 3810; x_wconf 90' lang='lat' dir='ltr'><strong>exterminator</strong></span> <span class='ocrx_word' id='word_1_771' title='bbox 2821 3753 3142 3810; x_wconf 85' lang='lat' dir='ltr'><strong>excluditur.</strong></span> <span class='ocrx_word' id='word_1_772' title='bbox 3191 3754 3488 3810; x_wconf 85' lang='lat' dir='ltr'><strong>Anniculus</strong></span> 
     </span>
    </p>
   </div>
   <div class='ocr_carea' id='block_1_96' title="bbox 1902 3844 3485 3915">
    <p class='ocr_par' dir='ltr' id='par_1_96' title="bbox 1902 3844 3485 3915">
     <span class='ocr_line' id='line_1_96' title="bbox 1902 3844 3485 3915; baseline 0 -16"><span class='ocrx_word' id='word_1_773' title='bbox 1902 3853 2082 3900; x_wconf 85' lang='lat' dir='ltr'><strong>autem</strong></span> <span class='ocrx_word' id='word_1_774' title='bbox 2118 3844 2244 3915; x_wconf 88' lang='lat' dir='ltr'><strong>quia</strong></span> <span class='ocrx_word' id='word_1_775' title='bbox 2275 3844 2587 3914; x_wconf 62' lang='lat' dir='ltr'><strong>praedicavit</strong></span> <span class='ocrx_word' id='word_1_776' title='bbox 2622 3859 2820 3899; x_wconf 89' lang='lat' dir='ltr'><strong>annum</strong></span> <span class='ocrx_word' id='word_1_777' title='bbox 2856 3844 3065 3900; x_wconf 87' lang='lat' dir='ltr'><strong>Domini</strong></span> <span class='ocrx_word' id='word_1_778' title='bbox 3101 3844 3485 3913; x_wconf 87' lang='lat' dir='ltr'><strong>acccptabilem</strong></span> 
     </span>
    </p>
   </div>
   <div class='ocr_carea' id='block_1_97' title="bbox 1901 3934 3491 4000">
    <p class='ocr_par' dir='ltr' id='par_1_97' title="bbox 1901 3934 3491 4000">
     <span class='ocr_line' id='line_1_97' title="bbox 1901 3934 3491 4000; baseline -0.002 -8"><span class='ocrx_word' id='word_1_779' title='bbox 1901 3946 1959 3992; x_wconf 89' lang='lat' dir='ltr'><strong>et</strong></span> <span class='ocrx_word' id='word_1_780' title='bbox 1983 3936 2125 3991; x_wconf 89' lang='lat' dir='ltr'><strong>diem</strong></span> <span class='ocrx_word' id='word_1_781' title='bbox 2153 3936 2544 3991; x_wconf 91' lang='lat' dir='ltr'><strong>retributionis.</strong></span> <span class='ocrx_word' id='word_1_782' title='bbox 2576 3934 2687 3991; x_wconf 84' lang='lat' dir='ltr'><strong>Nec</strong></span> <span class='ocrx_word' id='word_1_783' title='bbox 2716 3935 2943 3990; x_wconf 85' lang='lat' dir='ltr'><strong>miretur</strong></span> <span class='ocrx_word' id='word_1_784' title='bbox 2966 3935 3159 4000; x_wconf 89' lang='lat' dir='ltr'><strong>lector,</strong></span> <span class='ocrx_word' id='word_1_785' title='bbox 3188 3935 3233 3989; x_wconf 90' lang='lat' dir='ltr'><strong>si</strong></span> <span class='ocrx_word' id='word_1_786' title='bbox 3262 3936 3405 3991; x_wconf 90' lang='lat' dir='ltr'><strong>idem</strong></span> <span class='ocrx_word' id='word_1_787' title='bbox 3434 3944 3491 3991; x_wconf 91' lang='lat' dir='ltr'><strong>et</strong></span> 
     </span>
    </p>
   </div>
   <div class='ocr_carea' id='block_1_98' title="bbox 1902 4026 3484 4098">
    <p class='ocr_par' dir='ltr' id='par_1_98' title="bbox 1902 4026 3484 4098">
     <span class='ocr_line' id='line_1_98' title="bbox 1902 4026 3484 4098; baseline -0.001 -17"><span class='ocrx_word' id='word_1_788' title='bbox 1902 4027 2154 4098; x_wconf 87' lang='lat' dir='ltr'><strong>princeps</strong></span> <span class='ocrx_word' id='word_1_789' title='bbox 2175 4034 2277 4092; x_wconf 87' lang='lat' dir='ltr'><strong>est,</strong></span> <span class='ocrx_word' id='word_1_790' title='bbox 2301 4035 2356 4082; x_wconf 90' lang='lat' dir='ltr'><strong>et</strong></span> <span class='ocrx_word' id='word_1_791' title='bbox 2382 4026 2634 4082; x_wconf 89' lang='lat' dir='ltr'><strong>sacerdos</strong></span> <span class='ocrx_word' id='word_1_792' title='bbox 2657 4035 2714 4081; x_wconf 92' lang='lat' dir='ltr'><strong>et</strong></span> <span class='ocrx_word' id='word_1_793' title='bbox 2731 4026 2951 4092; x_wconf 87' lang='lat' dir='ltr'><strong>vitulus,</strong></span> <span class='ocrx_word' id='word_1_794' title='bbox 2973 4034 3028 4080; x_wconf 91' lang='lat' dir='ltr'><strong>et</strong></span> <span class='ocrx_word' id='word_1_795' title='bbox 3052 4026 3193 4079; x_wconf 90' lang='lat' dir='ltr'><strong>aries</strong></span> <span class='ocrx_word' id='word_1_796' title='bbox 3220 4034 3274 4079; x_wconf 88' lang='lat' dir='ltr'><strong>et</strong></span> <span class='ocrx_word' id='word_1_797' title='bbox 3295 4042 3484 4097; x_wconf 79' lang='lat' dir='ltr'><strong>agnus,</strong></span> 
     </span>
    </p>
   </div>
   <div class='ocr_carea' id='block_1_99' title="bbox 1903 4117 3487 4189">
    <p class='ocr_par' dir='ltr' id='par_1_99' title="bbox 1903 4117 3487 4189">
     <span class='ocr_line' id='line_1_99' title="bbox 1903 4117 3487 4189; baseline -0.001 -15"><span class='ocrx_word' id='word_1_798' title='bbox 1903 4134 2027 4174; x_wconf 90' lang='lat' dir='ltr'><strong>cum</strong></span> <span class='ocrx_word' id='word_1_799' title='bbox 2073 4120 2129 4174; x_wconf 90' lang='lat' dir='ltr'><strong>in</strong></span> <span class='ocrx_word' id='word_1_800' title='bbox 2161 4117 2463 4189; x_wconf 89' lang='lat' dir='ltr'><strong>Scripturis</strong></span> <span class='ocrx_word' id='word_1_801' title='bbox 2510 4118 2713 4173; x_wconf 90' lang='lat' dir='ltr'><strong>sanctis</strong></span> <span class='ocrx_word' id='word_1_802' title='bbox 2762 4132 2862 4189; x_wconf 90' lang='lat' dir='ltr'><strong>pro</strong></span> <span class='ocrx_word' id='word_1_803' title='bbox 2908 4118 3169 4176; x_wconf 86' lang='lat' dir='ltr'><strong>varietate</strong></span> <span class='ocrx_word' id='word_1_804' title='bbox 3199 4133 3487 4174; x_wconf 89' lang='lat' dir='ltr'><strong>causarum</strong></span> 
     </span>
    </p>
   </div>
   <div class='ocr_carea' id='block_1_100' title="bbox 1903 4206 3485 4280">
    <p class='ocr_par' dir='ltr' id='par_1_100' title="bbox 1903 4206 3485 4280">
     <span class='ocr_line' id='line_1_100' title="bbox 1903 4206 3485 4280; baseline 0 -18"><span class='ocrx_word' id='word_1_805' title='bbox 1903 4208 2145 4280; x_wconf 84' lang='lat' dir='ltr'><strong>legamus</strong></span> <span class='ocrx_word' id='word_1_806' title='bbox 2178 4224 2299 4264; x_wconf 91' lang='lat' dir='ltr'><strong>eum</strong></span> <span class='ocrx_word' id='word_1_807' title='bbox 2342 4208 2647 4273; x_wconf 91' lang='lat' dir='ltr'><strong>Dominum,</strong></span> <span class='ocrx_word' id='word_1_808' title='bbox 2685 4217 2739 4263; x_wconf 89' lang='lat' dir='ltr'><strong>et</strong></span> <span class='ocrx_word' id='word_1_809' title='bbox 2774 4206 2979 4272; x_wconf 66' lang='lat' dir='ltr'><strong>Deum,</strong></span> <span class='ocrx_word' id='word_1_810' title='bbox 3008 4215 3062 4261; x_wconf 90' lang='lat' dir='ltr'><strong>et</strong></span> <span class='ocrx_word' id='word_1_811' title='bbox 3100 4208 3393 4271; x_wconf 91' lang='lat' dir='ltr'><strong>hominem,</strong></span> <span class='ocrx_word' id='word_1_812' title='bbox 3431 4218 3485 4262; x_wconf 92' lang='lat' dir='ltr'><strong>et</strong></span> 
     </span>
    </p>
   </div>
   <div class='ocr_carea' id='block_1_101' title="bbox 1904 4298 3491 4373">
    <p class='ocr_par' dir='ltr' id='par_1_101' title="bbox 1904 4298 3491 4373">
     <span class='ocr_line' id='line_1_101' title="bbox 1904 4298 3491 4373; baseline 0.001 -17"><span class='ocrx_word' id='word_1_813' title='bbox 1904 4303 2255 4373; x_wconf 82' lang='lat' dir='ltr'><strong>prephetam,</strong></span> <span class='ocrx_word' id='word_1_814' title='bbox 2306 4310 2362 4356; x_wconf 89' lang='lat' dir='ltr'><strong>et</strong></span> <span class='ocrx_word' id='word_1_815' title='bbox 2390 4302 2629 4371; x_wconf 88' lang='lat' dir='ltr'><strong>virgam,</strong></span> <span class='ocrx_word' id='word_1_816' title='bbox 2674 4309 2729 4355; x_wconf 87' lang='lat' dir='ltr'><strong>et</strong></span> <span class='ocrx_word' id='word_1_817' title='bbox 2760 4298 2978 4363; x_wconf 83' lang='lat' dir='ltr'><strong>ﬂorem,</strong></span> <span class='ocrx_word' id='word_1_818' title='bbox 3026 4308 3079 4354; x_wconf 90' lang='lat' dir='ltr'><strong>et</strong></span> <span class='ocrx_word' id='word_1_819' title='bbox 3112 4300 3382 4368; x_wconf 78' lang='lat' dir='ltr'><strong>radicem,</strong></span> <span class='ocrx_word' id='word_1_820' title='bbox 3433 4308 3491 4357; x_wconf 80' lang='lat' dir='ltr'><strong>et</strong></span> 
     </span>
    </p>
   </div>
   <div class='ocr_carea' id='block_1_102' title="bbox 1904 4388 3486 4463">
    <p class='ocr_par' dir='ltr' id='par_1_102' title="bbox 1904 4388 3486 4463">
     <span class='ocr_line' id='line_1_102' title="bbox 1904 4388 3486 4463; baseline -0.001 -17"><span class='ocrx_word' id='word_1_821' title='bbox 1904 4392 2225 4463; x_wconf 88' lang='lat' dir='ltr'><strong>principem,</strong></span> <span class='ocrx_word' id='word_1_822' title='bbox 2271 4397 2327 4447; x_wconf 90' lang='lat' dir='ltr'><strong>et</strong></span> <span class='ocrx_word' id='word_1_823' title='bbox 2366 4390 2627 4461; x_wconf 89' lang='lat' dir='ltr'><strong>judicem,</strong></span> <span class='ocrx_word' id='word_1_824' title='bbox 2677 4400 2731 4445; x_wconf 91' lang='lat' dir='ltr'><strong>et</strong></span> <span class='ocrx_word' id='word_1_825' title='bbox 2777 4406 2981 4461; x_wconf 89' lang='lat' dir='ltr'><strong>regem,</strong></span> <span class='ocrx_word' id='word_1_826' title='bbox 3006 4388 3210 4459; x_wconf 87' lang='lat' dir='ltr'><strong>justum</strong></span> <span class='ocrx_word' id='word_1_827' title='bbox 3240 4398 3295 4446; x_wconf 89' lang='lat' dir='ltr'><strong>et</strong></span> <span class='ocrx_word' id='word_1_828' title='bbox 3324 4390 3486 4461; x_wconf 74' lang='lat' dir='ltr'><strong>justi-</strong></span> 
     </span>
    </p>
   </div>
   <div class='ocr_carea' id='block_1_103' title="bbox 1906 4481 3485 4553">
    <p class='ocr_par' dir='ltr' id='par_1_103' title="bbox 1906 4481 3485 4553">
     <span class='ocr_line' id='line_1_103' title="bbox 1906 4481 3485 4553; baseline -0.002 -15"><span class='ocrx_word' id='word_1_829' title='bbox 1906 4483 2059 4548; x_wconf 90' lang='lat' dir='ltr'><strong>tiam,</strong></span> <span class='ocrx_word' id='word_1_830' title='bbox 2090 4481 2419 4553; x_wconf 87' lang='lat' dir='ltr'><strong>apostolum,</strong></span> <span class='ocrx_word' id='word_1_831' title='bbox 2459 4490 2516 4536; x_wconf 90' lang='lat' dir='ltr'><strong>et</strong></span> <span class='ocrx_word' id='word_1_832' title='bbox 2545 4481 2877 4551; x_wconf 88' lang='lat' dir='ltr'><strong>episc0pum,</strong></span> <span class='ocrx_word' id='word_1_833' title='bbox 2912 4481 3215 4545; x_wconf 87' lang='lat' dir='ltr'><strong>brachium,</strong></span> <span class='ocrx_word' id='word_1_834' title='bbox 3245 4496 3485 4545; x_wconf 85' lang='lat' dir='ltr'><strong>servum,</strong></span> 
     </span>
    </p>
   </div>
   <div class='ocr_carea' id='block_1_104' title="bbox 1909 4570 3489 4643">
    <p class='ocr_par' dir='ltr' id='par_1_104' title="bbox 1909 4570 3489 4643">
     <span class='ocr_line' id='line_1_104' title="bbox 1909 4570 3489 4643; baseline 0.001 -16"><span class='ocrx_word' id='word_1_835' title='bbox 1909 4572 2264 4643; x_wconf 89' lang='lat' dir='ltr'><strong>unigenitum,</strong></span> <span class='ocrx_word' id='word_1_836' title='bbox 2287 4579 2580 4641; x_wconf 83' lang='lat' dir='ltr'><strong>pastorem,</strong></span> <span class='ocrx_word' id='word_1_837' title='bbox 2607 4570 2772 4624; x_wconf 85' lang='lat' dir='ltr'><strong>ﬁlium</strong></span> <span class='ocrx_word' id='word_1_838' title='bbox 2801 4579 2858 4626; x_wconf 84' lang='lat' dir='ltr'><strong>et</strong></span> <span class='ocrx_word' id='word_1_839' title='bbox 2884 4586 3129 4641; x_wconf 88' lang='lat' dir='ltr'><strong>puerum,</strong></span> <span class='ocrx_word' id='word_1_840' title='bbox 3154 4571 3489 4641; x_wconf 88' lang='lat' dir='ltr'><strong>unigenitum</strong></span> 
     </span>
    </p>
   </div>
   <div class='ocr_carea' id='block_1_105' title="bbox 1910 4659 3485 4733">
    <p class='ocr_par' dir='ltr' id='par_1_105' title="bbox 1910 4659 3485 4733">
     <span class='ocr_line' id='line_1_105' title="bbox 1910 4659 3485 4733; baseline -0.002 -15"><span class='ocrx_word' id='word_1_841' title='bbox 1910 4670 1965 4718; x_wconf 90' lang='lat' dir='ltr'><strong>et</strong></span> <span class='ocrx_word' id='word_1_842' title='bbox 1990 4660 2428 4733; x_wconf 87' lang='lat' dir='ltr'><strong>primogenitum,</strong></span> <span class='ocrx_word' id='word_1_843' title='bbox 2458 4661 2656 4716; x_wconf 91' lang='lat' dir='ltr'><strong>ostium</strong></span> <span class='ocrx_word' id='word_1_844' title='bbox 2674 4700 2689 4725; x_wconf 93' lang='lat'><strong>,</strong></span> <span class='ocrx_word' id='word_1_845' title='bbox 2718 4660 2859 4713; x_wconf 89' lang='lat' dir='ltr'><strong>viam</strong></span> <span class='ocrx_word' id='word_1_846' title='bbox 2880 4700 2895 4725; x_wconf 95' lang='lat'><strong>,</strong></span> <span class='ocrx_word' id='word_1_847' title='bbox 2924 4659 3215 4730; x_wconf 87' lang='lat' dir='ltr'><strong>angelum,</strong></span> <span class='ocrx_word' id='word_1_848' title='bbox 3234 4659 3485 4729; x_wconf 88' lang='lat' dir='ltr'><strong>sagittam</strong></span> 
     </span>
    </p>
   </div>
   <div class='ocr_carea' id='block_1_106' title="bbox 1910 4734 3488 4823">
    <p class='ocr_par' dir='ltr' id='par_1_106' title="bbox 1910 4734 3488 4823">
     <span class='ocr_line' id='line_1_106' title="bbox 1910 4734 3488 4823; baseline 0 -15"><span class='ocrx_word' id='word_1_849' title='bbox 1910 4761 1961 4808; x_wconf 89' lang='lat' dir='ltr'><strong>et</strong></span> <span class='ocrx_word' id='word_1_850' title='bbox 1989 4740 2346 4823; x_wconf 85' lang='lat' dir='ltr'><strong>sapientiam,</strong></span> <span class='ocrx_word' id='word_1_851' title='bbox 2394 4759 2450 4805; x_wconf 92' lang='lat' dir='ltr'><strong>et</strong></span> <span class='ocrx_word' id='word_1_852' title='bbox 2494 4750 2662 4805; x_wconf 90' lang='lat' dir='ltr'><strong>multa</strong></span> <span class='ocrx_word' id='word_1_853' title='bbox 2707 4750 2809 4804; x_wconf 87' lang='lat' dir='ltr'><strong>alia</strong></span> <span class='ocrx_word' id='word_1_854' title='bbox 2838 4769 2852 4804; x_wconf 87' lang='lat'><strong>:</strong></span> <span class='ocrx_word' id='word_1_855' title='bbox 2881 4765 3109 4820; x_wconf 83' lang='lat' dir='ltr'><strong>quorum</strong></span> <span class='ocrx_word' id='word_1_856' title='bbox 3154 4734 3393 4806; x_wconf 77' lang='lat' dir='ltr'><strong>omnium</strong></span> <span class='ocrx_word' id='word_1_857' title='bbox 3446 4755 3488 4808; x_wconf 86' lang='lat' dir='ltr'><strong>si</strong></span> 
     </span>
    </p>
   </div>
   <div class='ocr_carea' id='block_1_107' title="bbox 1910 4841 3491 4914">
    <p class='ocr_par' dir='ltr' id='par_1_107' title="bbox 1910 4841 3491 4914">
     <span class='ocr_line' id='line_1_107' title="bbox 1910 4841 3491 4914; baseline 0 -16"><span class='ocrx_word' id='word_1_858' title='bbox 1910 4843 2132 4899; x_wconf 84' lang='lat' dir='ltr'><strong>voluero</strong></span> <span class='ocrx_word' id='word_1_859' title='bbox 2160 4842 2463 4899; x_wconf 85' lang='lat' dir='ltr'><strong>testimonia</strong></span> <span class='ocrx_word' id='word_1_860' title='bbox 2494 4841 2695 4905; x_wconf 90' lang='lat' dir='ltr'><strong>dicere,</strong></span> <span class='ocrx_word' id='word_1_861' title='bbox 2717 4841 2935 4911; x_wconf 85' lang='lat' dir='ltr'><strong>proprio</strong></span> <span class='ocrx_word' id='word_1_862' title='bbox 2963 4841 3100 4897; x_wconf 90' lang='lat' dir='ltr'><strong>libro</strong></span> <span class='ocrx_word' id='word_1_863' title='bbox 3127 4842 3389 4914; x_wconf 85' lang='lat' dir='ltr'><strong>indigent.</strong></span> <span class='ocrx_word' id='word_1_864' title='bbox 3430 4844 3491 4899; x_wconf 88' lang='lat' dir='ltr'><strong>in</strong></span> 
     </span>
    </p>
   </div>
   <div class='ocr_carea' id='block_1_108' title="bbox 1909 4931 3487 5002">
    <p class='ocr_par' dir='ltr' id='par_1_108' title="bbox 1909 4931 3487 5002">
     <span class='ocr_line' id='line_1_108' title="bbox 1909 4931 3487 5002; baseline -0.001 -13"><span class='ocrx_word' id='word_1_865' title='bbox 1909 4934 2221 4990; x_wconf 89' lang='lat' dir='ltr'><strong>holocausto</strong></span> <span class='ocrx_word' id='word_1_866' title='bbox 2254 4934 2432 5002; x_wconf 87' lang='lat' dir='ltr'><strong>itaque</strong></span> <span class='ocrx_word' id='word_1_867' title='bbox 2460 4931 2615 4987; x_wconf 90' lang='lat' dir='ltr'><strong>istius</strong></span> <span class='ocrx_word' id='word_1_868' title='bbox 2643 4931 2764 5001; x_wconf 82' lang='lat' dir='ltr'><strong>agni</strong></span> <span class='ocrx_word' id='word_1_869' title='bbox 2793 4931 3115 4987; x_wconf 90' lang='lat' dir='ltr'><strong>immaculati</strong></span> <span class='ocrx_word' id='word_1_870' title='bbox 3143 4940 3198 4987; x_wconf 91' lang='lat' dir='ltr'><strong>et</strong></span> <span class='ocrx_word' id='word_1_871' title='bbox 3224 4934 3487 4998; x_wconf 91' lang='lat' dir='ltr'><strong>anniculi,</strong></span> 
     </span>
    </p>
   </div>
   <div class='ocr_carea' id='block_1_109' title="bbox 1908 5020 3487 5095">
    <p class='ocr_par' dir='ltr' id='par_1_109' title="bbox 1908 5020 3487 5095">
     <span class='ocr_line' id='line_1_109' title="bbox 1908 5020 3487 5095; baseline 0 -16"><span class='ocrx_word' id='word_1_872' title='bbox 1908 5026 1999 5095; x_wconf 90' lang='lat' dir='ltr'><strong>qui</strong></span> <span class='ocrx_word' id='word_1_873' title='bbox 2030 5038 2186 5079; x_wconf 87' lang='lat' dir='ltr'><strong>mane</strong></span> <span class='ocrx_word' id='word_1_874' title='bbox 2212 5037 2427 5093; x_wconf 89' lang='lat' dir='ltr'><strong>semper</strong></span> <span class='ocrx_word' id='word_1_875' title='bbox 2446 5020 2690 5087; x_wconf 78' lang='lat' dir='ltr'><strong>oﬁ‘ertur,</strong></span> <span class='ocrx_word' id='word_1_876' title='bbox 2708 5021 2873 5077; x_wconf 89' lang='lat' dir='ltr'><strong>faciet</strong></span> <span class='ocrx_word' id='word_1_877' title='bbox 2901 5023 3014 5093; x_wconf 89' lang='lat' dir='ltr'><strong>ipse</strong></span> <span class='ocrx_word' id='word_1_878' title='bbox 3038 5023 3289 5095; x_wconf 84' lang='lat' dir='ltr'><strong>princeps</strong></span> <span class='ocrx_word' id='word_1_879' title='bbox 3318 5025 3487 5079; x_wconf 84' lang='lat' dir='ltr'><strong>sacri-</strong></span> 
     </span>
    </p>
   </div>
   <div class='ocr_carea' id='block_1_110' title="bbox 1908 5112 3483 5179">
    <p class='ocr_par' dir='ltr' id='par_1_110' title="bbox 1908 5112 3483 5179">
     <span class='ocr_line' id='line_1_110' title="bbox 1908 5112 3483 5179; baseline -0.001 -10"><span class='ocrx_word' id='word_1_880' title='bbox 1908 5117 2087 5170; x_wconf 88' lang='lat' dir='ltr'><strong>ﬁcium</strong></span> <span class='ocrx_word' id='word_1_881' title='bbox 2126 5115 2241 5169; x_wconf 88' lang='lat' dir='ltr'><strong>sive</strong></span> <span class='ocrx_word' id='word_1_882' title='bbox 2279 5128 2494 5178; x_wconf 89' lang='lat' dir='ltr'><strong>manaa,</strong></span> <span class='ocrx_word' id='word_1_883' title='bbox 2526 5121 2580 5167; x_wconf 92' lang='lat' dir='ltr'><strong>et</strong></span> <span class='ocrx_word' id='word_1_884' title='bbox 2614 5113 2871 5179; x_wconf 90' lang='lat' dir='ltr'><strong>similam,</strong></span> <span class='ocrx_word' id='word_1_885' title='bbox 2894 5114 3007 5168; x_wconf 72' lang='lat' dir='ltr'><strong>sive</strong></span> <span class='ocrx_word' id='word_1_886' title='bbox 3054 5112 3251 5168; x_wconf 90' lang='lat' dir='ltr'><strong>donum</strong></span> <span class='ocrx_word' id='word_1_887' title='bbox 3303 5128 3483 5179; x_wconf 91' lang='lat' dir='ltr'><strong>mane,</strong></span> 
     </span>
    </p>
   </div>
   <div class='ocr_carea' id='block_1_111' title="bbox 1910 5204 3484 5273">
    <p class='ocr_par' dir='ltr' id='par_1_111' title="bbox 1910 5204 3484 5273">
     <span class='ocr_line' id='line_1_111' title="bbox 1910 5204 3484 5273; baseline -0.001 -12"><span class='ocrx_word' id='word_1_888' title='bbox 1910 5220 2066 5261; x_wconf 85' lang='lat' dir='ltr'><strong>mane</strong></span> <span class='ocrx_word' id='word_1_889' title='bbox 2097 5213 2303 5261; x_wconf 89' lang='lat' dir='ltr'><strong>sextam</strong></span> <span class='ocrx_word' id='word_1_890' title='bbox 2333 5214 2540 5273; x_wconf 85' lang='lat' dir='ltr'><strong>partem</strong></span> <span class='ocrx_word' id='word_1_891' title='bbox 2568 5204 3047 5273; x_wconf 85' lang='lat' dir='ltr'><strong>ephi,subauditur</strong></span> <span class='ocrx_word' id='word_1_892' title='bbox 3079 5206 3268 5262; x_wconf 70' lang='lat' dir='ltr'><strong>simila:</strong></span> <span class='ocrx_word' id='word_1_893' title='bbox 3294 5223 3305 5260; x_wconf 94' lang='lat'><strong>:</strong></span> <span class='ocrx_word' id='word_1_894' title='bbox 3330 5214 3484 5261; x_wconf 81' lang='lat' dir='ltr'><strong>sexta</strong></span> 
     </span>
    </p>
   </div>
   <div class='ocr_carea' id='block_1_112' title="bbox 1910 5284 3483 5363">
    <p class='ocr_par' dir='ltr' id='par_1_112' title="bbox 1910 5284 3483 5363">
     <span class='ocr_line' id='line_1_112' title="bbox 1910 5284 3483 5363; baseline 0.001 -15"><span class='ocrx_word' id='word_1_895' title='bbox 1910 5284 2088 5349; x_wconf 82' lang='lat' dir='ltr'><strong>autem</strong></span> <span class='ocrx_word' id='word_1_896' title='bbox 2120 5307 2247 5362; x_wconf 89' lang='lat' dir='ltr'><strong>pars</strong></span> <span class='ocrx_word' id='word_1_897' title='bbox 2274 5293 2397 5362; x_wconf 86' lang='lat' dir='ltr'><strong>ephi</strong></span> <span class='ocrx_word' id='word_1_898' title='bbox 2427 5291 2680 5347; x_wconf 89' lang='lat' dir='ltr'><strong>dimidius</strong></span> <span class='ocrx_word' id='word_1_899' title='bbox 2720 5294 2929 5349; x_wconf 87' lang='lat' dir='ltr'><strong>modius</strong></span> <span class='ocrx_word' id='word_1_900' title='bbox 2967 5302 3069 5349; x_wconf 89' lang='lat' dir='ltr'><strong>est.</strong></span> <span class='ocrx_word' id='word_1_901' title='bbox 3102 5292 3161 5348; x_wconf 89' lang='lat' dir='ltr'><strong>Si</strong></span> <span class='ocrx_word' id='word_1_902' title='bbox 3190 5294 3333 5349; x_wconf 89' lang='lat' dir='ltr'><strong>enim</strong></span> <span class='ocrx_word' id='word_1_903' title='bbox 3359 5296 3483 5363; x_wconf 84' lang='lat' dir='ltr'><strong>ephi</strong></span> 
     </span>
    </p>
   </div>
   <div class='ocr_carea' id='block_1_113' title="bbox 1880 5382 3485 5453">
    <p class='ocr_par' dir='ltr' id='par_1_113' title="bbox 1880 5382 3485 5453">
     <span class='ocr_line' id='line_1_113' title="bbox 1880 5382 3485 5453; baseline -0.002 -14"><span class='ocrx_word' id='word_1_904' title='bbox 1880 5384 2115 5439; x_wconf 55' lang='lat' dir='ltr'><strong>Mma</strong></span> <span class='ocrx_word' id='word_1_905' title='bbox 2142 5398 2269 5453; x_wconf 88' lang='lat' dir='ltr'><strong>pars</strong></span> <span class='ocrx_word' id='word_1_906' title='bbox 2294 5383 2407 5438; x_wconf 92' lang='lat' dir='ltr'><strong>cori</strong></span> <span class='ocrx_word' id='word_1_907' title='bbox 2436 5390 2534 5443; x_wconf 84' lang='lat' dir='ltr'><strong>est.</strong></span> <span class='ocrx_word' id='word_1_908' title='bbox 2566 5382 2618 5437; x_wconf 91' lang='lat' dir='ltr'><strong>id</strong></span> <span class='ocrx_word' id='word_1_909' title='bbox 2644 5392 2729 5438; x_wconf 90' lang='lat' dir='ltr'><strong>est</strong></span> <span class='ocrx_word' id='word_1_910' title='bbox 2754 5391 2863 5440; x_wconf 87' lang='lat' dir='ltr'><strong>tres</strong></span> <span class='ocrx_word' id='word_1_911' title='bbox 2891 5384 3076 5448; x_wconf 87' lang='lat' dir='ltr'><strong>modii.</strong></span> <span class='ocrx_word' id='word_1_912' title='bbox 3105 5383 3233 5439; x_wconf 91' lang='lat' dir='ltr'><strong>nulli</strong></span> <span class='ocrx_word' id='word_1_913' title='bbox 3263 5384 3485 5440; x_wconf 88' lang='lat' dir='ltr'><strong>dubium</strong></span> 
     </span>
    </p>
   </div>
   <div class='ocr_carea' id='block_1_114' title="bbox 1910 5469 3486 5542">
    <p class='ocr_par' dir='ltr' id='par_1_114' title="bbox 1910 5469 3486 5542">
     <span class='ocr_line' id='line_1_114' title="bbox 1910 5469 3486 5542; baseline 0.001 -16"><span class='ocrx_word' id='word_1_914' title='bbox 1910 5473 2040 5542; x_wconf 91' lang='lat' dir='ltr'><strong>quin</strong></span> <span class='ocrx_word' id='word_1_915' title='bbox 2077 5480 2228 5526; x_wconf 81' lang='lat' dir='ltr'><strong>sexta</strong></span> <span class='ocrx_word' id='word_1_916' title='bbox 2272 5486 2397 5542; x_wconf 89' lang='lat' dir='ltr'><strong>pars</strong></span> <span class='ocrx_word' id='word_1_917' title='bbox 2440 5471 2564 5541; x_wconf 90' lang='lat' dir='ltr'><strong>ephi</strong></span> <span class='ocrx_word' id='word_1_918' title='bbox 2590 5472 2869 5527; x_wconf 90' lang='lat' dir='ltr'><strong>dimidium</strong></span> <span class='ocrx_word' id='word_1_919' title='bbox 2903 5469 3066 5529; x_wconf 88' lang='lat' dir='ltr'><strong>faciat</strong></span> <span class='ocrx_word' id='word_1_920' title='bbox 3097 5472 3352 5528; x_wconf 90' lang='lat' dir='ltr'><strong>modium.</strong></span> <span class='ocrx_word' id='word_1_921' title='bbox 3408 5472 3486 5528; x_wconf 75' lang='lat' dir='ltr'><strong>De</strong></span> 
     </span>
    </p>
   </div>
   <div class='ocr_carea' id='block_1_115' title="bbox 1907 5563 3486 5635">
    <p class='ocr_par' dir='ltr' id='par_1_115' title="bbox 1907 5563 3486 5635">
     <span class='ocr_line' id='line_1_115' title="bbox 1907 5563 3486 5635; baseline -0.001 -17"><span class='ocrx_word' id='word_1_922' title='bbox 1907 5563 2027 5619; x_wconf 88' lang='lat' dir='ltr'><strong>oleo</strong></span> <span class='ocrx_word' id='word_1_923' title='bbox 2056 5578 2271 5633; x_wconf 91' lang='lat' dir='ltr'><strong>quoque</strong></span> <span class='ocrx_word' id='word_1_924' title='bbox 2312 5577 2580 5618; x_wconf 74' lang='lat' dir='ltr'><strong>mensura:</strong></span> <span class='ocrx_word' id='word_1_925' title='bbox 2625 5563 2919 5627; x_wconf 78' lang='lat' dir='ltr'><strong>hin,te.rtia</strong></span> <span class='ocrx_word' id='word_1_926' title='bbox 2963 5578 3093 5635; x_wconf 88' lang='lat' dir='ltr'><strong>pars</strong></span> <span class='ocrx_word' id='word_1_927' title='bbox 3134 5563 3379 5627; x_wconf 83' lang='lat' dir='ltr'><strong>oﬁ&#39;crtur,</strong></span> <span class='ocrx_word' id='word_1_928' title='bbox 3426 5570 3486 5617; x_wconf 87' lang='lat' dir='ltr'><strong>ut</strong></span> 
     </span>
    </p>
   </div>
   <div class='ocr_carea' id='block_1_116' title="bbox 1909 5652 3484 5724">
    <p class='ocr_par' dir='ltr' id='par_1_116' title="bbox 1909 5652 3484 5724">
     <span class='ocr_line' id='line_1_116' title="bbox 1909 5652 3484 5724; baseline 0.001 -17"><span class='ocrx_word' id='word_1_929' title='bbox 1909 5652 2201 5708; x_wconf 85' lang='lat' dir='ltr'><strong>misceatur</strong></span> <span class='ocrx_word' id='word_1_930' title='bbox 2224 5653 2338 5708; x_wconf 87' lang='lat' dir='ltr'><strong>sive</strong></span> <span class='ocrx_word' id='word_1_931' title='bbox 2362 5662 2680 5724; x_wconf 86' lang='lat' dir='ltr'><strong>aspergatur</strong></span> <span class='ocrx_word' id='word_1_932' title='bbox 2706 5652 2892 5711; x_wconf 67' lang='lat' dir='ltr'><strong>simila:</strong></span> <span class='ocrx_word' id='word_1_933' title='bbox 2908 5655 3232 5709; x_wconf 84' lang='lat' dir='ltr'><strong>sacriﬁcium</strong></span> <span class='ocrx_word' id='word_1_934' title='bbox 3259 5653 3484 5709; x_wconf 83' lang='lat' dir='ltr'><strong>Domino</strong></span> 
     </span>
    </p>
   </div>
   <div class='ocr_carea' id='block_1_117' title="bbox 1908 5743 3479 5816">
    <p class='ocr_par' dir='ltr' id='par_1_117' title="bbox 1908 5743 3479 5816">
     <span class='ocr_line' id='line_1_117' title="bbox 1908 5743 3479 5816; baseline 0 -19"><span class='ocrx_word' id='word_1_935' title='bbox 1908 5743 2208 5813; x_wconf 79' lang='lat' dir='ltr'><strong>legitimum</strong></span> <span class='ocrx_word' id='word_1_936' title='bbox 2249 5744 2375 5816; x_wconf 83' lang='lat' dir='ltr'><strong>jugc</strong></span> <span class='ocrx_word' id='word_1_937' title='bbox 2400 5753 2561 5814; x_wconf 89' lang='lat' dir='ltr'><strong>atque</strong></span> <span class='ocrx_word' id='word_1_938' title='bbox 2590 5751 2904 5814; x_wconf 85' lang='lat' dir='ltr'><strong>perpetuum</strong></span> <span class='ocrx_word' id='word_1_939' title='bbox 2943 5744 3087 5814; x_wconf 83' lang='lat' dir='ltr'><strong>quod</strong></span> <span class='ocrx_word' id='word_1_940' title='bbox 3124 5743 3267 5800; x_wconf 79' lang='lat' dir='ltr'><strong>nulla</strong></span> <span class='ocrx_word' id='word_1_941' title='bbox 3310 5745 3479 5799; x_wconf 88' lang='lat' dir='ltr'><strong>inter-</strong></span> 
     </span>
    </p>
   </div>
  </div>
