3924 6332
466 298 603 352 lui?

1104 297 1163 352 Β.
1205 298 1452 353 RABANI
1496 297 1714 357 MAURI
1756 299 2073 356 ARCllli‘iP.
2120 301 2429 359 MOGUNT.
2474 303 2763 361 OPERUM
2799 306 2977 363 PARS
3017 309 3080 364 ll.

3594 316 3743 374 1048

463 415 694 478 mittitur
721 414 828 476 die,
865 414 956 469 sed
987 415 1131 469 omni
1166 423 1407 484 tempore
1432 425 1552 470 orto
1580 414 1692 469 sole
1719 430 1934 486 semper
1960 417 2041 470 οἱ·
2068 420 2116 478 Α
2145 419 2413 491 Dispergit
2450 435 2577 490 ergo
2612 423 2866 493 populum
2898 425 2994 479 Dei
3044 432 3097 479 et
3142 425 3322 483 aufert
3370 430 3441 487 ab
3489 445 3556 486 eo
3608 449 3744 503 pos-

460 506 633 560 fcrtur
661 516 718 559 ut
746 504 1049 575 impleatur,
1082 506 1222 575 quod
1266 506 1319 559 in
1365 505 1469 561 ﬁne
1496 505 1717 576 capituli
1758 506 1916 577 hujus
1947 523 2042 578 po-

462 597 643 650 nitur:
682 596 841 653 faciet
871 611 1067 666 agnum
1098 596 1149 649 iu
1191 595 1517 650 sacriﬁcium
1560 603 1614 650 et
1661 593 1838 649 oieum
1883 610 2042 650 mane

458 701 620 742 mane
646 684 1021 743 holocaustum
1052 686 1457 757 sempiternum.

536 796 554 829 ι
585 775 713 832 Ηιεο
757 775 887 831 dicit
932 776 1191 830 Dominus
1238 777 1415 831 Deus:
1451 774 1507 831 Si
1545 775 1754 831 dederit
1788 776 2064 845 princeps-

464 887 483 920 ι
519 869 631 923 sive
657 868 763 921 dux
793 869 990 921 donum
1019 866 1179 921 alieni
1207 867 1272 921 de
1300 868 1423 922 ﬁliis
1451 867 1584 933 suis,
1609 868 1897 923 haereditas
1924 867 2041 936 ejus

464 978 482 1010 ι
519 960 749 1013 ﬁliorum
773 973 993 1011 suorum
1015 958 1141 1020 erit,
1166 957 1510 1027 possidebunt
1532 972 1651 1011 eam
1675 958 2037 1012 haereditarie.

463 1068 483 1100 ι
519 1048 614 1104 Sin
644 1058 824 1103 autem
857 1047 1065 1102 dederit
1103 1047 1338 1117 legatum
1372 1047 1439 1100 de
1476 1047 1793 1101 hzereditate
1821 1063 1916 1101 sua
1948 1048 2036 1101 uni

461 1158 481 1189 σ
515 1153 792 1194 servorum
822 1152 1074 1203 suorum,
1117 1138 1222 1192 erit
1254 1136 1397 1192 illius
1422 1151 1594 1207 usque
1624 1138 1691 1191 ad
1722 1153 1921 1191 annum
1955 1154 2039 1191 re-

461 1250 479 1281 ι
516 1230 789 1285 missionis
820 1249 839 1283 ι
895 1230 1035 1299 (pro
1083 1243 1191 1299 quo
1240 1226 1538 1283 Thcodotio
1592 1229 1766 1297 ipsum
1814 1228 2037 1282 verbum

453 1318 776 1376 llebraicum
798 1321 976 1391 posuit
991 1320 1191 1389 deror),
1212 1326 1295 1372 «et
1313 1327 1612 1372 revertetur
1630 1318 1695 1372 ad
1716 1318 2035 1388 principem.

459 1430 477 1463 ι
514 1411 812 1467 Hmreditas
832 1422 1013 1467 autem
1036 1410 1152 1480 ejus
1174 1410 1296 1465 ﬁliis
1310 1409 1424 1478 ejus
1448 1411 1571 1465 erit.
1597 1411 1664 1465 Et
1683 1426 1789 1465 non
1812 1412 2042 1482 accipiet

458 1522 477 1555 ι
509 1504 761 1574 princeps
788 1505 853 1559 de
881 1504 1200 1563 inmeditate
1215 1502 1391 1572 populi
1420 1517 1516 1571 per
1542 1503 1873 1567 violentiam,
1899 1513 1953 1558 et
1975 1506 2040 1559 de

456 1612 475 1643 ι
506 1592 845 1662 possessione
866 1606 1077 1656 eorum,
1100 1591 1196 1646 scd
1225 1592 1292 1645 de
1320 1593 1660 1661 possessione
1688 1607 1784 1648 sua
1814 1594 2041 1649 haeredi-

457 1704 475 1735 ι
511 1694 673 1741 tatem
699 1686 848 1741 dabit
874 1687 998 1741 ﬁliis
1025 1687 1156 1752 suis,
1190 1696 1249 1741 ut
1294 1701 1399 1741 non
1442 1688 1782 1758 dispergatur
1814 1689 2040 1760 populus

2144 513 2440 567 sessionem
2483 514 2605 570 ﬁdei
2643 518 3062 587 sempiternam,
3097 520 3187 589 qui
3220 520 3393 576 aliena
3424 525 3563 578 dona
3588 566 3605 588 ,
3652 527 3742 582 vel

2143 603 2316 667 bona,
2348 602 2431 657 vel
2461 606 2676 674 rapina,
2711 606 2795 659 vel
2821 606 3156 674 adulatione,
3190 610 3272 665 vel
3299 610 3613 674 blanditiis.
3650 618 3741 671 vel

2141 703 2409 764 przecepto
2438 694 2715 766 religionis
2744 696 2869 752 ﬁliis
2899 696 3266 770 fratribusque
3306 711 3361 755 ct
3404 708 3742 776 consangui-

2144 787 2259 841 neis
2285 786 2631 857 derelinquit.

2218 896 2236 928 ι
2271 877 2339 931 Ει
2371 879 2669 935 introduxit
2697 893 2782 934 me
2810 894 2906 949 per
2938 881 3261 952 ingressum,
3286 887 3377 955 qui
3406 895 3526 941 erat
3550 904 3619 942 ex
3652 889 3734 943 la-

2147 986 2165 1018 ι
2210 978 2321 1025 tere
2350 978 2520 1040 porta:
2554 971 2607 1023 in
2653 971 3030 1042 gazophylacia
3061 978 3353 1031 sanctuarii
3381 979 3449 1031 ad
3476 980 3735 1033 sacer-do.

2148 1082 2165 1113 ι
2210 1071 2309 1126 tes,
2364 1064 2455 1131 qui
2497 1063 2855 1132 respiciebant
2894 1064 2960 1118 ad
2991 1064 3330 1133 aquilonem,
3360 1078 3415 1123 et
3455 1085 3582 1125 ecce
3614 1082 3739 1125 erat

2147 1171 2164 1202 ι
2210 1152 2280 1206 ibi
2302 1152 2451 1207 locus
2477 1166 2709 1223 vergens
2724 1153 2790 1207 ad
2807 1153 3139 1208 occidentem
3156 1165 3209 1209 et
3230 1157 3361 1212 dixit
3379 1160 3444 1212 ad
3472 1176 3559 1213 me
3584 1180 3595 1213 :
3624 1161 3736 1215 lste

2147 1260 2165 1292 ‹
2212 1249 2295 1296 est
2323 1240 2473 1296 locus
2498 1241 2587 1295 ubi
2604 1251 2831 1310 coquent
2857 1243 3163 1298 sacerdotes
3184 1260 3280 1313 pro
3299 1247 3513 1309 delicto,
3533 1250 3625 1303 ubi
3648 1266 3733 1305 eo-

2146 1351 2165 1384 ι
2208 1342 2373 1405 quent
2391 1334 2713 1390 sacriﬁcium
2732 1344 2788 1389 ut
2805 1350 2909 1389 non
2930 1335 3159 1391 offerant
3180 1337 3231 1389 in
3248 1339 3445 1394 atrium
3460 1342 3731 1406 exterius,

2147 1444 2165 1475 ι
2204 1414 2260 1480 et
2283 1425 2650 1481 sanctiﬁcetur
2693 1424 2937 1495 populus.
2967 1425 3034 1480 Et
3062 1427 3247 1482 eduxit
3276 1444 3363 1483 me
3409 1430 3461 1483 in
3511 1430 3729 1487 atrium

2148 1534 2166 1565 ι
2210 1516 2450 1570 exterius
2499 1523 2556 1569 et
2587 1515 2948 1571 circumduxit
2976 1530 3062 1571 me
3099 1533 3197 1585 per
3232 1526 3466 1587 quatuor
3496 1521 3731 1590 angulos

2147 1623 2165 1655 ι
2209 1606 2356 1659 atrii.
2381 1606 2447 1660 Et
2475 1620 2601 1660 ecce
2629 1606 2880 1661 atriolum
2905 1614 3021 1661 erat
3054 1608 3106 1661 in
3136 1609 3330 1677 angulo
3358 1611 3503 1673 atrii,
3533 1612 3731 1665 atrinla

2149 1711 2167 1743 ι
2215 1694 2421 1764 singula
2447 1711 2544 1765 per
2574 1696 2795 1765 angulos
2825 1696 2965 1750 atrii.
3002 1696 3057 1750 in
3086 1706 3317 1766 quatuor
3357 1700 3574 1769 angulis
3600 1704 3729 1756 atrii

456 1799 474 1827 ι
510 1793 661 1833 meus
694 1779 1062 1848 unusquisque
1100 1795 1128 1833 a
1164 1778 1506 1848 possessione
1541 1795 1656 1834 sua.
1693 1799 1711 1829 ι
1768 1778 2039 1851 (Ηὶει-οη.)
2070 1768 2116 1827 Β
2150 1802 2167 1833 ι
2214 1784 2402 1839 atrioia
2445 1786 2702 1856 disposita
2741 1786 3094 1857 quadraginta
3135 1768 3451 1843 cubitorum
3481 1806 3581 1859 per
3613 1790 3732 1845 lon-

452 1870 568 1926 lluc
587 1875 956 1941 usque'sermo
978 1872 1043 1926 de
1063 1872 1326 1941 principe,
1346 1887 1484 1925 nunc
1507 1870 1573 1925 de
1598 1872 1901 1926 hmrcdibus
1921 1872 2039 1940 ejus

448 1972 715 2037 praecepta
750 1964 1075 2028 tribuuntur,
1107 1964 1216 2018 imo
1244 1964 1310 2018 dc
1338 1964 1514 2029 donis,
1538 1964 1850 2021 inmeditate
1874 1974 2037 2035 atque

450 2055 662 2124 legatis,
681 2054 875 2124 quibus
900 2054 1031 2108 dare
1051 2055 1332 2117 debeat,et
1355 2070 1585 2124 quorum
1611 2056 1679 2108 sit
1701 2055 1786 2110 vel
1811 2056 1877 2111 ad
1902 2065 2037 2110 tem-

447 2161 551 2217 pus
574 2145 655 2200 vel
680 2154 879 2201 aaterna
904 2146 1192 2217 possessio.
1222 2145 1302 2211 Si,
1332 2148 1523 2216 inquit,
1546 2148 1670 2202 ﬁliis
1692 2148 1806 2204 suis
1827 2150 2037 2205 dederit

450 2235 534 2291 vel
546 2237 742 2291 donum
754 2235 855 2300 ,vel
871 2237 1237 2292 litereditatcm
1249 2278 1261 2301 ,
1278 2238 1376 2308 ipsi
1392 2238 1741 2308 possidebunt
1753 2256 1892 2306 eam,
1909 2242 2034 2310 quia

448 2326 531 2381 eis
550 2326 909 2382 successionis
933 2327 1053 2397 jure
1075 2328 1323 2393 debetur,
1349 2338 1403 2383 et
1423 2329 1490 2385 de
1514 2330 1619 2384 alio
1645 2331 1712 2385 ad
1735 2331 1897 2385 alium
1927 2348 2034 2386 non

446 2424 627 2487 potest
655 2417 889 2472 transire
915 2418 1203 2487 possessio.
1244 2418 1337 2473 Sin
1366 2428 1547 2474 autem
1575 2397 1785 2477 dederit
1806 2423 1896 2476 uni
1921 2439 2035 2478 ser-

449 2520 641 2561 vorum
671 2523 893 2563 suorum
920 2508 1077 2579 legati
1109 2508 1350 2587 nomine,
1394 2511 1580 2566 tandiu
1631 2513 1855 2567 habebit
1906 2528 2033 2583 pos-

449 2599 773 2667 sessionem,
812 2599 1049 2670 quandiu
1078 2601 1161 2656 vel
1192 2603 1451 2670 septimus
1477 2618 1649 2657 annus
1676 2605 2031 2672 remissionis,

450 2687 543 2755 qui
574 2688 772 2742 dicitur
810 2690 973 2744 deror
1006 2690 1084 2744 vel
1118 2689 1392 2756 Jubilzeus,
1426 2692 1529 2747 hoc
1558 2702 1671 2756 est,
1702 2684 2034 2764 quinquage-

452 2779 621 2835 simus
650 2781 919 2847 adveniat,
948 2782 1162 2852 quando
1190 2785 1368 2838 omnis
1398 2787 1600 2855 emptio
1627 2796 1788 2857 atque
1815 2790 2033 2845 donatio

450 2869 741 2923 revertitur
769 2869 836 2923 ad
866 2871 1075 2939 priores
1105 2873 1381 2939 dominos,
1434 2875 1507 2929 ita
1549 2884 1607 2929 ut
1644 2892 1833 2934 servus
1876 2895 2031 2935 usum

452 2958 649 3012 habeat
681 2973 778 3027 pro
808 2948 1082 3029 tempere,
1137 2971 1191 3016 et
1240 2966 1624 3034 proprietatem
1673 2971 2033 3037 possessionis

450 3040 547 3100 ﬁlii
575 3048 850 3118 principis.
892 3049 1043 3116 Quod
1073 3060 1252 3106 autem
1282 3055 1560 3123 sequitur:
1598 3074 1615 3107 ι
1650 3057 1717 3111 Ει
1747 3074 1852 3114 non
1884 3061 2031 3116 acci—

2146 1894 2163 1925 ι
2206 1892 2351 1947 gum,
2375 1886 2430 1930 et
2456 1877 2671 1947 triginta
2694 1891 2789 1945 per
2810 1876 2996 1929 latum.
3026 1876 3284 1932 Mensura:
3307 1880 3469 1933 unius
3490 1889 3729 1948 quatuor

2146 1985 2164 2015 ι
2207 1976 2382 2029 erant,
2414 1975 2469 2021 et
2497 1966 2678 2036 paries
2716 1981 2813 2035 per
2859 1966 3144 2020 circuitum
3197 1970 3442 2023 ambiens
3491 1979 3727 2037 quatuor

2144 2077 2162 2108 ι
2209 2058 2417 2123 atriola,
2450 2064 2504 2111 et
2529 2056 2721 2110 culinae.
2767 2055 3044 2111 fabricate
3071 2065 3226 2111 crant
3265 2059 3451 2113 subter
3480 2061 3725 2129 porticus

2144 2168 2163 2199 ι
2202 2164 2298 2218 per
2322 2144 2533 2219 gyrum.
2563 2147 2631 2201 Et
2674 2146 2809 2200 dixit
2838 2147 2905 2200 ad
2936 2162 3023 2200 me
3050 2163 3063 2199 :
3089 2144 3214 2202 Haec
3248 2157 3331 2203 est
3360 2150 3551 2204 dooms
3582 2150 3721 2204 culi-

2143 2256 2160 2287 ι
2206 2253 2396 2291 narum
2428 2237 2482 2291 in
2510 2251 2616 2306 qua
2644 2245 2881 2305 coquunt
2910 2235 3144 2289 ministri
3172 2236 3364 2290 domus
3394 2237 3607 2291 Domini
3637 2238 3718 2292 vi-

2143 2344 2160 2375 ι
2202 2327 2395 2381 ctimas
2414 2325 2593 2397 populi
2622 2325 2737 2381 sive
2760 2325 3057 2379 victimam.
3086 2344 3103 2377 ι
3134 2325 3405 2397 (Ηὶετοη.)
3439 2326 3549 2381 Hoc
3572 2330 3717 2383 enim

2136 2417 2397 2472 Ilebraicc
2431 2416 2701 2488 signiﬁcat
2729 2416 2869 2471 Zeba
2893 2433 2910 2470 :
2934 2416 3017 2469 vir
3051 2415 3143 2484 qui
3185 2415 3453 2471 calamum
3500 2419 3721 2472 tenebat

2136 2522 2318 2570 manu,
2347 2514 2402 2561 et
2430 2505 2724 2560 funiculum
2754 2504 3091 2560 camentarii
3126 2519 3234 2573 quo
3269 2504 3557 2563 aediﬁcium
3606 2522 3719 2561 rne-

2136 2598 2349 2662 tiretur,
2384 2615 2402 2647 ι
2434 2596 2749 2661 introduxit,
2797 2594 2993 2663 inquit,
3020 2610 3105 2648 me
3134 2610 3232 2664 per
3266 2594 3591 2666 ingressum,
3624 2597 3715 2666 qui

2134 2698 2253 2743 erat
2280 2704 2347 2743 ex
2376 2687 2545 2742 latere
2574 2694 2764 2757 portae,
2787 2706 2804 2738 ι
2839 2684 2924 2740 vel
2969 2694 3089 2754 post
3128 2689 3337 2757 tergum
3384 2696 3585 2755 porte,
3618 2702 3716 2742 nec

2133 2779 2309 2848 posuit
2326 2774 2476 2846 cujus
2497 2786 2665 2847 porta:
2678 2774 2954 2831 orientalis
2981 2776 3231 2831 australis
3253 2776 3581 2831 autalterius
3599 2776 3713 2846 pla-

2134 2884 2232 2937 g'r,
2261 2869 2352 2922 sed
2377 2868 2594 2937 reliquit
2619 2868 2902 2931 incertum,
2925 2875 2985 2920 ut
3005 2866 3138 2920 irem
3164 2867 3230 2920 ad
3261 2866 3436 2921 locum
3464 2878 3713 2921 sanctua-

2135 2960 2222 3022 rii,
2253 2976 2271 3009 ι
2298 2966 2350 3013 et
2377 2958 2431 3011 in
2458 2956 2839 3028 gazophylacia
2869 2976 2889 3007 ι
2920 2958 3035 3011 sive
3073 2956 3315 3012 cubicula
3346 2958 3709 3021 sacerdotum,

2134 3063 2252 3116 qua:
2274 3048 2636 3117 respiciebant
2658 3047 2725 3100 ad
2742 3046 3046 3115 aquilonem
3069 3055 3122 3101 et
3144 3045 3208 3101 ad
3230 3062 3401 3113 mare,
3417 3047 3483 3102 ad
3500 3058 3703 3118 septen-

448 3139 563 3206 plet
596 3140 845 3210 princeps
875 3141 940 3195 de
970 3143 1282 3199 haereditate
1311 3120 1489 3215 populi
1520 3164 1618 3217 per
1645 3150 1975 3218 violentiam,
2008 3174 2025 3205 ι
2060 3120 2104 3182 C
2139 3138 2364 3192 trionem
2405 3124 2662 3191 'videlicet
2704 3145 2759 3191 et
2800 3136 2866 3190 ad
2907 3136 3260 3201 occidentem,
3294 3137 3435 3191 hanc
3482 3138 3710 3195 habente

450 3233 587 3297 sive,
610 3243 665 3287 ut
688 3232 1033 3304 Septuaginta
1055 3236 1462 3303 transtulerunt,
1487 3240 1855 3310 «utopprimat
1873 3259 2027 3309 δοες»

450 3322 555 3385 vel,
581 3331 641 3375 ut
666 3321 856 3391 Aquila
885 3330 938 3377 et
965 3322 1340 3393 Symmachus,
1376 3344 1394 3377 ι
1429 3336 1489 3380 ιιι
1512 3326 1713 3397 afﬂigat
1752 3345 1846 3385 eos
1870 3339 2033 3402 atque

449 3413 764 3477 contristet;
799 3432 816 3463 ι
876 3414 968 3467 sed
1018 3414 1083 3468 de
1128 3416 1471 3482 possessione
1517 3433 1611 3471 sua
1661 3420 2028 3476 haereditatem

449 3493 601 3557 dabit
630 3502 753 3557 ﬁliis
784 3503 897 3558 suis
923 3521 934 3555 :
976 3504 1225 3574 suggillat
1252 3520 1356 3559 non
1389 3506 1562 3561 solum
1597 3508 1743 3563 illius
1774 3512 2031 3581 temporis

449 3594 758 3649 sacerdotes
778 3635 792 3661 ,
840 3604 895 3648 et
924 3595 1230 3665 principes,
1276 3597 1371 3652 sed
1407 3608 1622 3653 nostros
1651 3615 1863 3670 quoque
1883 3642 1898 3669 ,
1938 3604 2028 3672 qui

449 3684 673 3739 ditiores
702 3684 838 3739 ﬁunt
865 3686 1149 3740 sacerdotii
1183 3687 1462 3757 dignitate,
1494 3698 1547 3743 et
1576 3698 1771 3758 praeter
1793 3707 1878 3759 ea,
1909 3707 2029 3762 quae

388 3806 393 3809 -
448 3774 552 3829 sibi
584 3774 796 3829 Domini
831 3776 1178 3845 dispositione
1207 3776 1491 3842 debentur,
1529 3780 1722 3834 tollunt
1759 3797 1788 3835 a
1829 3798 2029 3853 paupe-

444 3866 598 3920 ribus
627 3879 723 3935 per
751 3867 1079 3933 violentiam,
1110 3869 1193 3924 vel
1223 3872 1322 3925 sub
1348 3871 1569 3926 honoris
1597 3875 1813 3930 nomine
1836 3877 2028 3933 divites

447 3957 711 4026 spoliant,
747 3967 808 4011 ut
838 3959 968 4026 ipsis
997 3974 1210 4028 quoque
1253 3960 1376 4016 ﬁliis
1417 3962 1528 4016 suis
1568 3963 1762 4033 quibus
1801 3976 2025 4034 paterna

447 4047 674 4101 debetur
703 4048 1010 4112 luereditas,
1049 4049 1180 4102 nihil
1208 4050 1441 4104 debeant
1469 4051 1871 4121 derelinquere,
1921 4056 2025 4109 nisi

448 4138 589 4207 quod
632 4138 732 4192 sibi
780 4153 809 4191 a
855 4140 1173 4208 parentibus
1218 4139 1531 4195 derelictum
1584 4150 1687 4197 est.
1747 4142 1886 4212 Ergo
1933 4145 2022 4213 qui

447 4229 611 4284 ditior
652 4241 735 4284 est
783 4230 1071 4295 sacerdos,
1123 4244 1285 4298 quam
1317 4231 1462 4284 venit
1506 4234 1573 4285 ad
1620 4234 2020 4301 sacerdotium,

446 4321 707 4391 quidquid
744 4320 863 4390 plus
901 4320 1147 4374 habuerit
1174 4360 1189 4385 ,
1241 4336 1345 4375 non
1379 4320 1502 4375 ﬁliis
1533 4322 1694 4387 debet
1718 4324 1879 4388 dare,
1930 4327 2023 4380 sed

444 4412 792 4482 pauperibus,
830 4418 885 4465 et
914 4412 1114 4465 sanctis
1149 4411 1425 4475 fratribus,
1457 4420 1512 4466 ct
1539 4413 1847 4469 domesticis
1873 4415 2017 4476 ﬁdei,

445 4503 537 4571 qui
568 4504 786 4556 vincunt
816 4502 1009 4556 merita
1037 4502 1351 4567 liberorum,
1376 4510 1432 4555 ut
1462 4502 1651 4557 reddat
1676 4518 1740 4557 ea
1769 4520 1887 4573 quze
1914 4505 2020 4562 Do-

442 4594 578 4649 mini
612 4602 737 4649 sunt
769 4594 995 4647 Domino
1024 4609 1144 4657 suo,
1196 4593 1287 4661 qui
1336 4592 1575 4660 loquitur
1604 4593 1656 4647 in
1689 4594 1977 4666 Evangelio
2004 4614 2015 4650 :

449 4704 470 4737 ι
512 4684 781 4752 Quidquid
844 4684 935 4737 uni
996 4683 1265 4753 justorum
1305 4683 1563 4749 feceritis,
1623 4684 1753 4739 mihi
1818 4686 2022 4742 fecistis

444 4771 657 4846 (Matth.
688 4772 834 4842 xxv).
870 4791 888 4822 ι
941 4771 1059 4841 lpse
1094 4772 1239 4825 enim
1283 4772 1334 4825 in
1373 4773 1698 4841 pauperibus
1728 4776 2022 4846 suscipitur

442 4863 697 4933 hospitio,
727 4862 974 4917 visitatur
1005 4862 1057 4923 in
1089 4877 1339 4925 carcere,
1378 4862 1551 4917 nudus
1580 4864 1799 4933 tegitur,
1830 4867 2020 4923 sitiens

443 4955 601 5020 bibit,
656 4962 928 5008 saturatur
976 4952 1255 5015 esuriens,
1301 4960 1359 5004 ut
1397 4967 1502 5005 non
1550 4952 1887 5023 dispergatur
1915 4971 2014 5025 po-

440 5044 597 5115 pulus
632 5057 786 5097 meus
829 5057 856 5095 a
898 5041 1235 5110 possessione
1277 5057 1394 5095 sua.
1450 5039 1505 5095 Si
1551 5041 1697 5096 enim
1744 5043 2014 5099 licentiam

440 5133 691 5189 habuerit
733 5133 1002 5203 princeps,
1033 5129 1116 5184 vel
1148 5130 1412 5199 accipere,
1443 5130 1525 5185 vel
1552 5146 1760 5201 rapere,
1797 5133 1883 5188 vel
1917 5135 2017 5189 sub

439 5222 613 5293 ﬁgura
642 5220 861 5275 honoris
888 5228 1091 5283 tenere,
1123 5235 1243 5287 (ιιιειι
1273 5234 1376 5272 non
1407 5229 1531 5273 sunt
1561 5236 1658 5275 sua
1679 5261 1693 5285 ,
1742 5221 2017 5279 eLlibcris

439 5311 831 5379 derelinquere,
881 5308 1137 5378 p0pulus,
1190 5308 1281 5377 qui
1330 5310 1382 5361 in
1433 5312 1648 5365 nomine
1697 5311 1791 5365 Dei
1839 5311 2015 5366 fuerat

438 5406 815 5470 congregatus,
854 5398 1191 5467 dispergetur
1220 5397 1271 5451 in
1302 5407 1511 5467 partes,
1556 5409 1717 5471 atque
1748 5402 2012 5456 lacerabi-

436 5497 546 5554 tur,
580 5490 691 5545 sive
722 5488 877 5558 juxta
916 5489 1107 5558 lcgem,
1140 5504 1206 5544 ne
1235 5490 1492 5559 paulatim
1533 5493 1757 5548 alterius
1786 5495 2011 5550 htercdi-

440 5595 521 5637 tas
548 5589 789 5634 transeat
815 5580 879 5633 ad
913 5580 1094 5643 alium,
1122 5589 1176 5634 et
1203 5590 1389 5649 pereat
1416 5583 1681 5639 funiculus
1708 5586 2007 5649 divisionis,

441 5685 537 5739 per
565 5685 722 5743 quem
783 5670 920 5728 forte
957 5672 1025 5727 ad
1056 5688 1489 5743 unumquemque
1524 5676 1666 5730 venit
1698 5676 2005 5731 ha‘reditas.

2137 3229 2415 3299 Scriptura
2441 3234 2635 3283 ‘sancta
2678 3228 3139 3294 consuetudinem,
3170 3236 3227 3281 ut
3266 3244 3363 3297 pro
3404 3230 3511 3283 situ
3553 3240 3710 3287 teme

2133 3322 2327 3379 Judtete
2367 3338 2579 3394 semper
2604 3339 2754 3378 mare
2783 3324 3118 3379 occidentem
3150 3333 3319 3379 vocet.
3369 3324 3435 3377 Et
3457 3327 3705 3381 conside-

2134 3417 2357 3472 randum
2390 3416 2533 3486 quod
2572 3415 2720 3470 locus
2744 3415 3107 3480 sacerdotum,
3136 3414 3220 3467 ubi
3249 3430 3348 3484 pro
3377 3416 3575 3471 delicto
3598 3416 3707 3471 sive

2133 3506 2431 3576 ignorantia
2477 3513 2533 3558 et
2578 3518 2675 3572 pro
2719 3511 2941 3573 peccato
2989 3511 3294 3571 coquuntur
3336 3504 3600 3559 sacriﬁcia
3641 3520 3708 3559 ne

2130 3596 2297 3649 cruda
2330 3593 2629 3648 offerantur
2660 3593 2714 3647 in
2754 3592 2951 3669 atrium
2992 3594 3251 3659 exterius,
3284 3594 3351 3648 ad
3402 3597 3704 3665 aquilonem

2129 3696 2183 3741 et
2208 3688 2539 3741 occidentem
2569 3685 2775 3754 positus
2805 3685 2894 3748 sit,
2923 3686 3065 3740 unde
3106 3695 3299 3741 ventus
3327 3686 3705 3757 frigidissimus

2128 3775 2323 3839 oritur,
2350 3783 2405 3828 et
2417 3774 2509 3829 ubi
2526 3774 2847 3829 solislumen
2862 3774 3150 3829 occumbit.
3177 3776 3250 3829 Ex
3267 3792 3375 3845 quo
3404 3779 3705 3833 ostenditur

2128 3866 2385 3935 quidquid
2424 3865 2491 3919 ad
2529 3865 2763 3920 edulium
2795 3865 3051 3935 pertinet,
3087 3866 3169 3919 vel
3204 3880 3301 3934 pro
3330 3882 3519 3922 errore
3560 3884 3701 3935 esse,

2126 3956 2209 4010 vel
2233 3970 2329 4025 pro
2356 3964 2606 4025 peccato;
2633 3956 2715 4009 sin
2744 3964 2923 4010 autem
2950 3964 3004 4009 et
3028 3970 3126 4025 pro
3149 3954 3456 4025 ignorantia
3483 3956 3704 4012 offertur

2126 4045 2485 4109 sacriﬁcium,
2514 4053 2716 4114 quanto
2762 4045 2934 4115 magis
2976 4060 3073 4115 pro
3120 4045 3299 4100 delicti
3342 4049 3697 4103 conscientia!

2128 4137 2278 4191 Unde
2304 4145 2359 4191 et
2393 4134 2493 4190 Job
2531 4135 2792 4191 offerebat
2835 4152 2994 4189 mane
3040 4137 3276 4205 quotidie
3326 4138 3558 4193 hostiam
3604 4155 3701 4209 pro

2126 4228 2248 4282 ﬁliis
2288 4228 2418 4293 suis,
2452 4226 2650 4281 timens
2693 4242 2761 4281 ne
2803 4242 2898 4296 per
2950 4227 3304 4297 ignorantiam
3353 4228 3699 4299 deliquissent

2126 4318 2265 4386 (Job.
2296 4316 2357 4388 ι).
2400 4317 2553 4384 Quod
2582 4328 2763 4371 autem
2794 4316 3058 4386 sequitur,
3088 4334 3105 4365 ι
3154 4327 3212 4369 ιιι
3241 4332 3346 4370 non
3377 4318 3605 4373 offerant
3645 4322 3696 4375 in

2130 4406 2323 4459 atrium
2356 4405 2592 4460 exterius
2618 4414 2672 4459 et
2698 4404 3062 4459 sanetiﬁcetur
3088 4405 3343 4475 populus,
3375 4408 3466 4474 qui
3498 4411 3695 4463 sancti-

2125 4496 2360 4552 ﬁcationi
2394 4514 2497 4553 non
2529 4496 2705 4551 fuerat
2728 4507 3099 4568 pneparatus:
3134 4517 3151 4550 ι
3189 4498 3317 4553 illud
3338 4499 3610 4570 signiﬁcat
3631 4518 3695 4558 nc

2124 4588 2276 4644 facile
2314 4605 2419 4643 non
2446 4587 2796 4644 sanctiﬁcatis
2825 4596 3009 4644 saneta
3039 4587 3361 4654 tribuamus,
3387 4605 3489 4645 nec
3514 4592 3691 4646 mitta-

2123 4697 2242 4735 mus
2265 4681 2419 4751 juxta
2458 4680 2807 4750 Evangelium
2846 4680 3167 4750 margaritas
3197 4690 3321 4735 ante
3353 4698 3570 4751 porcos,
3597 4700 3691 4740 nec

2122 4772 2309 4826 demus
2335 4780 2577 4825 sanctum
2605 4771 2848 4826 canibus.
2886 4769 3124 4840 Denique
3153 4770 3359 4841 Moyses
3388 4772 3560 4828 tribus
3583 4775 3690 4829 die-

2124 4864 2223 4920 bus
2260 4865 2327 4919 ab
2375 4864 2518 4918 omni
2565 4863 2900 4917 immunditia
2946 4870 3001 4918 et
3044 4863 3111 4917 ab
3142 4878 3369 4917 uxorum
3414 4866 3686 4935 complexu

2122 4955 2235 5008 vult
2261 4955 2514 5024 populum
2544 4953 2870 5009 sanctiﬁcari
2898 4951 3092 5024 (Exod.
3121 4953 3261 5025 xtx),
3291 4964 3351 5008 ut
3376 4956 3599 5010 accedat
3623 4957 3685 5012 ad

2122 5055 2360 5100 montem
2392 5045 2541 5110 Sina,
2573 5053 2629 5100 et
2667 5045 3033 5099 sanctiﬁcatus
3066 5053 3250 5099 sancta
3286 5048 3564 5115 suscipiat.
3629 5046 3685 5103 Si

2121 5146 2299 5192 autem
2347 5136 2616 5192 accessuri
2644 5137 2712 5191 ad
2742 5136 3006 5191 audienda
3060 5144 3116 5190 et
3148 5137 3488 5205 suscipienda
3529 5139 3682 5193 verba

2118 5228 2211 5282 Dei
2256 5227 2578 5283 sanctiﬁcari
2622 5228 2881 5299 jubentur
2914 5226 2982 5280 ab
3014 5226 3680 5299 uxoribustmanifestum

2114 5326 2197 5371 est
2224 5317 2275 5370 in
2303 5318 2419 5387 lege
2447 5317 2574 5372 illud
2596 5316 2947 5388 apostolicum
2970 5316 3232 5372 contineri
3260 5335 3273 5370 :
3304 5335 3322 5367 ι
3353 5316 3528 5373 Nolite
3548 5319 3658 5375 fran

2120 5407 2249 5461 dare
2264 5407 2513 5472 invicem,
2528 5408 2631 5463 nisi
2660 5406 2799 5463 forte
2820 5422 2885 5461 ex
2905 5421 3167 5463 consensu
3188 5408 3255 5461 ad
3278 5416 3681 5477 tempus,utva-

2119 5497 2250 5551 eetis
2260 5498 2485 5552 orationi
2503 5496 2555 5569 (1
2569 5497 2690 5552 Cor.
2706 5497 2823 5569 vn),
2848 5517 2866 5548 ι
2888 5507 3019 5554 ctex
3037 5514 3299 5554 consensu
3314 5499 3679 5557 abstinendum

2120 5589 2185 5640 ab
2220 5587 2477 5641 uxoribus
2506 5596 2563 5641 ut
2585 5602 2833 5642 vacemus
2857 5589 3107 5643 orationi.
3140 5588 3266 5643 Post
3287 5590 3401 5644 haec
3430 5592 3677 5662 scriptum

2116 5684 2230 5729 est:
2266 5694 2281 5726 ι
2315 5676 2379 5730 Ει
2422 5677 2606 5732 eduxit
2646 5690 2732 5731 me
2761 5677 2815 5732 in
2845 5678 3041 5732 atrium
3069 5680 3328 5745 exterius,
3358 5691 3413 5736 et
3458 5683 3673 5738 circum-
