3924 6338
141 351 282 407 1049

1059 336 1415 396 COMMENT.
1456 337 1524 392 ΙΝ
1562 335 2013 393 EZECIIiELEM.
2055 368 2123 378 —
2162 332 2288 389 LIB.
2329 332 2466 387 XIX.

3242 334 3376 388 i030

138 468 297 524 duxit
320 479 403 519 me
432 477 527 534 per
555 472 784 532 quatuor
808 457 1031 528 angulos
1056 456 1198 510 atrii.
1230 456 1295 510 Et
1318 470 1442 510 ecce
1465 454 1713 507 atriolum
1744 465 1791 524 Α
1818 454 2065 506 victimas
2110 451 2285 521 populi
2314 448 2527 520 :pOpuli
2570 446 2784 519 quidem
2814 446 3063 508 victimae,
3093 459 3211 515 qua:
3250 446 3376 500 offc-

142 566 260 613 erat
285 559 336 610 in
361 554 551 624 angulo
570 550 913 617 atrii,atriola
936 548 1139 619 singula
1163 562 1258 615 per
1280 546 1498 616 anguIOs
1515 544 1664 608 atrii;
1690 563 1707 595 ι

143 669 199 704 ιιι
236 658 469 719 quatuor
497 644 702 699 atriolis
744 642 921 712 anguli
965 640 1155 693 atriola
1185 638 1462 706 disposita.
1509 636 1601 689 ille
1636 635 1717 687 vir

142 757 306 811 quem
338 754 477 808 s'rpe
502 742 902 795 commemorat,
936 731 1119 785 eduxit
1145 745 1267 782 eum
1298 730 1361 782 de
1392 728 1509 782 loco
1536 742 1717 780 sacer-

140 833 355 895 dotum,
402 831 491 899 qui
536 828 790 897 vergebat
830 825 896 878 ad
942 822 1265 892 aquilonem,
1304 822 1418 875 sive
1467 820 1555 889 qui
1603 829 1720 873 erat

141 930 452 992 separatus,
481 919 566 972 ubi
595 924 830 985 coquunt
858 914 1168 968 sacerdotes
1204 910 1301 979 prb
1331 909 1524 963 delicto
1548 917 1600 962 et
1623 924 1720 977 pro

144 1022 369 1083 peccato
410 1009 491 1063 vel
531 1008 852 1078 ignorantia.
896 1006 1092 1058 Eduxit
1118 1012 1293 1056 autem
1326 1003 1377 1055 in
1408 1003 1602 1055 atrium
1628 1016 1722 1053 ex-

145 1104 339 1158 terius.
365 1102 439 1155 Ex
460 1115 564 1169 quo
598 1098 941 1167 intelligimus
963 1096 1087 1149 illud
1108 1097 1303 1149 atrium
1332 1094 1397 1147 de
1419 1108 1525 1162 quo
1546 1108 1723 1163 egres—

142 1212 241 1251 Sus
270 1204 350 1249 est
377 1193 538 1246 fuisse
568 1191 816 1253 interius,
838 1198 893 1242 et
916 1188 1079 1242 multa
1102 1202 1219 1240 esse
1244 1186 1379 1239 atria
1404 1185 1456 1237 in
1484 1184 1723 1251 Scriptu-

145 1287 226 1340 ris
267 1283 469 1338 sanctis
496 1282 559 1334 de
588 1281 781 1348 quibus
816 1278 1041 1347 legimus
1069 1294 1080 1329 :
1113 1296 1129 1327 ε
1163 1276 1262 1341 Qui
1301 1274 1454 1328 statis
1483 1274 1537 1326 in
1568 1274 1724 1325 domo

142 1374 385 1435 Domini,
413 1373 463 1425 in
494 1371 645 1424 atriis
673 1370 861 1422 domus
892 1367 983 1420 Dei
1012 1367 1178 1419 nostri
1219 1363 1389 1434 (Paul.
1423 1359 1666 1430 cxxxvt).
1700 1379 1718 1411 ι

144 1465 217 1518 Et
250 1465 301 1517 in
328 1463 534 1515 Joanne
563 1479 575 1513 :
605 1480 622 1510 ι
656 1459 721 1512 Et
756 1459 890 1510 alias
933 1472 1059 1509 oves
1092 1457 1263 1508 habeo
1299 1470 1419 1523 qua:
1459 1468 1562 1507 non
1604 1459 1728 1505 sunt

144 1569 214 1607 ex
246 1553 350 1605 hoc
375 1550 534 1613 atrio,
561 1557 616 1603 et
649 1548 767 1600 illas
790 1552 1002 1615 oportet
1032 1560 1114 1597 me
1139 1544 1427 1604 adducere,
1459 1553 1515 1595 et
1544 1555 1725 1595 vocem

148 1657 325 1696 meam
376 1639 623 1701 audient,
656 1646 709 1691 et
736 1637 826 1689 ﬁet
858 1650 1022 1688 unum
1051 1634 1248 1686 atrium
1278 1641 1333 1685 et
1380 1646 1515 1685 unus
1544 1638 1729 1700 pastor

146 1729 335 1799 (Joan.
374 1729 449 1801 κ).
481 1750 497 1779 ι
531 1727 643 1782 Hoc
681 1731 822 1782 enim
870 1725 1056 1780 Graece
1098 1726 1223 1783 αὐλή
1274 1722 1560 1794 signiﬁcat,
1584 1721 1726 1792 quod

146 1819 343 1873 Latina
373 1817 687 1887 simplicitas
718 1817 769 1871 in
798 1816 926 1869 ovile
956 1815 1247 1868 transtulit.

220 1909 446 1977 Quando
483 1918 660 1962 autem
688 1907 821 1960 dixit
844 1923 908 1959 ex
950 1906 1053 1960 hoc
1082 1905 1239 1969 atrio,
1271 1903 1505 1959 ostendit
1534 1918 1652 1957 esse
1677 1910 1731 1955 et

149 1999 297 2053 aliud
341 1997 481 2067 quod
509 1997 593 2051 vel
635 1997 687 2049 in
734 1996 969 2066 gentium
1018 1995 1171 2048 turba
1221 1994 1288 2046 ad
1336 1992 1731 2047 distinctionem

146 2088 337 2151 Israel,
364 2087 445 2141 vel
488 2088 539 2140 in
568 2086 719 2140 cretis
747 2085 813 2137 ad
844 2084 1237 2153 separationem
1268 2083 1464 2137 terreni
1490 2082 1610 2135 atrii
1641 2082 1733 2151 de-

147 2188 503 2243 monstratur,
534 2187 590 2232 et
637 2193 733 2246 pro
777 2176 1035 2245 qualitate
1087 2175 1403 2231 meritorum
1444 2173 1732 2242 unicuique

147 2269 327 2325 ofﬁcio
357 2269 553 2321 atrium
582 2267 882 2337 delegatum
909 2280 923 2316 :
950 2279 1111 2334 super
1142 2280 1247 2332 quo
1274 2263 1325 2316 in
1368 2261 1732 2317 anterioribus

148 2358 362 2428 plenius
408 2357 731 2425 disputatum
778 2364 879 2409 est.
924 2353 1037 2409 Hoc
1066 2362 1244 2407 autem
1290 2351 1487 2407 atrium
1519 2350 1584 2405 de
1625 2364 1733 2419 quo

148 2464 300 2503 nunc
328 2462 506 2502 sermo
534 2454 641 2509 est,
672 2461 768 2515 per
794 2445 1031 2515 singulos
1060 2442 1281 2515 angulos
1309 2449 1542 2511 quatuor
1563 2440 1730 2494 habe-

148 2538 246 2592 bat
272 2534 483 2600 atriola,
512 2550 631 2604 qua:
663 2534 1015 2603 Septuaginta
1065 2532 1271 2586 minora
1303 2538 1519 2594 vocant,
1551 2536 1605 2581 et
1635 2542 1734 2581 nos

150 2642 251 2695 pro
294 2624 549 2680 facilitate
581 2640 771 2679 sensus
805 2625 1213 2699 ὑποκοριστικῶς
1258 2620 1445 2676 atriola
1479 2620 1730 2675 diximus.

152 2714 517 2785 Quadraginta
560 2713 861 2768 cubitorum
907 2719 1023 2765 erat
1052 2726 1147 2780 per
1187 2711 1403 2781 longum
1432 2720 1485 2763 et
1514 2709 1733 2779 triginta

152 2820 252 2874 per
292 2803 481 2867 latum,
504 2804 567 2857 de
588 2803 782 2871 quibus
809 2801 1044 2856 numeris
1067 2802 1117 2854 in
1141 2801 1242 2854 hoc
1268 2801 1453 2854 eodem
1476 2799 1732 2869 propheta

155 2892 463 2960 disputasse
486 2905 570 2945 me
596 2888 838 2954 memini,
863 2890 1004 2958 quod
1026 2889 1167 2943 aliud
1195 2890 1261 2942 ad
1284 2888 1657 2942 tribulationes
1679 2896 1733 2941 et

154 2980 458 3049 angustias,
478 2979 617 3032 aliud
638 2979 703 3032 ad
725 2977 1017 3048 perfectam
1041 2978 1304 3031 referatur
1323 2985 1554 3030 :etatem.
1582 2976 1732 3031 Unde

154 3068 514 3137 quadraginta
535 3069 721 3122 diebus
750 3068 958 3138 Moyses
978 3076 1032 3121 et
1054 3068 1197 3122 Elias
1219 3078 1272 3121 et
1297 3068 1552 3122 Dominus
1573 3078 1734 3136 atque

1818 552 2009 597 runtur
2036 557 2134 611 pro
2170 541 2363 596 delicto
2395 541 2506 594 sive
2544 548 2762 609 peccato
2797 548 2850 593 et
2892 538 3187 609 ignorantia
3208 577 3222 601 ,
3255 544 3379 591 sunt

1817 630 2064 684 alimenta
2113 639 2168 683 et
2214 629 2491 699 refrigeria
2540 628 2897 690 sacerdotum,
2937 636 2992 679 ut
3039 625 3381 680 meminerint

1816 722 1950 777 nihil
1978 740 2035 778 se
2070 722 2212 775 aliud
2244 722 2437 776 debere
2464 728 2732 790 appetere,
2760 734 2880 773 cum
2910 720 3069 772 etiam
3097 719 3149 772 in
3181 716 3377 787 templo

1818 827 2009 865 carnes
2039 812 2104 865 ad
2132 826 2314 865 eorum
2347 808 2624 877 refrigeria
2652 817 2965 878 praeparata:
2993 809 3116 862 sint.
3152 807 3377 879 (Matini

1818 902 2037 973 Legitur
2077 902 2337 970 siquidem
2371 902 2421 954 in
2451 900 2690 954 Levitico
2736 898 2823 953 ubi
2857 900 3295 953 commemoratio
3320 900 3381 953 ﬁt

1819 991 2239 1045 consecrationis
2265 980 2442 1042 Aaron
2470 997 2523 1043 et
2556 990 2784 1043 ﬁliorum
2811 986 2926 1057 ejus
2949 990 3002 1042 iu
3027 988 3379 1043 sacerdotium

1820 1080 1885 1133 de
1908 1079 2151 1132 coctione
2173 1077 2412 1130 carnium
2444 1086 2876 1130 consecratarum
2902 1076 2966 1129 ad
2997 1091 3149 1130 usum
3174 1092 3387 1130 corum-

1822 1170 1941 1223 dcm
1972 1166 2330 1229 sacerdotum,
2361 1166 2431 1218 ita
2478 1166 2794 1235 pr:ccepisse
2840 1164 3055 1236 Moysen
3099 1174 3258 1233 atque
3302 1165 3383 1219 di-

1823 1260 1963 1313 xisse
1990 1272 2004 1311 :
2035 1277 2052 1308 (
2082 1256 2307 1325 Coquite
2338 1271 2531 1310 carnes
2555 1263 2677 1310 ante
2701 1256 2844 1310 fores
2874 1256 3204 1311 tabernaculi
3232 1264 3284 1309 et
3314 1255 3385 1309 ibi

1822 1349 2085 1405 comeditc
2111 1364 2220 1410 cas,
2240 1362 2405 1418 panes
2430 1362 2641 1417 quoque
2664 1348 3081 1401 consecrationis
3111 1348 3266 1407 edite,
3298 1346 3387 1415 qui

1822 1441 1982 1507 positi
2014 1447 2139 1493 sunt
2165 1440 2218 1493 iu
2249 1440 2502 1503 canistro,
2535 1439 2676 1493 sicut
2704 1438 2962 1509 prtecepit
2982 1438 3111 1492 mihi
3134 1438 3393 1493 Dominus

1824 1532 2008 1587 dicens
2034 1550 2046 1584 :
2071 1533 2250 1586 Aaron
2286 1541 2339 1584 et
2377 1531 2468 1584 ﬁlii
2518 1529 2634 1597 ejus
2675 1531 2954 1584 comedent
2979 1544 3091 1583 eas.
3126 1528 3393 1598 Quidquid

1825 1633 1995 1675 autem
2024 1622 2288 1689 reliquum
2325 1621 2485 1675 fuerit
2520 1622 2585 1674 de
2614 1635 2775 1675 carne
2800 1630 2854 1674 et
2878 1621 2942 1673 de
2962 1618 3227 1689 panibus,
3257 1620 3396 1689 Ignis

1826 1720 2123 1783 consumet.
2151 1710 2225 1764 De
2253 1710 2391 1765 ostio
2430 1724 2641 1777 quoque
2669 1710 2995 1764 tabernaculi
3028 1725 3131 1763 non
3178 1710 3394 1793 exibitis

1758 1822 1804 1879 Β
1832 1806 2034 1867 septem
2063 1797 2249 1852 diebus
2287 1812 2455 1866 usque
2480 1798 2546 1851 ad
2578 1798 2719 1851 diem
2747 1814 2853 1867 quo
2884 1798 3235 1867 complebitur
3262 1810 3397 1853 tem-

1829 1906 1930 1959 pus
1963 1890 2380 1945 consecrationis
2408 1899 2599 1945 vestra:
2630 1908 2642 1944 :
2668 1898 2869 1960 septem
2898 1890 3039 1945 enim
3062 1890 3248 1946 diebus
3275 1891 3396 1945 ﬁni-

1830 1989 1917 2035 tur
1947 1982 2280 2036 consecratio
2307 1981 2488 2053 (Leuit.
2523 1981 2663 2053 vm).
2699 1982 2882 2053 (Isid.)
2933 1982 3084 2050 Quod
3123 1984 3285 2037 etiam
3330 1982 3397 2037 ad

1830 2072 2129 2140 hujusmodi
2160 2073 2459 2127 culinarum
2497 2073 2945 2144 signiﬁcationem
2973 2089 3077 2128 non
3110 2075 3399 2145 incongrue

1828 2164 2079 2233 pertinet.
2126 2163 2399 2233 Praecipua
2445 2179 2659 2233 quoque
2688 2180 2829 2218 nunc
2867 2165 3139 2234 legislator
3167 2165 3401 2233 providit

1831 2267 1893 2305 ac
1921 2250 2178 2305 discrevit
2208 2252 2457 2321 mysteria
2491 2260 2546 2305 et
2571 2251 2865 2321 figuraliter
2894 2268 2989 2322 per
3018 2268 3080 2306 ea
3110 2267 3228 2322 qua
3258 2268 3401 2307 nunc

1830 2340 2223 2411 contemplatus
2248 2350 2329 2395 est
2356 2342 2593 2406 tradidit,
2623 2344 2763 2398 intra
2808 2343 3100 2398 Ecclesium
3132 2358 3249 2397 eam
3280 2360 3398 2413 per-

1832 2431 1942 2496 ﬁci,
1974 2441 2027 2486 et
2074 2432 2378 2486 nullatenus
2425 2432 2770 2501 profanorum
2823 2433 3023 2487 visibus
3070 2442 3122 2487 et
3162 2436 3398 2495 \aurihus

1832 2521 2109 2592 publicari,
2155 2537 2254 2577 nec
2303 2524 2522 2578 cuilibet
2574 2524 2769 2578 volenti
2822 2526 3136 2595 protauanii
3178 2542 3242 2580 ea
3282 2541 3401 2580 esse

1833 2613 2161 2668 facultatem.
2209 2613 2360 2670 Unde
2390 2615 2514 2683 quia
2547 2618 2950 2671 tabernaculum
2994 2618 3280 2673 testimonii
3306 2614 3398 2673 Dei

1834 2705 2027 2760 coelum
2063 2721 2202 2769 esse,
2234 2707 2427 2760 atrium
2468 2715 2644 2761 autem
2676 2708 3000 2762 tabernaculi
3039 2708 3195 2776 hujus
3224 2709 3402 2763 eccle—
3430 2724 3435 2729 '

1833 2798 1987 2862 siam,
2020 2800 2143 2867 quia
2195 2798 2307 2869 ipsa
2350 2810 2431 2853 est
2476 2807 2600 2853 ante
2629 2798 2749 2854 coeli
2798 2800 3073 2854 introitum
3119 2801 3399 2863 collocata.

1833 2888 1943 2957 ipsa
1966 2887 2260 2943 Jerusalem
2303 2889 2497 2958 quippe
2540 2888 2774 2943 caelestis
2798 2898 2942 2943 tenet
2962 2890 3243 2961 imaginem
3267 2892 3405 2945 sicut

1833 2980 1958 3033 olim
1985 2981 2349 3050 praediximus.
2399 2980 2456 3053 lu
2487 2997 2549 3035 ea
2577 2996 2767 3055 carnes
2804 2981 3053 3037 sacrificii
3082 2983 3235 3051 coqui
3270 2998 3405 3050 prm-

1785 3104 1789 3108 ι
1834 3072 1993 3139 cepit.
2023 3072 2111 3125 Ait
2134 3072 2275 3125 enim
2300 3086 2314 3124 :
2341 3089 2359 3121 ι
2388 3071 2651 3141 Praecepit
2679 3072 2758 3127 eis
2789 3072 2971 3131 dicens
2997 3090 3009 3125 :
3034 3072 3258 3142 Coquite
3285 3088 3403 3127 car-

156 3156 406 3213 Salvator
456 3159 509 3212 in
555 3174 735 3212 eremo
775 3159 1104 3229 jejunarunt.
1170 3159 1237 3212 Et
1281 3158 1348 3212 ad
1400 3159 1732 3236 sacerdotale
1761 3164 1803 3225 C
1836 3176 1932 3214 nes
1982 3172 2105 3221 ante
2156 3160 2297 3217 fores
2342 3163 2782 3229 tabernaculi,et
2827 3164 2899 3218 ibi
2942 3166 3203 3219 comeditc
3237 3180 3347 3219 eas.
3378 3186 3396 3218 ι

153 3248 387 3306 cilicium
424 3265 527 3303 non
580 3258 700 3321 post
738 3250 1048 3304 vicesimum
1109 3251 1354 3319 quintum
1406 3252 1582 3304 aetatis
1636 3266 1731 3302 au-

154 3356 311 3401 num,
345 3342 437 3395 sed
472 3350 590 3411 post
622 3342 947 3395 tricesimum
974 3340 1256 3395 accedunt.
1284 3341 1643 3407 Quamobrem
1673 3350 1730 3395 et

155 3432 416 3487 Dominus
446 3432 661 3502 triginta
699 3448 960 3487 annorum
991 3446 1108 3487 erat
1134 3449 1253 3486 cum
1286 3435 1431 3487 venit
1457 3434 1522 3488 ad
1553 3435 1730 3503 baptii-

155 3537 356 3576 smum.
390 3523 455 3575 Et
480 3523 532 3576 in
563 3524 663 3577 hoc
692 3525 880 3578 eodem
927 3524 1182 3592 propheta
1230 3524 1533 3581 tricesimus
1558 3539 1731 3578 anuus

154 3613 375 3681 ponitur
422 3612 473 3665 in
509 3611 749 3667 exordio.
800 3613 899 3668 Ubi
946 3613 1108 3683 igitur
1134 3614 1359 3693 cibi,.ibi
1391 3623 1445 3669 et
1486 3615 1730 3685 angustia

154 3709 318 3770 atque
349 3704 572 3757 teutatio
599 3720 694 3773 per
720 3720 839 3772 qua:
880 3714 1138 3773 parantur
1166 3705 1269 3759 cibi
1316 3724 1328 3759 :
1378 3714 1425 3759 et
1467 3706 1554 3759 ubi
1612 3722 1735 3776 per-

155 3789 281 3844 fecti
301 3792 401 3844 viri
429 3794 731 3846 venerimus
745 3792 810 3845 ad
834 3800 1063 3854 aetatem,
1084 3792 1151 3846 ibi
1183 3793 1438 3847 calcanda
1463 3804 1587 3847 sunt
1618 3809 1735 3848 om-

156 3881 249 3934 nia
286 3889 340 3933 et
368 3880 647 3933 dicendum
678 3899 690 3933 :
721 3900 737 3931 ι
770 3881 1037 3935 Habentes
1066 3884 1266 3935 victum
1296 3891 1350 3937 et
1375 3885 1624 3937 vestitum
1652 3884 1735 3940 his

155 3972 393 4025 contenti
439 3987 623 4025 sumus
664 3971 715 4042 (Ι
747 3972 877 4025 Tim.
910 3972 1021 4041 vt);
1054 3992 1072 4023 ›
1100 3982 1195 4026 et:
1227 3992 1243 4022 ‹
1282 3972 1339 4027 Si
1365 3973 1571 4027 dederit
1600 3976 1731 4029 mihi

155 4061 418 4115 Dominus
462 4062 636 4114 cibum
686 4062 751 4114 ad
784 4063 1129 4124 vesCendum,
1161 4071 1215 4116 et
1257 4071 1460 4116 vestem
1509 4062 1574 4116 ad
1602 4080 1734 4133 ope-

156 4148 401 4202 riendum
437 4148 585 4219 (Gen.
621 4148 831 4218 xxvnl),
858 4170 875 4199 ι
904 4150 985 4203 vel
1014 4159 1159 4203 certe
1201 4150 1360 4205 illud:
1392 4170 1409 4199 ε
1442 4151 1576 4205 Esca
1605 4168 1733 4205 ven-

158 4243 250 4304 tri,
280 4250 334 4296 et
370 4252 556 4295 venter
597 4242 756 4306 escis,
787 4242 926 4295 Deus
969 4252 1143 4295 autem
1172 4251 1225 4295 et
1251 4243 1391 4295 hunc
1421 4250 1474 4295 et
1502 4243 1618 4296 illas
1646 4244 1738 4296 de-

158 4343 333 4389 struet
360 4333 409 4404 (I
441 4333 561 4387 Cor.
591 4332 686 4403 vi).
720 4354 737 4384 ι
774 4331 955 4402 Neque
984 4334 1035 4387 in
1066 4333 1245 4387 futuro
1294 4334 1736 4388 manducabimus

156 4433 215 4480 et
248 4424 511 4490 bibemus,
539 4426 633 4479 sed
661 4425 749 4480 illo
776 4439 1058 4479 vescemur
1083 4439 1219 4492 pane
1246 4425 1337 4493 qui
1375 4423 1441 4478 de
1471 4424 1609 4478 coelo
1637 4425 1733 4479 de-

1832 3250 2109 3316 Quomodo
2137 3266 2263 3320 ergo
2312 3252 2362 3304 in
2402 3252 2487 3306 bis
2531 3268 2636 3307 non
2684 3253 2993 3307 admiranda
3030 3254 3099 3308 sit
3142 3254 3401 3324 sapientia

1832 3340 2085 3409 Spiritus?
2114 3339 2318 3393 Nullam
2359 3342 2553 3410 quippe
2602 3342 2924 3397 dubietatem
2972 3342 3271 3410 bnjusmodi
3325 3344 3404 3398 iu-

1834 3428 2065 3484 telleetui
2112 3430 2412 3500 dereliquit.
2457 3432 2745 3500 Propterea
2788 3449 2979 3487 carnes
3016 3450 3137 3489 cum
3178 3436 3404 3503 panibus

1833 3521 2040 3575 comedi
2066 3522 2398 3590 principicus,
2422 3530 2482 3574 ut
2511 3537 2609 3576 nos
2651 3522 3065 3592 intelligeremus
3096 3524 3222 3579 illud
3248 3526 3316 3579 ab
3339 3540 3404 3579 eo

1833 3610 2145 3679 mysterium
2194 3611 2318 3671 dici,
2348 3611 2489 3678 quod
2534 3610 2689 3664 simul
2722 3613 2875 3680 panis
2905 3620 2960 3665 ct
3001 3630 3130 3668 caro
3159 3624 3240 3668 est
3266 3615 3405 3673 sicut

1833 3714 2027 3767 corpus
2059 3698 2279 3761 Christi,
2308 3718 2326 3749 ι
2356 3700 2511 3768 panis
2559 3700 2852 3772 vivus,qu
2885 3703 2951 3756 de
2997 3703 3147 3757 cmlo‘
3183 3704 3403 3760 descen-

1835 3788 1931 3842 dit.
1955 3808 1973 3840 )
2012 3788 2077 3841 Et
2108 3789 2210 3843 hoc
2233 3790 2353 3844 ideo
2383 3797 2438 3843 ut
2468 3790 2576 3845 illic
2604 3790 2844 3845 absolute
2875 3794 3097 3863 mystica
3128 3809 3283 3849 canta
3314 3797 3404 3854 de-

1835 3881 1986 3934 beret
2016 3880 2296 3934 celebrari.

1903 3970 2083 4024 Aaron
2130 3978 2309 4025 autem
2341 3979 2396 4025 et
2436 3970 2530 4024 ﬁlii
2577 3971 2693 4040 ejus
2735 3971 2860 4027 illud
2912 3981 3055 4027 recte
3097 3975 3397 4028 comedent.

1835 4060 1946 4115 Nisi
1976 4059 2119 4113 enim
2151 4058 2398 4114 Christus
2433 4069 2650 4130 rogatus
2686 4077 2779 4115 ore
2814 4064 3148 4117 sacerdotum
3182 4064 3294 4131 ipse
3318 4081 3405 4120 ve-

1836 4152 1998 4216 nerit,
2019 4159 2074 4206 et
2095 4166 2304 4205 cmnam
2332 4152 2748 4207 sanctiﬁcaverit
2773 4162 2826 4207 et
2853 4154 3164 4218 mitiavcrit,
3194 4171 3256 4209 ea
3287 4172 3406 4227 quae

1835 4250 2066 4310 aguntur
2112 4240 2416 4295 nullatenus
2477 4242 2801 4295 sacriﬁcium
2864 4243 3200 4298 Dominicum
3251 4245 3401 4300 ﬁunt.

1837 4330 1942 4384 Sed
1981 4331 2082 4384 hoc
2114 4330 2257 4398 quod
2307 4331 2571 4401 reliquum
2612 4342 2694 4387 cst
2731 4333 2794 4387 de
2823 4333 3074 4389 earnibus
3101 4344 3152 4389 et
3178 4337 3405 4406 panibus

1838 4421 1890 4474 in
1928 4421 2285 4490 igneinceudi
2313 4422 2565 4491 przecepit
2590 4440 2601 4475 :
2630 4424 2769 4492 quod
2801 4440 2943 4479 nunc
2971 4426 3215 4480 videmus
3241 4429 3405 4481 etiam

158 4516 367 4571 scendit
415 4514 606 4585 (Joan.
640 4516 749 4584 vi).
806 4516 877 4569 De
919 4529 1025 4583 quo
1070 4515 1137 4567 in
1173 4513 1435 4568 Psalterio
1482 4514 1730 4569 canitur:
1765 4515 1813 4573 D
1838 4510 2163 4564 seusibiliter
2188 4511 2241 4564 in
2276 4511 2513 4566 Ecclesia
2543 4512 2681 4578 ﬁeri,
2719 4514 2934 4584 ignique
2970 4516 3103 4569 tradi
3151 4532 3406 4584 quaecun-

165 4625 183 4657 ι
211 4606 409 4659 Panem
433 4605 739 4676 angelorum
769 4604 1109 4659 manducavit
1130 4606 1288 4659 homo
1310 4603 1423 4676 (Ps.
1448 4606 1683 4674 Lxxvn);
1712 4625 1729 4657 ι

161 4703 215 4749 et
241 4714 253 4747 :
283 4713 301 4745 ι
337 4695 486 4750 Meus
514 4697 663 4749 cibus
689 4703 771 4749 est
794 4736 809 4760 ,
838 4705 896 4749 ut
925 4694 1119 4749 faciam
1148 4696 1475 4750 voluntatem
1503 4698 1618 4766 ejus
1642 4698 1733 4765 qui

162 4802 248 4839 me
294 4787 442 4840 misit
482 4786 659 4856 (Joan.
705 4786 798 4856 Iv).
834 4806 851 4836 ι
903 4786 1054 4853 Quod
1108 4796 1286 4840 autem
1341 4801 1589 4841 mensura
1628 4803 1733 4841 una

164 4873 477 4927 atriolorum
508 4883 625 4927 erat
666 4883 913 4944 quatuor,
946 4890 1063 4943 quae
1109 4875 1231 4928 atrii
1263 4875 1482 4945 majoris
1512 4876 1734 4945 angulos

162 4964 498 5033 possidebat,
528 4976 755 5033 quatuor
804 4967 987 5019 mundi
1037 4968 1303 5035 signiﬁcat
1346 4960 1561 5037 plagas,
1592 4968 1732 5036 quod

164 5053 217 5105 in
243 5054 440 5108 sudore
463 5054 638 5109 vultus
662 5056 829 5111 nostri
854 5057 1197 5110 comedamus
1227 5072 1421 5126 panem
1452 5055 1602 5129 (Gen.
1629 5057 1731 5127 tu),

162 5149 215 5195 et
242 5143 420 5197 omnis
449 5143 600 5198 labor
624 5146 794 5199 ventri
818 5147 1151 5215 stercorique
1175 5146 1438 5215 proﬁciat,
1456 5164 1574 5217 qua:
1602 5164 1733 5219 qua-

162 5235 286 5282 tuor
313 5228 507 5282 atriola
534 5230 612 5284 vel
639 5247 777 5286 unus
804 5231 979 5301 paries
1009 5232 1299 5286 ambiebat.
1333 5232 1398 5286 Et
1426 5235 1616 5288 culina!
1654 5233 1734 5287 fa-

162 5318 383 5374 bricata:
429 5330 585 5374 erant
626 5322 810 5376 subter
848 5322 1089 5393 porticus
1128 5338 1225 5392 per
1251 5340 1470 5394 gyrum,
1501 5326 1583 5379 vel
1610 5340 1735 5394 pro-

162 5406 360 5476 pinqua
390 5408 660 5463 habebant
687 5412 952 5474 accubitu,
983 5421 1041 5466 ut
1069 5414 1158 5466 ubi
1184 5414 1311 5478 cibi,
1349 5414 1419 5467 ibi
1449 5422 1501 5467 et
1526 5430 1731 5470 mensa-

161 5511 279 5551 rum
328 5500 663 5569 prteparatio.
708 5502 775 5555 Et
802 5518 869 5556 ne
907 5501 1127 5557 forsitan
1154 5504 1425 5574 ignoraret
1469 5504 1733 5575 Propheta

164 5584 290 5655 quid
327 5596 535 5653 essent,
577 5606 696 5659 quae
734 5600 999 5658 cerneret,
1027 5593 1165 5648 dixit
1206 5595 1274 5649 ad
1315 5610 1436 5649 eum
1465 5612 1477 5647 :
1502 5593 1627 5649 Haec
1651 5606 1735 5651 est

166 5676 350 5730 domus
379 5676 677 5733 culinarum
715 5680 769 5734 in
819 5696 923 5749 qua
968 5690 1198 5751 coquent
1240 5682 1472 5738 ministri
1520 5682 1730 5740 Domini

1840 4614 1943 4669 que
1972 4615 2252 4655 remanere
2280 4601 2564 4670 contigerit
2597 4603 2992 4673 inconsumpta.
3041 4606 3178 4675 Ergo
3209 4623 3273 4661 ex
3302 4608 3406 4664 hoc

1840 4691 1980 4760 quod
2016 4692 2195 4762 agitur
2218 4692 2565 4758 sensibiliter,
2596 4696 2915 4764 signiﬁcatio
2948 4697 3223 4766 cujusdam
3253 4700 3408 4755 intel-

1838 4780 2055 4851 iigibiiis
2105 4782 2180 4835 rei
2226 4783 2304 4837 eis
2352 4784 2441 4851 qui
2482 4784 2763 4838 intendunt
2790 4788 3066 4855 provenit,
3107 4797 3165 4841 ut
3193 4791 3407 4859 quando

1840 4871 1909 4925 ad
1962 4873 2344 4927 comestionem
2389 4873 2645 4927 sacriﬁcii
2689 4874 2995 4942 deﬁcimus,
3027 4884 3081 4930 et
3125 4880 3408 4937 comedere

1837 4960 1969 5015 illud
1996 4961 2202 5032 integra
2231 4978 2335 5017 non
2358 4978 2664 5032 possumus,
2683 4975 2861 5021 mente
2881 4966 3057 5021 forsan
3084 4968 3406 5026 lassescente

1838 5052 1950 5106 sive
1978 5052 2282 5117 deﬁciente,
2307 5063 2485 5109 utrum
2520 5071 2585 5110 ea
2612 5072 2731 5126 qua:
2753 5056 3003 5113 videntur
3032 5074 3227 5129 corpus
3252 5076 3406 5131 opor-

1838 5150 1949 5197 teat
1972 5143 2194 5214 intelligi
2237 5144 2469 5211 Domini,
2504 5149 2556 5201 in
2583 5149 2725 5216 quod
2752 5149 2923 5204 oculis
2952 5166 3053 5205 nec
3078 5152 3251 5221 angeli
3280 5168 3404 5222 pos-

1839 5242 1965 5287 sunt
2012 5235 2340 5303 prospicere,
2372 5252 2479 5291 non
2524 5238 2775 5307 relinqui,
2807 5241 2899 5294 sed
2948 5242 3110 5295 etiam
3158 5243 3298 5298 tradi
3341 5258 3405 5299 ea

1839 5321 1949 5393 igni
1975 5333 2187 5393 oportet
2215 5326 2458 5393 spiritus,
2488 5334 2544 5380 ut
2571 5343 2634 5382 ea
2660 5332 2906 5384 comedat
2930 5346 3051 5400 quae
3098 5334 3255 5394 nobis
3276 5342 3403 5389 sunt

1838 5427 1904 5468 ex
1947 5414 2259 5469 inﬁrmitate
2291 5416 2553 5471 inesibilia
2578 5435 2591 5471 :
2616 5420 2881 5487 quomodo
2930 5430 3108 5476 autem
3135 5422 3401 5487 comedat,

1838 5517 1960 5557 cum
1985 5504 2419 5573 cogitaverimus,
2446 5506 2633 5561 virtuti
2677 5508 2899 5575 spiritus
2940 5525 3061 5566 esse
3104 5510 3397 5582 possibilia,

1838 5607 1901 5647 ea
1926 5608 2044 5662 quae
2068 5593 2225 5649 nobis
2251 5594 2597 5664 impossibilia
2626 5596 2892 5653 videntur.
