3924 6362
464 380 594 438 I05!

1028 496 1256 556 CAPUT
1292 500 1497 560 XLVII.

467 600 539 657 De
556 604 707 690 aquis
720 606 1041 690 multisque:
1054 610 1341 690 procedunt
1363 613 1659 690 detempfo,
1674 618 1737 672 de
1769 618 1941 690 gratia
1967 621 2059 675 ba-

526 675 794 753 ptismi,de
809 675 1062 753 divisione
1074 687 1411 753 terraeque":
1426 675 1755 742 hwréditorie
1769 675 1967 753 accepit
1979 691 2058 745 Is-

531 743 671 797 rael:
692 744 756 799 de
768 755 918 817 porta
943 746 1185 817 civitatis,
1202 743 1353 822 cujus
1368 770 1555 810 nomen
1578 766 1653 811 est
1675 743 2053 816 damnandis.

533 892 552 926 ‹
591 874 656 929 Et
676 878 945 933 convertit
969 894 1056 935 me
1086 881 1155 936 ad
1180 892 1393 952 portam
1426 886 1641 954 domus,
1668 898 1725 945 et
1751 905 1879 948 ecce
1902 909 2056 965 aqua

461 983 480 1016 ι
523 968 944 1037 egrediebantur
990 974 1181 1029 subter
1214 975 1379 1033 limen
1425 981 1618 1036 domus
1659 985 1725 1039 ad
1765 986 2051 1043 orientem.

460 1074 477 1107 ‹
520 1056 710 1114 Facies
738 1061 884 1114 enim
910 1061 1103 1119 domus
1132 1067 1460 1137 reSpiciebat
1481 1072 1551 1126 ad
1574 1073 1861 1130 orientem.
1884 1078 2055 1149 Aquae

460 1162 489 1195 ιτ
527 1160 709 1204 autem
738 1151 1146 1211 descendebant
1194 1158 1249 1212 in
1292 1158 1433 1216 latus
1475 1166 1662 1233 templi
1700 1166 1950 1224 dextrum
1986 1172 2053 1225 ad

459 1259 474 1289 σ
526 1242 811 1298 meridiem
860 1244 1069 1301 altaris.
1122 1248 1191 1302 Et
1240 1251 1429 1308 eduxit
1468 1269 1553 1309 me
1582 1272 1680 1325 per
1709 1257 1851 1313 viam
1885 1271 2054 1331 portae

458 1349 477 1382 ‹
525 1333 814 1402 aquilonis,
844 1344 898 1390 et
928 1341 1194 1394 convertit
1239 1357 1324 1396 me
1354 1344 1423 1398 ad
1468 1346 1611 1400 viam
1646 1346 1793 1404 foras
1836 1355 2050 1421 portam

457 1444 473 1474 ο
521 1426 869 1493 exteriorem,
922 1430 1065 1484 viam
1098 1447 1218 1501 qua:
1268 1435 1597 1504 respiciebat
1639 1440 1707 1494 ad
1758 1443 2047 1499 orientem.

459 1532 477 1563 ι
523 1514 589 1568 Et
630 1523 774 1570 eeee‘
799 1532 955 1587 aqua:
1001 1521 1371 1600 redundantes
1410 1540 1442 1579 a
1478 1525 1649 1583 latere
1693 1529 1886 1586 dextro
1925 1549 2049 1588 cum

457 1622 475 1655 ι
520 1606 868 1675 egrederetur
888 1608 972 1662 vir
990 1609 1058 1665 ad
1078 1611 1367 1681 orientem,
1383 1616 1474 1685 qui
1499 1617 1732 1675 habebat
1753 1619 2047 1679 funiculum

456 1714 475 1747 ‹
523 1696 576 1749 in
604 1712 763 1750 manu
792 1713 909 1761 sua,
931 1709 984 1753 et
1008 1715 1227 1758 mensus
1247 1711 1331 1758 est
1357 1706 1503 1761 mille
1531 1709 1835 1777 cubitos,et
1865 1722 2047 1769 trans-

456 1804 475 1837 ς
519 1781 675 1842 drixit
705 1804 790 1842 me
816 1805 914 1859 per
945 1806 1140 1860 aquam
1172 1809 1343 1864 usque
1386 1797 1454 1853 ad
1497 1798 1653 1854 talos.
1701 1800 2045 1874 Rursumque

1095 386 1158 442 Β.
1200 379 1457 447 RABANI
1496 389 1715 451 MAURI
1753 395 2074 454 ARCHIEP.
2113 398 2425 459 MOGUNT.
2469 402 2755 466 OPERUM
2793 408 2975 468 PARS
3008 412 3075 468 ll.

3601 420 3740 479 {052

2042 552 2045 553 ν
2084 525 2136 583 Α
2161 528 2285 570 cum
2315 517 2532 575 silentio
2560 520 2695 591 (lsa.
2730 527 2875 596 vni),
2914 546 2931 577 ι
2960 526 3027 582 de
3053 527 3247 597 quibus
3277 527 3518 600 loquitur
3539 532 3709 589 Isaias
3734 554 3747 590 :

2165 626 2185 659 ‹
2224 609 2497 669 Haurietis
2530 629 2701 685 aquas
2736 617 2803 671 de
2828 617 3065 674 fontibus
3097 619 3397 677 Salvatoris
3423 621 3560 693 (Ira.
3588 627 3705 698 ιιι).
3729 647 3746 679 ι

2157 705 2227 761 Ει
2243 706 2530 766 Psalmista
2556 726 2570 764 :
2599 730 2617 762 ι
2638 712 2891 769 Benedici
2902 724 2953 768 te
2978 714 3205 771 Domino
3227 716 3294 772 de
3326 715 3569 773 fontibus
3588 720 3750 776 Israel

2159 798 2333 869 (Psal.
2366 803 2559 874 LXVII).
2587 823 2604 854 ι
2640 804 2709 859 Et
2731 805 2874 860 idem
2898 804 3070 862 Isaias
3095 808 3161 864 de
3176 809 3408 864 Domino
3434 807 3748 867 Salvatore:

2163 910 2181 942 ι
2214 890 2340 957 Iste,
2372 893 2470 959 ait,
2501 894 2767 950 habitabit
2798 896 2851 951 in
2882 898 3097 953 excelsa
3135 900 3394 969 spelunca
3438 910 3607 971 petrae
3637 902 3747 957 for-

2158 981 2401 1047 tissimae,
2432 984 2590 1053 panis
2618 986 2668 1040 ei
2696 985 2934 1053 dabitur,
2965 996 3017 1042 et
3048 1003 3188 1057 aqua
3220 990 3363 1045 illius
3393 990 3566 1047 fidelis
3590 1011 3601 1045 :
3627 1009 3746 1047 eru-

2153 1072 2233 1142 pit
2262 1074 2407 1128 enim
2432 1075 2487 1129 in
2516 1077 2732 1133 deserto
2764 1094 2903 1149 aqua
2949 1090 3003 1135 et
3038 1080 3200 1136 vallis
3248 1084 3301 1136 in
3350 1093 3499 1138 terra
3541 1085 3742 1140 sitienti

2155 1163 2289 1233 (Isa.
2326 1166 2542 1238 χχχιιι).
2565 1187 2583 1219 ι
2618 1167 2930 1240 Diciturque
2966 1172 3351 1228 credentibus:
3384 1193 3401 1224 ι
3439 1173 3617 1230 Nolite
3670 1175 3743 1230 ti-

2153 1271 2321 1322 mere,
2348 1258 2604 1327 quoniam
2632 1262 2836 1316 redemi
2860 1272 2939 1328 te;
2963 1278 3117 1319 meus
3136 1273 3370 1329 es-tu,et
3390 1266 3435 1320 si
3464 1267 3749 1325 transieris

2151 1361 2251 1415 per
2280 1363 2497 1418 aquam,
2520 1358 2697 1405 tecum
2719 1367 2817 1422 ego
2846 1368 2963 1408 sum
2996 1352 3131 1425 (Isa.
3162 1356 3371 1427 ΧΙ.111).ι
3400 1358 3466 1411 Et
3496 1374 3743 1413 rursum:

2158 1455 2176 1485 ι
2206 1436 2306 1503 Qui
2330 1440 2513 1503 sititis,
2532 1441 2602 1495 ite
2623 1439 2689 1496 ad
2705 1458 2898 1512 aquam
2916 1442 3049 1513 (Isa.
3076 1444 3184 1517 LV).
3210 1465 3228 1498 ι
3249 1446 3315 1499 Ει
3334 1463 3431 1517 per
3450 1447 3746 1503 Jeremiam

2149 1524 2387 1597 loquitur
2417 1530 2593 1585 Deus:
2627 1550 2643 1582 ι
2672 1532 2788 1586 Duo
2833 1533 2975 1587 mala
3022 1533 3149 1589 fecit
3192 1535 3423 1607 populus
3452 1552 3627 1596 meus.
3658 1553 3750 1593 tne

2149 1616 2438 1689 dereliquit
2467 1620 2671 1676 fontem
2711 1638 2864 1692 aquae
2888 1624 3042 1689 vivm,
3069 1633 3123 1679 et
3152 1624 3405 1679 foderunt
3450 1626 3551 1681 sibi
3595 1626 3749 1681 lacus

2147 1709 2239 1777 qui
2286 1724 2484 1781 aquam
2524 1713 2805 1767 continere
2848 1728 2951 1767 non
2994 1724 3221 1783 possunt
3270 1714 3402 1785 (Jer.
3422 1717 3502 1786 ιι).
3533 1735 3551 1767 ι
3591 1716 3750 1771 Sicut

2148 1799 2310 1869 igitur
2356 1800 2584 1871 legimus
2622 1801 2676 1856 in
2717 1803 2914 1857 bonam
2957 1813 3165 1872 partem
3206 1820 3399 1874 aquas,
3429 1820 3551 1874 quae
3587 1822 3748 1877 egre:-

455 1899 471 1925 .
517 1891 737 1933 mensus
758 1888 843 1932 est
863 1880 1524 1947 mille,ettransduxitme
1537 1903 1637 1957 per
1652 1905 1850 1960 aquam
1874 1910 2044 1965 usque
2079 1878 2121 1935 Β
2147 1890 2368 1945 diuntur
2395 1892 2461 1947 de
2490 1891 2676 1948 limine
2703 1892 2886 1963 templi
2915 1903 2969 1948 et
2997 1895 3307 1951 referuntur
3334 1897 3401 1950 ad
3441 1897 3744 1951 doctrinam

453 1990 471 2022 ι
515 1972 582 2026 ad
609 1987 802 2041 genua.
836 1972 905 2027 Et
933 1990 1154 2031 mensus
1198 1987 1282 2033 est
1326 1979 1505 2046 mille,
1530 1984 1590 2036 et
1618 1985 1922 2041 transduxit
1958 2003 2044 2041 me

453 2082 471 2114 ι
515 2078 613 2135 per
658 2080 852 2134 aquam
885 2082 1061 2137 usque
1090 2070 1156 2123 ad
1191 2086 1370 2127 renes.
1419 2074 1487 2129 Et
1518 2090 1741 2131 mensus
1784 2086 1869 2132 est
1899 2078 2043 2135 mille

450 2172 469 2202 ι
519 2161 814 2209 torrentem
845 2152 1007 2226 qnem
1052 2174 1159 2214 non
1185 2162 1334 2231 potui
1380 2166 1743 2233 pertransire,
1784 2170 2041 2238 quoniam

450 2264 468 2295 ι
512 2245 883 2304 intumuerant
904 2264 1058 2319 aqua:
1088 2252 1341 2322 profundi
1372 2257 1651 2325 torrentis,
1685 2261 1777 2329 qui
1809 2246 1915 2316 non
1930 2260 2042 2332 ’ρο-

451 2355 468 2385 ι
515 2343 657 2391 terat
684 2340 1053 2394 transvadari.
1078 2360 1095 2392 ι
1131 2341 1405 2416 (Ηίενοη.)
1427 2345 1535 2402 Pro
1555 2363 1664 2418 quo
1690 2347 2042 2423 Septuaginta

445 2430 879 2485 transtulerunt:
912 2450 930 2482 ‹
961 2433 1028 2487 Et
1060 2450 1279 2491 mensus
1317 2448 1402 2493 est
1430 2436 1578 2496 mille
1606 2450 1661 2496 et
1690 2457 1797 2498 non
1831 2453 2045 2514 poterat

442 2518 798 2588 pertransire,
874 2521 1133 2591 quoniam
1169 2522 1451 2582 ferebatur
1478 2526 1620 2599 aqua
1651 2530 1828 2587 instar
1854 2533 2045 2602 praeci-

441 2610 571 2679 pitis
602 2612 880 2678 torrentis,
914 2614 1018 2692 qui.
1042 2616 1263 2671 transiri
1295 2633 1401 2683 non
1446 2622 1871 2693 potest.¢Aquae
1898 2624 2040 2691 istae,

441 2717 565 2773 qua:
592 2704 1014 2773 egrediebantur
1038 2707 1226 2763 subter
1254 2709 1419 2766 limen
1454 2713 1674 2780 domus,
1705 2715 1760 2770 id
1788 2724 1872 2771 est
1900 2724 2040 2772 tem-

440 2793 516 2865 pli
566 2810 673 2851 non
716 2794 1032 2852 ferebantur
1061 2798 1127 2853 ad
1168 2802 1477 2870 aquilonem
1505 2815 1561 2859 et
1584 2805 1651 2860 ad
1678 2806 2036 2871 occidentem,

444 2888 541 2942 sed
571 2888 637 2942 ad
666 2888 952 2943 orientem.
995 2889 1064 2944 Et
1101 2891 1155 2945 in
1190 2890 1362 2948 latere
1394 2894 1579 2965 templi
1606 2894 1797 2950 dextro
1818 2936 1833 2962 ,
1866 2897 1919 2951 id
1957 2906 2041 2951 est

443 2979 512 3033 ad
560 2978 881 3044 meridiem,
926 2979 1208 3049 ipsamque
1260 2982 1543 3038 meridiem
1589 2999 1698 3039 non
1748 2983 2040 3055 cujuslibet

441 3068 569 3133 loci,
602 3070 696 3125 sed
718 3069 925 3124 altaris.
969 3070 1047 3125 Ex
1076 3085 1183 3140 quo
1211 3073 1558 3143 perspicuum
1597 3074 1657 3129 iit
1702 3090 1888 3131 sacras
1917 3090 2038 3132 esse

440 3179 614 3233 aquas
660 3172 715 3219 et
767 3164 1070 3221 Salvatoris
1125 3168 1299 3221 nostri
1332 3160 1665 3239 ‘significare
1708 3171 2034 3238 doctrinam,

2144 1981 2421 2047 Ecclesia.
2445 1984 2525 2039 sic
2551 1993 2679 2039 sunt
2706 2000 2862 2056 aqua:
2889 2000 3090 2041 amara:
3115 1995 3170 2042 et
3197 2003 3349 2057 aqua:
3378 1990 3649 2057 pessimae,
3676 1990 3745 2044 ad

2144 2088 2280 2141 quas
2326 2072 2591 2131 Jeremias
2634 2079 2898 2147 propheta
2941 2094 3039 2133 nos
3081 2080 3330 2148 prohibet
3363 2082 3623 2136 accedere
3659 2082 3746 2135 di-

2144 2180 2273 2223 cens
2298 2185 2311 2221 :
2341 2186 2359 2218 (
2395 2167 2535 2235 Quid
2560 2168 2711 2224 vobis
2735 2177 2790 2225 et
2814 2169 2914 2225 vite
2937 2169 3156 2241 Aigypti
3182 2180 3241 2225 ut
3259 2170 3460 2226 bibatis
3490 2173 3557 2228 de
3583 2174 3744 2243 aquis

2144 2255 2292 2312 Geon
2325 2258 2459 2329 (Jer.
2503 2258 2588 2329 ιι),
2613 2279 2631 2312 ι
2672 2274 2791 2329 qua:
2820 2260 3083 2317 Hebraice
3111 2262 3363 2317 dicuntur
3386 2265 3517 2329 sior,
3552 2265 3602 2319 id
3629 2272 3739 2328 est,

2148 2348 2373 2404 turbidm
2394 2358 2555 2419 atque
2580 2354 2837 2408 C(enosaa?
2863 2352 2937 2407 De
2960 2353 3156 2421 quibus
3182 2353 3353 2408 iratus
3378 2370 3541 2425 super
3562 2356 3740 2411 haere-

2146 2437 2267 2493 ticis
2294 2438 2533 2509 loquitur
2558 2438 2700 2496 Dens
2724 2458 2736 2495 :
2769 2462 2787 2494 ι
2814 2442 2954 2497 Ecce
2981 2457 3081 2513 ego
3107 2443 3297 2497 cibaho
3321 2459 3415 2499 eos
3445 2446 3735 2514 angustiis,

2144 2537 2198 2582 et
2222 2514 2373 2584 dabo.
2398 2530 2476 2584 eis
2510 2539 2697 2600 potum
2771 2546 2963 2601 aquam
2990 2532 3127 2587 fellis
3160 2534 3301 2605 (Jer.
3332 2534 3448 2605 ut),
3485 2557 3503 2587 ι
3542 2536 3595 2589 in
3627 2552 3736 2606 qua

2143 2617 2307 2672 draco
2355 2629 2543 2689 regnat
2587 2620 2904 2692 Egyptius,
2935 2622 3025 2692 qui
3062 2624 3229 2678 dicit:
3264 2642 3281 2674 ι
3319 2624 3433 2678 Mea
3476 2633 3604 2679 sunt
3636 2623 3737 2679 llu-

2142 2710 2307 2774 mina,
2342 2720 2398 2765 et
2422 2726 2520 2780 ego
2567 2710 2670 2766 feci
2712 2714 3085 2782 memetipsum
3125 2713 3342 2785 (Ezech.
3382 2714 3555 2787 nix),
3580 2734 3599 2766 ι
3639 2716 3732 2784 qui

2139 2815 2299 2855 onine
2340 2802 2613 2856 excelsum
2650 2801 2829 2869 videt,
2860 2810 2916 2857 et
2954 2803 3069 2871 ipse
3096 2811 3180 2858 est
3209 2816 3302 2858 rex
3328 2818 3519 2859 eorum
3542 2802 3638 2873 qui
3676 2806 3731 2857 in

2140 2894 2295 2962 aquis
2321 2904 2469 2948 sunt.
2500 2894 2652 2949 Unde
2681 2894 2765 2949 vir
2788 2895 3189 2951 ecclesiasticus
3214 2896 3503 2951 Dominum
3538 2897 3735 2967 depre-

2137 2992 2295 3037 catur
2320 2990 2376 3039 et
2413 2984 2579 3039 dicit:
2610 3002 2629 3035 ι
2664 2982 2885 3039 Salvum
2916 2999 3000 3039 me
3038 2984 3147 3050 fac,
3180 2984 3424 3050 Domine,
3467 2988 3729 3055 quoniam

2136 3075 2475 3130 intraverunt
2518 3090 2672 3146 aqua:
2701 3091 2872 3146 usque
2910 3077 2977 3131 ad
3019 3077 3256 3133 animam
3298 3092 3493 3132 meam.
3525 3077 3731 3133 Inﬁxus

2142 3182 2259 3219 sum
2284 3167 2337 3220 in
2367 3166 2555 3221 limum
2576 3166 2829 3236 profundi
2852 3176 2907 3222 et
2933 3182 3040 3221 non
3064 3176 3147 3221 est
3168 3168 3500 3234 substantia;
3526 3170 3647 3223 veni
3675 3169 3729 3223 in

438 3253 592 3325 juxta
623 3254 753 3309 illud
784 3255 927 3325 quod
973 3256 1234 3326 scriptum
1263 3268 1345 3311 est
1372 3276 1383 3311 :
1418 3279 1434 3309 ι
1471 3258 1545 3312 De
1572 3258 1701 3315 Sion
1730 3261 2037 3330 egredietur

2143 3255 2478 3325 altitudinem
2512 3252 2794 3321 marisret
2816 3263 3105 3325 tempestas
3137 3257 3391 3311 demersit
3435 3272 3522 3311 me
3551 3254 3727 3327 (Ρεαι.

440 3343 559 3409 lex,
611 3352 666 3400 et
713 3346 937 3401 verbum
980 3345 1193 3401 Domini
1237 3350 1303 3403 de
1343 3340 1644 3404 Jerusalem
1686 3349 1834 3422 (Isa.
1878 3350 1970 3424 ιι).
2014 3372 2031 3404 ι

443 3437 515 3493 Ει
543 3438 596 3492 in
625 3437 729 3493 alio
759 3437 877 3494 loco
907 3454 919 3467 ·
952 3458 969 3491 ι
999 3438 1224 3509 lleplcta
1276 3449 1403 3495 sunt
1445 3443 1625 3497 omnia
1676 3444 1900 3498 scientia
1932 3446 2038 3499 Do-

441 3529 599 3595 mini,
631 3530 771 3586 sicut
803 3545 941 3600 aqua
973 3530 1138 3584 multa
1172 3532 1423 3613 Operiens
1453 3550 1602 3589 mare
1635 3534 1769 3603 (ha.
1798 3535 1927 3609 x0.»
1963 3537 2038 3593 De

442 3622 531 3678 his
558 3623 715 3694 aquis
744 3634 799 3677 et
841 3624 1135 3678 Zacharias
1174 3625 1437 3695 propheta
1470 3626 1803 3682 vaticinatus
1841 3638 1924 3683 est
1951 3630 2035 3683 di-

443 3729 615 3769 cens:
650 3733 666 3765 ι
704 3714 761 3769 In
795 3714 883 3769 illo
924 3714 1011 3769 die
1061 3715 1370 3785 egredietur
1398 3702 1539 3786 aqua
1585 3718 1777 3774 vivens
1833 3720 1900 3774 de
1947 3720 2038 3775 Je-

443 3806 699 3872 rusalem,
732 3816 789 3860 et
814 3806 1049 3861 medium
1087 3803 1206 3873 ejus
1236 3807 1290 3860 in
1318 3823 1468 3862 mare
1510 3808 1766 3878 primum,
1800 3811 2037 3865 medium

442 3908 624 3952 autem
672 3897 813 3951 illius
855 3897 907 3949 in
951 3912 1101 3951 mare
1148 3897 1502 3952 novissimum
1529 3896 1716 3969 (Zach.
1750 3902 1881 3966 xiv).
1909 3920 1927 3951 ι
1962 3899 2037 3955 De

444 3990 529 4047 his
562 3989 717 4058 aquis
748 3998 803 4043 et
828 3989 895 4042 ad
928 3986 1330 4043 Samaritanam
1365 3987 1626 4042 Dominus
1672 3987 1993 4057 loquebatur
2020 4007 2033 4043 :

449 4098 466 4129 ι
506 4078 562 4134 Si
596 4079 763 4133 scires
792 4078 914 4148 quis
941 4085 1024 4132 est
1050 4078 1142 4146 qui
1176 4076 1308 4132 dicit
1334 4077 1451 4142 tibi,
1478 4078 1553 4131 Da
1585 4078 1717 4131 mihi
1747 4079 1953 4143 bibere,
1981 4087 2035 4132 tu

436 4171 671 4227 forsitan
692 4156 922 4241 petisses
940 4185 1086 4235 eum,
1103 4177 1157 4223 et
1180 4170 1417 4225 dedisset
1432 4169 1527 4224 tibi
1547 4170 1818 4225 viventem
1839 4186 2036 4239 aquam

445 4266 630 4337 (Joau.
657 4264 750 4335 tv).
776 4285 794 4318 ι
846 4266 914 4319 Et
944 4265 1136 4319 iterum
1165 4281 1177 4318 :
1212 4282 1229 4314 ι
1266 4265 1454 4319 Omnis
1486 4264 1579 4333 qui
1609 4265 1748 4320 bibit
1789 4266 1857 4320 de
1896 4280 2034 4334 aqua

444 4360 549 4414 ista
576 4359 725 4413 sitiet
771 4359 987 4413 denuo:
1018 4358 1110 4427 qui
1142 4367 1319 4411 autem
1362 4357 1561 4411 biberit
1586 4372 1651 4411 ex
1694 4373 1834 4427 aqua
1872 4373 2035 4426 quam

444 4465 544 4521 ego
589 4448 730 4503 dabo
772 4448 856 4511 ei,
887 4463 993 4502 non
1035 4449 1183 4502 sitiet
1214 4449 1264 4501 in
1296 4455 1560 4502 :eternum
1604 4446 1855 4518 (Ibid.).i
1892 4448 1957 4501 Et
1984 4448 2038 4501 in

446 4538 647 4609 templo
693 4538 962 4593 clamabat
1005 4548 1164 4605 atque
1206 4539 1451 4592 dicebat:
1481 4556 1498 4587 ι
1531 4535 1586 4591 Si
1620 4536 1741 4606 quis
1782 4538 1915 4603 sitit,
1946 4552 2037 4591 ve-

445 4633 561 4687 niat
607 4632 674 4685 ad
717 4645 802 4685 me
828 4639 882 4684 et
911 4630 1098 4685 bibat:
1137 4629 1225 4698 qui
1271 4629 1443 4685 credit
1486 4630 1539 4683 in
1581 4644 1687 4694 me,
1717 4628 1857 4683 sicut
1906 4629 2037 4683 dicit

447 4723 754 4791 Scriptura,
782 4718 1001 4773 flumina
1030 4718 1099 4773 de
1128 4728 1315 4773 ventre
1352 4719 1469 4786 ejus
1492 4717 1660 4772 fluent
1696 4735 1849 4787 aqua:
1876 4719 2031 4772 vivas.

447 4816 563 4869 lloc
610 4822 789 4867 autem
836 4812 972 4865 dixit
1011 4813 1078 4867 de
1117 4811 1310 4880 spiritu
1355 4825 1517 4879 quem
1562 4811 1835 4879 accepturi
1879 4819 2035 4864 erant

448 4904 733 4960 credentes
778 4902 835 4956 in
880 4917 1003 4956 eum
1031 4900 1213 4973 (Joan.
1252 4901 1370 4972 vn).
1397 4920 1415 4953 ι
1451 4899 1573 4954 Ista:
1614 4907 1739 4953 sunt
1785 4915 1939 4970 aqua:
1969 4900 2035 4954 de

450 5002 648 5072 quibus
686 4999 955 5069 Propheta
1014 4998 1335 5067 loquebatur
1388 4998 1443 5051 in
1500 4996 1750 5066 psalmo:
1792 5013 1809 5045 ι
1861 4992 2034 5063 Super

449 5108 619 5163 aquas
648 5090 961 5146 refectionis
984 5090 1236 5144 educavit
1258 5103 1342 5143 me
1366 5084 1538 5159 (Psal.
1574 5084 1731 5156 χχιι).
1755 5104 1773 5136 ι
1806 5084 1872 5138 Ει
1894 5084 2032 5139 Eze-

449 5186 590 5244 chiel
615 5203 631 5240 :
660 5202 677 5235 ι
705 5186 992 5240 Assumam
1030 5196 1124 5236 vos
1164 5182 1231 5237 de
1278 5181 1530 5250 gentibus
1571 5187 1625 5233 et
1663 5178 1728 5233 de
1769 5176 1930 5232 terris
1980 5184 2035 5231 et

449 5292 734 5350 aspergam
753 5290 914 5347 super
939 5290 1035 5329 vos
1057 5289 1254 5345 aquam
1276 5272 1549 5335 mundam,
1570 5267 2032 5337 etmundabimini

450 5388 518 5426 ex
559 5369 810 5425 omnibus
846 5366 1201 5422 immunditiis
1241 5362 1465 5427 vestris,
1492 5368 1859 5430 apparuerunt
1884 5358 2028 5412 enim

450 5461 631 5517 fontes
673 5473 935 5528 aquarum
962 5455 1176 5526 (Ezech.
1212 5452 1417 5524 xxxvi).
1449 5471 1465 5502 ι
1500 5450 1569 5503 Et
1596 5450 1649 5502 in
1681 5448 2029 5515 nonagesimo

452 5551 692 5608 secundo
718 5548 927 5618 psalmo
954 5546 1199 5600 canitur:
1234 5564 1250 5623 ι
1282 5544 1645 5598 Elevaverunt
1680 5538 2031 5625 Dominamq-

449 5650 599 5690 nune
633 5635 991 5687 clevavcrunt
1064 5626 1287 5681 flumina
1366 5636 1532 5678 voces
1602 5635 1732 5674 suas
1788 5634 1816 5670 a
1884 5632 2033 5668 vocn-

449 5728 555 5782 Ilus
587 5737 854 5795 aquarum
899 5720 1218 5781 rnultarum,
1259 5715 1538 5770 mirabiles
1564 5711 1841 5766 elationes
1865 5705 2035 5761 maris

458 5818 638 5888 (Prol.
668 5818 823 5889 exn).
867 5835 883 5869 ι
922 5816 1043 5873 Istae
1070 5821 1202 5869 sunt
1235 5824 1390 5881 aqurc
1418 5807 1591 5874 Siloe,
1630 5825 1645 5858 t
1674 5818 1797 5875 qua:
1828 5799 2038 5857 vadunt

2138 3342 2377 3416 vamju
2404 3345 2470 3400 Et
2494 3346 2689 3401 iterum
2716 3364 2729 3400 :
2760 3364 2777 3398 ι
2806 3346 3031 3403 Liberer
3058 3350 3127 3403 ab
3154 3349 3239 3403 his
3266 3348 3356 3417 qui
3383 3349 3615 3403 oderunt
3642 3364 3731 3403 me

2138 3445 2195 3491 et
2227 3438 2292 3492 de
2335 3436 2601 3507 profundo
2641 3454 2924 3509 aquarum.
2966 3440 3082 3496 Non
3125 3455 3210 3495 me
3250 3440 3553 3511 praecipitet
3588 3450 3728 3493 tem-

2137 3535 2321 3597 pestas
2349 3542 2523 3597 aquaa,
2552 3544 2653 3583 nec
2690 3529 2980 3585 absorbeat
3024 3545 3112 3585 me
3149 3529 3505 3599 profundum,
3552 3543 3733 3597 neque

2138 3629 2329 3691 urgeat
2354 3636 2515 3690 super
2544 3636 2629 3675 me
2656 3631 2849 3690 puteus
2877 3637 2938 3677 os
2968 3638 3121 3675 suum
3154 3621 3392 3693 (Ibidem
3412 3616 3526 3689 xv).
3578 3621 3646 3675 Et
3675 3622 3729 3674 in

2138 3710 2242 3765 alio
2262 3711 2470 3781 psalmo
2497 3731 2510 3765 :
2542 3731 2558 3763 ι
2587 3712 2701 3781 Nisi
2723 3714 2847 3783 quia
2879 3713 3138 3769 Dominus
3159 3723 3274 3767 erat
3298 3714 3352 3766 in
3380 3714 3559 3778 nobis,
3582 3713 3730 3767 dicat

2138 3818 2292 3857 nunc
2322 3802 2487 3857 Israel
2513 3844 2526 3867 ,
2558 3805 2660 3859 nisi
2696 3806 2821 3873 quia
2849 3804 3107 3860 Dominus
3149 3804 3353 3861 eratnin
3384 3804 3559 3859 nobis.
3590 3804 3730 3859 Cum

2139 3901 2495 3963 exsurgerent
2525 3894 2771 3947 homines
2800 3894 2855 3947 in
2881 3908 3001 3957 nos,
3033 3891 3261 3948 forsitan
3289 3894 3441 3948 vivos
3472 3893 3729 3965 deglutis-

2139 3996 2260 4041 sent
2295 4002 2412 4041 nos.
2441 3986 2575 4041 Cum
2611 3986 2941 4041 irasceretur
2987 3984 3136 4041 furor
3174 4001 3358 4040 eorum
3410 4002 3572 4055 super
3601 4001 3725 4051 nos,

2140 4076 2368 4131 forsitan
2416 4092 2554 4145 aqua
2590 4075 2961 4131 absorbuisset
3000 4091 3099 4130 nos
3140 4074 3327 4145 (Psat.
3358 4075 3585 4145 cum).
3610 4095 3627 4127 ι
3658 4075 3729 4130 Et

2139 4181 2335 4236 sponsa
2380 4166 2432 4219 in
2472 4166 2695 4222 Cantico
2738 4168 3114 4221 canticorum:
3144 4184 3161 4216 ‹
3206 4165 3359 4234 Aqua
3408 4166 3573 4219 multa
3618 4159 3729 4220 neu

2139 4259 2338 4331 poterit
2380 4258 2712 4328 restinguere
2757 4257 3097 4323 eharitatem,
3137 4264 3191 4309 et
3233 4255 3454 4310 flumina
3500 4272 3603 4311 non
3632 4258 3726 4311 de-

2140 4352 2385 4423 mergent
2404 4367 2523 4407 eam
2550 4350 2727 4423 (Cant.
2757 4350 2895 4417 vni).
2922 4370 2940 4403 ι
2973 4350 3077 4405 Ista
3103 4359 3187 4404 est
3207 4364 3345 4419 aqua
3376 4350 3443 4404 de
3464 4365 3568 4418 qua
3594 4350 3729 4403 dicit

2140 4442 2277 4499 Osee
2304 4462 2317 4495 :
2347 4461 2366 4493 ‹
2395 4442 2730 4513 Contempsit
2757 4455 2843 4495 me
2862 4440 3064 4496 Galaad
3090 4442 3300 4506 civitas,
3330 4455 3450 4511 qua:
3469 4450 3730 4511 cperatur

2142 4537 2409 4590 vanitates
2459 4536 2787 4590 conturbans
2831 4550 3055 4603 aquam;
3082 4543 3137 4589 et
3166 4533 3438 4605 fortitudo
3466 4534 3583 4605 ejus
3620 4534 3729 4587 viri

2138 4624 2328 4693 piratae
2373 4624 2516 4696 (Ose.
2546 4626 2685 4696 v1).i
2736 4624 2864 4691 Quae
2906 4639 3044 4693 aqua
3088 4624 3193 4678 alio
3239 4624 3459 4679 nomine
3480 4614 3732 4679 ‘vocatur

2139 4710 2315 4776 Mora,
2339 4713 2443 4766 hoc
2469 4718 2552 4766 est
2574 4712 2893 4778 amaritudo,
2919 4714 2973 4767 in
2998 4728 3107 4783 qua
3133 4712 3332 4784 lignum
3360 4716 3539 4769 crucis
3556 4714 3724 4769 mitti-

2140 4810 2245 4867 tur,
2279 4813 2333 4858 et
2373 4820 2560 4859 amara
2599 4813 2877 4860 vertentur
2906 4806 2958 4859 in
2988 4806 3183 4861 dulcia.
3215 4804 3513 4861 Considera
3550 4805 3730 4876 legem

2138 4892 2331 4965 Moysi,
2363 4895 2406 4951 si
2435 4895 2752 4967 intelligitur
2786 4896 2939 4965 juxta
2970 4912 3189 4953 sensum
3222 4910 3481 4952 carneum
3511 4895 3733 4953 δυάδο-

2137 5004 2277 5053 rum,
2295 4988 2562 5059 quomodo
2588 5004 2769 5041 amara
2795 4988 2883 5052 sit,
2899 4986 3157 5042 effodiens
3180 4986 3393 5042 oculum
3419 5001 3521 5056 pro
3541 4989 3729 5053 oculo,

2139 5078 2354 5132 dentem
2392 5094 2492 5147 pro
2525 5078 2704 5142 dente,
2754 5076 2943 5132 Judam
2989 5077 3043 5129 in
3090 5076 3325 5132 Thamar
3366 5074 3733 5134 fornicatione

2139 5178 2194 5222 ct
2218 5168 2355 5223 Osee
2386 5166 2629 5236 junctum
2657 5166 3241 5233 formenrimJeremim
3269 5170 3555 5241 περίζωμα,
3585 5166 3728 5223 Mosi

2140 5275 2363 5314 uxorem
2403 5258 2785 5327 [EthiOpissam
2824 5266 2878 5311 et
2917 5256 3341 5311 interfectionem
3372 5254 3639 5327 Egyptii,
3674 5267 3731 5313 et

2140 5352 2285 5417 mille
2308 5352 2431 5417 alia,
2454 5350 2641 5421 quaesi
2668 5350 3027 5420 intelligamus
3039 5346 3196 5415 juxta
3217 5347 3551 5402 occidentem
3576 5347 3727 5402 litte-

2140 5461 2276 5509 ram,
2303 5454 2356 5499 ct
2383 5460 2489 5497 non
2512 5444 2667 5514 juxta
2688 5443 2935 5511 spiritum
2963 5441 3347 5500 viviﬁcantem.
3364 5454 3549 5493 amara
3570 5449 3728 5505 sunt,

2134 5544 2190 5590 et
2215 5535 2470 5590 lectorem
2500 5549 2655 5588 suum
2678 5549 2782 5587 non
2808 5542 2915 5585 tam
2936 5531 3203 5585 aedificant
3225 5544 3385 5598 quam
3408 5530 3727 5584 destruunt.

2134 5627 2253 5683 Istae
2275 5612 2439 5697 igitur
2460 5640 2634 5693 aqum,
2656 5640 2775 5694 qua:
2795 5623 3143 5694 egrediuntur
3166 5623 3230 5677 de
3258 5620 3456 5690 templo
3475 5618 3726 5686 Danini,

2135 5726 2363 5790 pergunt
2385 5715 2453 5769 ad
2480 5715 2764 5779 orientem,
2792 5723 2843 5767 et
2885 5712 3215 5767 descendunt
3258 5711 3310 5764 in
3348 5710 3491 5766 latus
3533 5712 3726 5781 templi

2137 5809 2408 5872 dextrum,
2440 5804 2505 5859 ad
2547 5804 2733 5859 altaris
2754 5803 3055 5869 meridiem,
3082 5801 3173 5856 ubi
3203 5817 3433 5869 sponsus
3460 5801 3725 5859 convivas
