3924 6340
176 440 321 496 1053

1063 434 1418 491 COMMENT.
1459 434 1531 491 IN
1565 432 2017 491 EZECHIELEM.
2053 462 2123 473 -ο
2157 431 2284 486 LIB.
2327 432 2466 487 XIX.

3289 430 3423 485 1054

172 570 307 611 suas
348 552 523 623 pascit
550 561 604 605 et
630 550 872 605 accubat.
916 549 1065 617 Quod
1111 559 1289 605 autem
1340 550 1582 619 sequitur
1603 567 1616 579 -
1647 570 1663 598 ι
1692 549 1760 602 Et
1789 556 1834 613 Α
1868 570 1885 601 ι
1920 567 2077 620 quem
2104 530 2395 622 nonpotui
2422 551 2769 620 pertransirc,
2800 570 2817 602 ι
2855 549 3018 604 multo
3054 549 3242 605 melius
3266 562 3425 619 quam

172 647 364 701 eduxit
390 660 475 698 me
497 658 593 714 per
622 644 758 696 viam
785 650 951 711 porta:
976 641 1242 711 aquilonis
1261 682 1277 707 ,
1302 649 1355 695 et
1397 641 1661 707 convertit
1693 642 1759 695 ad

171 736 322 789 viam
356 732 502 789 foras
522 745 730 804 portam
760 734 1106 793 exteriorem,
1129 733 1273 786 viain
1300 746 1418 800 quae
1443 731 1764 801 respiciebat

174 828 247 880 ad
282 824 563 888 orientem,
600 821 724 876 illud
762 823 992 876 latenter
1020 823 1274 886 ostendit,
1307 822 1449 891 quod
1475 822 1656 876 statim
1694 821 1762 875 ad

173 928 392 985 portam
425 914 737 969 orientalem
762 914 1044 982 pervenire
1074 927 1180 968 non
1206 913 1641 981 possumus.'nisi
1666 928 1763 982 per

173 1009 325 1063 viam
350 1016 517 1077 port:c
544 1006 808 1075 aquilonis
845 1006 1000 1073 longo
1031 1006 1259 1059 circuitu
1295 990 1669 1073 perveniamus
1695 1005 1763 1058 ad

174 1114 323 1154 eam.
379 1097 489 1151 Nisi
545 1098 688 1151 enim
750 1106 965 1153 ventum
1020 1095 1427 1167 frigidissimum
1477 1095 1765 1150 vicerimus

174 1187 363 1241 calore
393 1184 603 1248 tidei,et
628 1185 1014 1239 caleaverimus
1041 1184 1286 1256 regiones
1309 1182 1442 1251 ejus,
1471 1191 1531 1236 ut
1552 1183 1767 1252 implea-

177 1282 273 1328 tur
302 1274 426 1327 illud
454 1274 507 1327 in
551 1274 705 1327 nobis
732 1273 1082 1341 apostolicum
1112 1291 1124 1326 :
1154 1292 1172 1324 ι
1204 1273 1348 1327 Deus
1376 1280 1554 1326 autem
1584 1280 1766 1327 conte-

176 1372 266 1418 ret
288 1362 543 1418 Satanam
561 1362 659 1417 sub
681 1363 904 1431 pedibus
919 1363 1381 1419 vestrisvelociter
1398 1361 1573 1432 (Rom.
1594 1360 1760 1432 χνι);›
1789 1401 1795 1407 .

174 1463 395 1523 portam
429 1468 526 1521 per
551 1468 713 1522 quam
752 1453 1102 1523 egrediuntur
1126 1469 1279 1523 aqua:
1311 1462 1366 1507 et
1390 1461 1518 1519 sunt
1544 1469 1573 1507 a
1599 1453 1767 1508 latere

174 1543 396 1596 dextro.
415 1542 619 1611 ingredi
635 1558 740 1596 non
755 1542 1068 1597 valebimus.
1087 1543 1155 1596 Et
1167 1552 1290 1597 nota
1306 1542 1446 1611 quod
1461 1558 1610 1611 aqua:
1628 1543 1765 1607 istae,

175 1646 303 1700 quae
327 1631 673 1701 egrediuntur
696 1646 793 1698 per
816 1640 1026 1700 portam
1049 1631 1290 1696 orientis,
1324 1632 1584 1685 intantum
1607 1632 1768 1687 laivas

173 1730 365 1790 partes
397 1721 626 1791 fugiunt,
659 1730 717 1774 ut
744 1735 773 1773 a
795 1721 1002 1776 dextris
1025 1721 1214 1777 altaris
1246 1722 1312 1776 ad
1343 1722 1619 1776 meridiem
1650 1709 1769 1792 per-

176 1824 311 1878 gere
338 1809 747 1863 describantur:
774 1826 793 1859 (
828 1809 925 1864 Vir
960 1818 1157 1872 autem,
1186 1810 1383 1879 inquit,
1409 1810 1497 1863 ille
1534 1811 1624 1880 qui
1670 1812 1765 1865 ha-

1863 639 2235 714 Scptuaginta,
2281 642 2372 711 qui
2416 641 2666 696 dixerunt
2694 660 2711 692 ι
2746 656 2906 711 quem
2954 656 3061 695 non
3106 640 3278 711 potuit
3304 657 3422 712 per-

1862 730 2111 786 transite.
2144 751 2162 783 ι
2199 730 2465 801 Propheta
2489 730 2632 785 enim
2671 738 2724 784 et
2764 731 2938 784 omnis
2974 731 3207 785 humana
3238 740 3433 785 natura

1860 831 1977 891 post
2009 821 2220 877 lumbos
2253 829 2544 877 torrentem
2577 820 2957 891 cogitationum
2986 830 3042 875 et
3075 821 3342 877 incentiva
3373 820 3430 875 in

1862 914 2026 969 corde
2060 914 2319 969 .vitiorum
2360 929 2468 969 non
2513 922 2690 983 potest
2731 912 3076 981 pertransirc.
3126 911 3223 967 Vir
3250 920 3430 967 autem

1863 1004 1973 1067 ille,
2002 1002 2092 1072 qui
2118 1003 2337 1058 indutus
2362 1012 2479 1057 erat
2510 1001 2716 1055 baddim
2738 1009 2793 1055 et
2820 1001 3007 1055 ductor
3030 1003 3303 1070 prophetas
3321 1041 3335 1064 ,
3372 1000 3435 1053 li-

1862 1092 2026 1162 quido
2048 1092 2376 1161 pertransiit,
2404 1108 2423 1141 ι
2451 1090 2543 1161 qui
2569 1098 2845 1159 peccatum
2869 1103 2973 1143 non
2994 1088 3139 1153 fecit,
3164 1104 3262 1143 nec
3282 1088 3435 1143 dolus

1864 1182 2113 1236 inventus
2158 1188 2241 1236 est
2292 1181 2347 1235 in
2390 1194 2485 1235 ore
2515 1179 2632 1247 ejus
2685 1178 2735 1249 (1
2768 1178 2912 1232 Pelr.
2962 1176 3043 1248 ιι).
3076 1198 3093 1230 ι
3130 1177 3435 1248 Causasqne

1864 1271 2043 1327 reddit
2091 1286 2188 1325 cur
2231 1270 2494 1339 propheta
2530 1267 2673 1322 mille
2709 1277 2929 1336 quartos
2955 1267 3163 1321 cubitos
3199 1283 3304 1331 non
3340 1283 3433 1337 po-

1865 1362 2031 1418 tuerit
2069 1360 2401 1431 pertransire
2426 1376 2438 1412 :
2466 1377 2484 1409 (
2531 1357 2813 1425 Quoniam,
2847 1358 3038 1425 inquit,
3072 1356 3435 1412 intumuerant

1866 1466 2022 1522 aqua:
2066 1448 2314 1520 profundi
2365 1448 2645 1512 torrentis,
2675 1447 2765 1516 qui
2813 1462 2915 1501 non
2962 1454 3140 1515 potest
3193 1455 3435 1500 transva-

1868 1541 2006 1597 dari.
2037 1560 2056 1591 ι
2109 1540 2177 1594 Et
2229 1540 2496 1608 quomodo
2552 1540 2811 1608 scriptum
2872 1548 2951 1594 est
3012 1540 3272 1610 gloriante
3314 1554 3439 1608 pro-

1867 1630 2065 1701 pheta:
2105 1648 2123 1680 ι
2182 1628 2499 1683 Torrentem
2556 1628 2873 1697 pertransiit
2931 1629 3109 1681 anima
3169 1628 3435 1683 nostra?»

1870 1719 2175 1775 Sed-facile
2204 1719 2430 1774 solvitur
2473 1720 2518 1773 si
2549 1720 2783 1774 sciamus
2824 1718 3060 1789 pro-hoc
3105 1710 3360 1787 scriptum
3388 1718 3440 1772 in

1872 1800 2098 1867 Hebraeo
2126 1829 2137 1863 :
2171 1828 2188 1862 ‹
2220 1810 2455 1865 Torrens
2480 1811 2788 1878 pertransiit
2820 1811 3053 1865 animam
3092 1825 3285 1865 meam.
3309 1828 3328 1860 ι
3366 1807 3441 1862 Dc

174 1898 346 1954 bebat
368 1898 663 1952 funiculum
693 1898 747 1952 in
778 1915 964 1965 manu,
990 1915 1111 1955 cum
1143 1914 1226 1954 me
1253 1900 1496 1956 duxisset
1522 1915 1618 1970 per
1641 1915 1763 1970 por-
1790 1886 1838 1945 Β
1867 1904 1969 1959 hoc
2001 1908 2240 1959 torrente
2272 1909 2327 1955 et
2364 1899 2531 1955 lsaias
2576 1900 2854 1969 loquitur:
2892 1917 2910 1950 ι
2950 1900 3088 1953 Ecce
3109 1915 3208 1969 ego
3241 1898 3444 1959 incliuo

178 1998 293 2042 tam
337 1988 603 2057 aquilonis
646 1987 941 2043 forinsecus
986 1987 1053 2041 ad
1094 1987 1235 2042 viam
1282 2004 1402 2057 qua:
1447 1988 1767 2058 reSpiciebat

176 2080 468 2143 orientem,
492 2088 545 2133 et
566 2080 679 2147 ipse
701 2094 911 2148 quoque
932 2085 1075 2133 esset
1097 2079 1152 2132 in
1175 2080 1365 2134 eodem
1385 2076 1524 2143 loco,
1550 2092 1767 2145 mensus

176 2180 268 2224 est
294 2168 534 2238 ejusdem
557 2184 709 2237 aquae
733 2168 875 2222 mille
901 2168 1131 2234 cubitos,
1158 2177 1211 2222 et
1241 2169 1543 2225 transduxit
1563 2183 1649 2223 me
1670 2182 1770 2237 per

180 2276 383 2329 aquam
415 2274 583 2328 usque
617 2261 682 2312 ad
710 2260 874 2321 talos,
896 2279 913 2311 ι
945 2271 1080 2328 quos
1109 2259 1300 2328 Aquila
1331 2268 1385 2314 et
1416 2260 1769 2330 Symmachus

179 2364 239 2405 et
270 2352 565 2409 'l'lieodotio
609 2353 957 2427 ἀστραγάλους
986 2337 1321 2420 interpretati
1354 2360 1500 2416 sunt,
1526 2367 1627 2421 pro
1650 2352 1770 2421 qui-

182 2445 285 2497 bus
314 2442 659 2511 Septuaginta
682 2442 1088 2507 transtulerunt,
1105 2441 1197 2496 sed
1220 2441 1470 2496 transibit
1498 2443 1551 2496 in
1573 2457 1767 2512 aquam

180 2523 550 2581 Ictuissionis.
625 2529 780 2595 Quod
852 2530 1158 2600 intelligere
1234 2545 1525 2599 possumus
1593 2544 1769 2600 prima

178 2615 475 2672 hominum
518 2620 836 2690 significare
874 2618 1126 2692 peccata,
1184 2638 1307 2691 qua:
1336 2621 1771 2694 ingredientibus

186 2706 347 2760 nobis
376 2721 545 2777 aquas
586 2706 799 2762 Domini
827 2707 1189 2773 dimittuntur,
1219 2717 1273 2761 et
1306 2709 1559 2777 baptismi
1587 2717 1770 2764 osten-

186 2796 324 2850 dunt
350 2799 575 2866 gratiam
620 2798 930 2863 salutarem,
965 2808 1017 2852 et
1064 2798 1216 2853 initia
1247 2806 1370 2852 sunt
1408 2797 1767 2867 profecturam.

184 2887 430 2956 Denique
457 2889 524 2943 ad
549 2889 685 2944 talos
708 2904 877 2959 usque
906 2890 1232 2960 perungunt,
1258 2890 1349 2959 qui
1378 2881 1571 2958 planta:
1596 2890 1773 2944 calea-

185 2994 400 3049 neoque
445 2981 608 3035 vicini
631 2990 770 3043 sunt,
806 2982 895 3050 qui
925 2989 1073 3050 patet
1119 2970 1387 3045 morsibus
1428 2980 1652 3045 colubri,
1692 2982 1771 3059 di-

184 3082 347 3128 cente
386 3072 611 3127 Domino
640 3089 651 3126 :
681 3091 703 3126 ι
738 3072 815 3126 Tu
861 3073 976 3143 ejus
1020 3071 1331 3125 observahis
1361 3078 1539 3141 caput,
1576 3081 1629 3124 et
1656 3072 1771 3141 ipse

186 3164 500 3221 observahit
541 3172 687 3218 tuum
732 3164 1039 3219 calcaneum
1072 3162 1224 3232 (Gen.
1262 3163 1367 3234 ιιι).
1389 3181 1409 3215 ι
1444 3162 1511 3217 Ει
1539 3164 1589 3216 in
1617 3162 1770 3217 Psal-

180 3253 327 3314 terio
358 3254 423 3311 de
450 3252 585 3307 Juda
628 3253 822 3311 dicitur
856 3226 1169 3321 proditore:
1202 3270 1219 3302 ι
1255 3226 1353 3318 Qui
1382 3252 1575 3309 edebat
1604 3254 1768 3321 pa‘ncs
1797 3226 1842 3290 Ο

182 3362 361 3412 meos,
398 3341 763 3417 magniﬁcavit
810 3357 971 3411 super
1002 3356 1085 3395 me
1132 3341 1621 3411 supplantationem
1650 3339 1765 3413 (Ps.

182 3443 302 3510 XL),
325 3460 343 3492 )
372 3441 485 3494 sive
516 3439 848 3493 calcaneum.
885 3433 997 3487 lloc
1020 3433 1165 3487 enim
1196 3432 1443 3488 Graecum
1470 3436 1661 3511 πτέρνα
1702 3436 1770 3489 si-

183 3530 426 3602 gniﬁcat.
469 3529 596 3584 Post
640 3528 786 3583 mille
825 3532 1005 3583 autem
1052 3521 1410 3591 cubitos,qui
1458 3523 1777 3592 perveniunt

180 3636 360 3690 usque
406 3620 474 3675 ad
524 3619 711 3683 talum,
738 3632 957 3671 mensus
998 3622 1081 3669 est
1123 3610 1263 3669 alios
1296 3610 1439 3665 mille
1468 3612 1678 3667 cubitos
1721 3612 1775 3666 in

183 3729 348 3784 aqua,
380 3731 398 3762 ι
428 3721 483 3766 et
514 3710 815 3765 transduxit
841 3725 927 3764 me
968 3709 1035 3762 ad
1075 3723 1267 3778 genua.
1293 3726 1310 3757 ι
1346 3703 1472 3759 Post
1498 3704 1773 3758 remissio-

183 3819 313 3858 nem
344 3802 608 3870 siquidem
630 3808 976 3869 peccaturum
998 3807 1053 3853 et
1073 3799 1174 3852 iter
1195 3795 1536 3866 profectuum
1563 3795 1775 3866 quando

181 3890 461 3961 paululum
488 3893 552 3943 de
589 3889 818 3943 terrenis
848 3889 912 3943 ad
951 3887 1141 3941 altiora
1172 3902 1437 3943 conamur
1461 3888 1773 3953 ascendere,

181 3988 451 4044 ﬂectimus
478 3986 702 4044 Domino
724 4001 917 4056 genua,
943 3986 1154 4040 dicente
1173 3984 1425 4053 Apostolo
1453 4002 1466 4037 :
1497 3983 1599 4038 «Ut
1618 3997 1777 4038 omne

182 4095 326 4151 genu
340 4076 587 4132 ﬂectatur
606 4078 907 4132 cmlestium
925 4085 978 4130 et
993 4076 1327 4130 terrestrium
1356 4082 1410 4129 et
1426 4073 1773 4139 infernornm,

186 4179 246 4223 et
289 4169 469 4222 omnis
498 4167 679 4237 lingua
703 4168 1029 4222 conﬁteatur
1057 4166 1310 4235 quoniam
1341 4164 1599 4218 Dominus
1620 4163 1779 4218 Jcsus

184 4257 443 4313 Christus
494 4257 547 4311 in
599 4256 770 4327 gloria
820 4265 904 4312 est
950 4256 1044 4311 Dei
1092 4254 1268 4309 Patris
1318 4251 1547 4324 (Philip.
1597 4254 1689 4321 ιι).
1722 4322 1725 4325 Α
1755 4273 1772 4305 υ

187 4347 378 4403 Tertio
402 4362 622 4404 mensus
641 4356 725 4402 est
752 4346 897 4402 mille
924 4347 1058 4401 alios
1089 4345 1299 4399 cubitos
1327 4365 1343 4397 ι
1375 4353 1430 4398 ει
1458 4344 1777 4409 transduxit,

192 4436 397 4505 inquit,
424 4448 511 4488 me
540 4447 640 4501 per
668 4446 862 4500 aquam
897 4444 1068 4498 usque
1095 4428 1162 4483 ad
1183 4442 1360 4483 renes.
1392 4446 1411 4479 ι

270 4525 365 4580 His
390 4526 534 4579 enim
571 4524 822 4593 gradibus
851 4523 916 4576 ad
945 4520 1194 4575 sublimia
1245 4518 1608 4589 pervenimus,
1652 4534 1771 4588 qua:

193 4627 379 4673 tamen
412 4616 526 4685 ipsa
552 4612 803 4668 sublimia
831 4626 997 4679 usque
1027 4610 1095 4665 ad
1124 4610 1340 4664 lumbos
1378 4618 1433 4673 et
1468 4624 1625 4663 renes
1654 4624 1775 4678 per-

190 4708 445 4771 veniunt,
472 4717 529 4762 ut
549 4706 724 4760 omnis
747 4705 799 4757 in
822 4698 976 4758 nobis
1001 4702 1249 4773 ignobilis
1278 4702 1439 4757 libido
1471 4709 1771 4775 truncetur,

193 4806 253 4853 et
287 4798 657 4868 possideamus
696 4792 1175 4849 sanctiﬁcationem
1222 4793 1467 4862 corporis
1506 4792 1623 4846 sine
1665 4805 1772 4859 qua

196 4902 359 4945 nemo
381 4887 529 4940 videt
561 4886 747 4940 Deum.
776 4883 927 4939 Unde
960 4890 1015 4938 et
1054 4884 1107 4937 in
1152 4884 1255 4937 hoc
1282 4882 1469 4945 eodem
1510 4880 1771 4952 propheta

196 4993 229 5033 a
258 4977 485 5048 pedibus
519 4989 688 5045 usque
726 4975 793 5029 ad
836 4973 1046 5028 lumbos
1091 4973 1234 5027 Deus
1271 4973 1485 5051 igneus
1508 4971 1769 5026 cernitur.

196 5063 440 5133 ludigent
472 5062 615 5117 enim
658 5061 781 5132 igne
824 5067 879 5115 et
905 5059 1223 5129 purgatione
1254 5073 1415 5128 Opera
1448 5058 1769 5123 lumberum,

198 5154 414 5210 dicente
435 5152 620 5220 justo:
650 5168 675 5203 r
709 5150 973 5217 Quoniam
996 5150 1173 5217 lumbi
1202 5150 1306 5203 mei
1335 5149 1525 5217 repleti
1555 5156 1682 5204 sunt
1704 5149 1771 5202 il-

196 5244 499 5300 lusionibus
534 5241 705 5313 (Psal.
737 5240 965 5312 xxxvii),
1004 5260 1028 5290 ι
1049 5256 1146 5309 per
1168 5255 1301 5309 quos
1324 5240 1478 5294 nobis
1519 5248 1573 5294 et
1612 5240 1664 5292 in
1687 5240 1774 5293 die

194 5344 253 5391 et
280 5332 586 5387 innoetium
618 5332 991 5401 phantasmate
1014 5328 1187 5382 illudit
1216 5327 1490 5403 inimicus.
1513 5329 1556 5381 A
1580 5327 1774 5381 lumbis

193 5438 329 5481 vero
364 5437 534 5493 usque
563 5422 631 5476 ad
671 5428 834 5490 caput
858 5428 913 5475 et
942 5418 1198 5473 verticem
1239 5418 1631 5487 pretiosissimo
1668 5433 1775 5473 me-

196 5515 331 5571 tallo
355 5512 541 5569 electri
566 5510 772 5582 fulgore
808 5507 1136 5579 resplendet,
1161 5516 1221 5561 ut
1255 5506 1388 5562 nihil
1417 5507 1470 5560 in
1508 5521 1567 5560 se
1597 5507 1773 5563 sordi-

194 5609 347 5672 dum,
370 5606 505 5661 nihil
535 5605 731 5659 habeat
778 5602 1044 5657 utilitatis.
1080 5600 1233 5655 Unde
1275 5616 1417 5655 nunc
1460 5608 1653 5669 quarto
1682 5599 1765 5653 di-

194 5700 375 5755 citur:
412 5717 431 5747 ι
474 5697 538 5751 Et
570 5709 789 5749 mensus
829 5692 1103 5757 estmille,
1137 5711 1155 5743 ι
1207 5692 1525 5747 subauditur
1570 5691 1771 5745 Cubitos

200 5792 530 5852 torrentem,
586 5787 729 5855 quod
779 5783 1127 5857 Septuaginta
1187 5796 1293 5837 non
1343 5783 1767 5848 transtulerunt;

1867 2008 2028 2063 super
2050 2008 2144 2048 eos
2189 1992 2347 2047 sicuti
2390 1989 2607 2045 ﬂuvium
2658 1992 2831 2061 pacis,
2873 1998 2927 2046 et
2957 1991 3097 2046 sicut
3150 1998 3442 2045 torrentem

1867 2083 2215 2137 inundantem
2236 2081 2477 2151 gloriam.
2509 2102 2526 2133 ι
2565 2081 2631 2135 Et
2650 2080 2705 2135 in
2730 2080 3003 2135 tricesimo
3032 2080 3219 2150 quinto
3240 2079 3446 2149 psalmo

1867 2175 1934 2229 de
1967 2173 2170 2228 sanctis
2201 2172 2426 2226 dicitur:
2457 2190 2476 2221 ί
2514 2170 2570 2224 in
2624 2171 2958 2239 prhtectione
2986 2170 3188 2224 alarum
3234 2179 3445 2223 tuarum

1868 2264 2180 2334 sperabunt,
2206 2262 2618 2317 inebriabuntur
2638 2260 2706 2314 ab
2735 2262 2981 2315 ubertate
3026 2262 3215 2315 domus
3246 2267 3372 2325 tuae,
3395 2270 3448 2315 et

1870 2363 2111 2410 torrente
2160 2352 2473 2407 deliciarum
2519 2360 2733 2406 tuarum
2788 2351 3000 2421 potabis
3047 2366 3162 2416 eos,
3196 2351 3448 2420 quoniam

1869 2445 2011 2517 apud
2052 2453 2107 2500 te
2150 2451 2233 2499 est
2262 2443 2382 2500 fons
2409 2444 2533 2498 vita:
2559 2460 2572 2507 ;
2603 2462 2621 2495 ι
2673 2451 2728 2497 ει
2770 2443 2824 2497 in
2860 2442 3154 2510 centesimo
3191 2440 3450 2496 vicesimo

1870 2539 2098 2611 quinto:
2126 2556 2145 2589 ι
2198 2535 2479 2599 Converte,
2516 2534 2759 2598 Domine,
2793 2533 3158 2603 captivitatem
3208 2538 3448 2587 nostram

1871 2630 2014 2685 sicut
2030 2636 2246 2687 torrens
2276 2628 2330 2681 in
2355 2634 2577 2691 austro;
2608 2646 2626 2678 ι
2679 2634 2731 2680 et
2774 2638 2934 2703 super
2974 2622 3251 2678 Salvatore
3278 2642 3288 2676 :
3319 2640 3337 2673 ί
3376 2620 3451 2677 De

1873 2704 2113 2778 torrente
2146 2722 2201 2785 in
2221 2722 2307 2775 via
2348 2721 2497 2775 bibat
2533 2716 2702 2791 (Paul.
2728 2719 2859 2788 CIX).
2882 2737 2899 2769 ι
2935 2716 3067 2783 Quis
3098 2716 3253 2774 enim
3286 2712 3460 2771 homi-

1875 2827 2004 2866 num
2040 2811 2260 2883 gloriari
2288 2819 2464 2881 potest
2507 2816 2715 2865 castum
2767 2822 2822 2863 se
2871 2806 3072 2862 habere
3100 2796 3236 2860 cor?
3267 2804 3349 2858 vel
3381 2805 3449 2860 ad

1871 2900 2027 2969 cujus
2051 2910 2281 2957 mentem
2304 2916 2402 2970 per
2423 2899 2698 2955 oculorum
2718 2898 2985 2952 fenestras
3007 2911 3153 2951 mors
3173 2896 3450 2965 concupis-

1871 2994 2064 3047 centiae
2097 3006 2203 3045 non
2239 2990 2496 3054 introivit,
2526 2997 2579 3043 et
2607 2996 2667 3042 ut
2690 3002 2877 3057 parum
2902 2987 3102 3052 dicam,
3134 2985 3297 3039 animi
3325 2984 3429 3038 titil

1873 3083 2038 3138 latio?
2073 3100 2091 3134 ‹
2124 3081 2351 3137 Mundus
2376 3080 2518 3135 enim
2546 3080 2601 3134 in
2624 3078 2856 3148 maligno
2882 3077 3088 3148 positus
3112 3084 3195 3130 cst
3217 3074 3268 3147 (Ι
3289 3075 3447 3129 .loan.

1873 3174 1949 3247 v),
1977 3167 2005 3229 ι’
2027 3184 2083 3230 ει
2110 3191 2138 3229 a
2168 3174 2396 3246 pueritia
2419 3172 2719 3243 appositum
2747 3180 2829 3227 est
2852 3186 2946 3226 cor
2976 3170 3208 3224 hominis
3242 3169 3307 3223 ad
3333 3183 3449 3221 nia-

1874 3267 2001 3330 lum,
2044 3274 2103 3320 ut
2132 3280 2198 3320 ne
2240 3265 2401 3322 unius
2430 3263 2642 3332 quidem
2683 3262 2787 3319 diei
2834 3276 2864 3329 a
2902 3261 3199 3315 nativitatis
3230 3259 3450 3315 exordio

1871 3357 1987 3411 sine
2015 3364 2236 3426 peccato
2264 3355 2332 3409 sit
2353 3354 2583 3407 humana
2606 3351 2859 3406 conditio.
2884 3351 3037 3406 Unde
3061 3359 3117 3404 et
3138 3349 3304 3403 David
3329 3364 3427 3404 con

1873 3444 2052 3500 litetur
2080 3445 2134 3498 in
2156 3443 2363 3513 psalmo
2388 3460 2401 3495 :
2435 3460 2452 3493 ι
2492 3442 2631 3496 Ecce
2660 3441 2803 3495 enim
2836 3442 2888 3494 in
2916 3439 3291 3509 iniquitatibus
3321 3454 3451 3493 con-

1873 3544 2059 3606 ceptus
2088 3549 2226 3601 sum,
2264 3543 2317 3590 et
2356 3534 2408 3588 in
2452 3534 2693 3605 peccatis
2726 3534 2969 3602 concepit
3008 3546 3093 3586 me
3134 3540 3306 3586 mater
3332 3545 3449 3586 mea

1876 3625 2049 3698 (Paul.
2076 3627 2196 3696 1.).»
2252 3624 2368 3680 Non
2418 3624 2473 3678 in
2526 3622 2900 3692 iniquitatibus
2950 3621 3139 3676 matris
3183 3636 3317 3675 meae
3366 3620 3451 3675 vel

1874 3724 2022 3771 certe
2048 3716 2201 3780 meis,
2232 3715 2326 3769 sed
2354 3714 2404 3767 in
2437 3712 2807 3786 iniquitatibus
2833 3713 3081 3766 humana:
3107 3710 3449 3765 conditionis.

1879 3804 2028 3862 Unde
2056 3813 2111 3863 et
2132 3805 2418 3876 Apostolus
2452 3808 2617 3861 dicit:
2649 3828 2663 3856 ι
2706 3803 2969 3878 Regnavit
2993 3817 3138 3880 mors
3177 3802 3242 3860 ab
3279 3800 3449 3860 Adam

1877 3912 2048 3968 usque
2073 3899 2138 3952 ad
2167 3896 2595 3968 Moysen,-etiam
2631 3911 2791 3965 super
2827 3910 2920 3949 eos
2981 3894 3069 3963 qui
3113 3909 3219 3949 non
3257 3908 3450 3964 pecca-

1878 3997 2072 4043 verunt
2100 3989 2151 4048 in
2173 3988 2584 4063 similitudinem
2621 3988 3077 4057 praevaricationis
3111 3986 3241 4043 Ada:
3270 3986 3446 4059 (Rom.

1876 4080 1951 4151 ν).
1979 4098 1996 4130 ι
2040 4076 2240 4149 (Creg.)
2267 4077 2405 4144 Quid
2449 4094 2678 4147 namque
2727 4078 3024 4132 millenario
3072 4090 3315 4161 numero,
3348 4080 3451 4135 nisi

1878 4169 2058 4225 collati
2106 4171 2315 4224 numeri
2360 4169 2655 4241 plenitudo
2703 4172 2979 4241 signatur?
3018 4172 3110 4226 Vir
3150 4173 3328 4241 itaque
3359 4172 3451 4242 qui

1880 4261 2144 4331 apparuit,
2192 4260 2338 4315 inille
2392 4261 2599 4315 cubitos
2635 4263 2870 4327 metitur,
2930 4270 2983 4315 et
3022 4257 3303 4330 Propheta
3353 4276 3453 4333 per

1880 4346 2237 4422 aquasusque
2264 4353 2330 4407 ad
2359 4352 2494 4407 talos
2513 4352 2741 4407 ducitur.
2767 4352 2898 4418 Quia
2924 4352 3246 4423 Redemptor
3268 4362 3453 4410 noster

1880 4430 2181 4497 cum'nobis
2208 4442 2275 4496 ad
2298 4456 2355 4496 se
2385 4442 2661 4497 conversis
2684 4442 2808 4496 boni
2834 4442 3036 4497 exordii
3066 4436 3449 4512 plenitudinem

1806 4562 1857 4622 D
1886 4534 2097 4598 tribuit;
2115 4534 2256 4591 dono
2285 4518 2542 4603 spiritalis
2568 4532 2844 4602 sapientia:
2873 4535 3045 4601 prima
3079 4534 3244 4587 nostri
3268 4534 3451 4603 operis

1881 4625 2106 4697 vestigia
2130 4623 2381 4679 infundit.
2412 4625 2619 4694 Aquam
2645 4625 2840 4694 quippe
2880 4639 3049 4693 usque
3097 4626 3160 4677 ad
3193 4625 3327 4679 talos
3354 4640 3445 4679 ve-

1880 4717 2020 4781 nire,
2047 4724 2131 4769 est
2172 4715 2281 4785 jam
2309 4730 2406 4769 nos
2449 4728 2549 4782 per
2595 4723 2869 4784 acceptam
2900 4714 3214 4782 sapientiam
3241 4714 3449 4770 deside-

1880 4814 2010 4859 rata:
2037 4802 2372 4858 rectitudinis
2408 4802 2632 4874 vestigia
2680 4810 2881 4858 tenere.
2923 4803 3022 4869 Qui
3072 4818 3283 4867 rursum
3306 4802 3448 4859 mille

1878 4896 2120 4961 metitur,
2149 4902 2203 4949 ct
2227 4894 2491 4962 Propheta
2516 4907 2684 4963 usque
2703 4894 2768 4946 ad
2802 4909 2973 4962 genua
3010 4910 3107 4963 per
3134 4909 3325 4965 aquam
3350 4896 3447 4950 du—

1879 4989 2037 5042 citur.
2080 4987 2216 5053 Quia
2244 5000 2366 5040 eum
2406 4985 2532 5039 boni
2559 4985 2738 5053 operis
2764 4985 3035 5055 plenitudo
3077 4985 3349 5054 tribuitur,
3378 4988 3448 5057 ad

1876 5081 2175 5148 hocusque
2231 5084 2415 5131 nostra
2476 5076 2738 5145 sapientia
2786 5086 3029 5147 augetur,
3080 5085 3136 5133 ut
3184 5078 3238 5133 in
3268 5079 3444 5148 parvis

1870 5168 1983 5238 jam
2034 5167 2245 5221 actibus
2298 5165 2519 5220 minime
2571 5164 2835 5220 ﬂectatur.
2891 5168 3027 5222 Hinc
3077 5184 3305 5238 namque
3348 5185 3445 5239 per

1872 5258 2065 5313 Isaiam
2080 5257 2322 5329 dicitur:
2359 5275 2376 5306 ι
2411 5255 2683 5311 Remissas
2704 5272 2895 5312 manus
2919 5266 2972 5311 et
2992 5258 3246 5313 dissoluta
3269 5275 3443 5329 genua

1875 5348 2086 5416 erigite,
2117 5358 2170 5400 ct
2198 5360 2414 5417 gressus
2446 5354 2620 5400 rectos
2647 5345 2805 5401 faeitc
2829 5347 3052 5416 pedibus
3066 5348 3271 5403 Vestris
3306 5347 3440 5419 (lca.

1877 5435 2058 5505 xxxv).
2084 5454 2102 5485 ι
2129 5433 2281 5502 Aqua
2321 5448 2448 5503 ergo
2471 5434 2535 5487 ad
2560 5449 2729 5503 genua
2761 5435 3018 5502 pervenit,
3042 5450 3161 5488 cum
3186 5450 3299 5499 nos,
3323 5451 3445 5505 per-

1874 5533 2024 5592 cepta
2055 5523 2337 5592 sapientia,
2358 5522 2600 5592 perfecte
2623 5524 2689 5576 ad
2713 5524 2835 5577 boni
2870 5524 3047 5591 operis
3068 5524 3440 5578 rcctitudinem

1876 5614 2111 5685 stringit.
2155 5612 2254 5678 Qui
2288 5614 2483 5667 iterum
2512 5612 2729 5667 metitur
2771 5613 2937 5678 mille,
2969 5623 3023 5667 et
3059 5612 3321 5681 Propheta
3347 5628 3440 5682 per

1876 5718 2037 5772 quam
2069 5717 2238 5771 usque
2276 5701 2343 5755 ad
2375 5715 2555 5757 renem
2584 5702 2796 5757 ducitur
2825 5720 2837 5756 ;
2885 5702 3013 5772 quia
3040 5701 3287 5755 videlicet
3317 5711 3443 5756 tunc

1875 5794 1931 5849 in
1960 5792 2412 5862 nobisrplcnitudo
2439 5793 2614 5861 operis
2646 5794 2929 5858 cwrescit,
2961 5792 3173 5864 quando
3206 5791 3256 5845 in
3289 5792 3441 5845 nobis
