  <div class='ocr_page' id='page_1' title='image "/cluster/home/n/w/nwhite01/storage/ocr_20150623/110/uva.x000827066/535.png"; bbox 0 0 3924 6360; ppageno 0'>
   <div class='ocr_carea' id='block_1_1' title="bbox 431 373 568 431">
    <p class='ocr_par' dir='ltr' id='par_1_1' title="bbox 431 373 568 431">
     <span class='ocr_line' id='line_1_1' title="bbox 431 373 568 431; baseline -0.015 0"><span class='ocrx_word' id='word_1_1' title='bbox 431 373 568 431; x_wconf 70' lang='grc'><strong>1055</strong></span> 
     </span>
    </p>
   </div>
   <div class='ocr_carea' id='block_1_2' title="bbox 1074 367 3032 429">
    <p class='ocr_par' dir='ltr' id='par_1_2' title="bbox 1074 367 3032 429">
     <span class='ocr_line' id='line_1_2' title="bbox 1074 367 3032 429; baseline 0.001 -2"><span class='ocrx_word' id='word_1_2' title='bbox 1074 372 1136 427; x_wconf 85' lang='grc' dir='ltr'><strong>Β.</strong></span> <span class='ocrx_word' id='word_1_3' title='bbox 1173 369 1427 427; x_wconf 69' lang='lat' dir='ltr'><strong>RABANI</strong></span> <span class='ocrx_word' id='word_1_4' title='bbox 1467 370 1683 428; x_wconf 80' lang='lat' dir='ltr'><strong>MAURI</strong></span> <span class='ocrx_word' id='word_1_5' title='bbox 1722 369 2043 426; x_wconf 77' lang='lat' dir='ltr'><strong>ARClllEP.</strong></span> <span class='ocrx_word' id='word_1_6' title='bbox 2082 370 2392 428; x_wconf 78' lang='lat' dir='ltr'><strong>MOGUNT.</strong></span> <span class='ocrx_word' id='word_1_7' title='bbox 2432 367 2718 428; x_wconf 83' lang='lat' dir='ltr'><strong>OPERUM</strong></span> <span class='ocrx_word' id='word_1_8' title='bbox 2756 371 2936 429; x_wconf 78' lang='lat' dir='ltr'><strong>PARS</strong></span> <span class='ocrx_word' id='word_1_9' title='bbox 2969 374 3032 428; x_wconf 87' lang='lat' dir='ltr'><strong>ll.</strong></span> 
     </span>
    </p>
   </div>
   <div class='ocr_carea' id='block_1_3' title="bbox 3560 378 3701 437">
    <p class='ocr_par' dir='ltr' id='par_1_3' title="bbox 3560 378 3701 437">
     <span class='ocr_line' id='line_1_3' title="bbox 3560 378 3701 437; baseline 0.014 -2"><span class='ocrx_word' id='word_1_10' title='bbox 3560 378 3701 437; x_wconf 68' lang='lat'><strong>{656</strong></span> 
     </span>
    </p>
   </div>
   <div class='ocr_carea' id='block_1_4' title="bbox 423 485 3706 564">
    <p class='ocr_par' dir='ltr' id='par_1_4' title="bbox 423 485 3706 564">
     <span class='ocr_line' id='line_1_4' title="bbox 423 485 3706 564; baseline 0 -16"><span class='ocrx_word' id='word_1_11' title='bbox 423 499 675 563; x_wconf 87' lang='lat' dir='ltr'><strong>percepta</strong></span> <span class='ocrx_word' id='word_1_12' title='bbox 720 488 985 560; x_wconf 79' lang='lat' dir='ltr'><strong>sapientia</strong></span> <span class='ocrx_word' id='word_1_13' title='bbox 1028 503 1217 547; x_wconf 89' lang='lat' dir='ltr'><strong>omnes</strong></span> <span class='ocrx_word' id='word_1_14' title='bbox 1264 503 1499 559; x_wconf 86' lang='lat' dir='ltr'><strong>quoque,</strong></span> <span class='ocrx_word' id='word_1_15' title='bbox 1532 489 1585 543; x_wconf 91' lang='lat' dir='ltr'><strong>in</strong></span> <span class='ocrx_word' id='word_1_16' title='bbox 1640 496 1902 559; x_wconf 92' lang='lat' dir='ltr'><strong>quantum</strong></span> <span class='ocrx_word' id='word_1_17' title='bbox 1928 496 2012 542; x_wconf 87' lang='lat' dir='ltr'><strong>est</strong></span> <span class='ocrx_word' id='word_1_18' title='bbox 2037 490 2092 550; x_wconf 74' lang='grc' dir='ltr'><strong>Α</strong></span> <span class='ocrx_word' id='word_1_19' title='bbox 2120 507 2139 540; x_wconf 86' lang='grc'><strong>‹</strong></span> <span class='ocrx_word' id='word_1_20' title='bbox 2174 485 2311 542; x_wconf 89' lang='lat' dir='ltr'><strong>feret</strong></span> <span class='ocrx_word' id='word_1_21' title='bbox 2337 487 2628 556; x_wconf 88' lang='lat' dir='ltr'><strong>primitiva,</strong></span> <span class='ocrx_word' id='word_1_22' title='bbox 2655 487 2780 557; x_wconf 99' lang='lat' dir='ltr'><strong>quia</strong></span> <span class='ocrx_word' id='word_1_23' title='bbox 2807 502 2960 559; x_wconf 67' lang='lat' dir='ltr'><strong>aquae</strong></span> <span class='ocrx_word' id='word_1_24' title='bbox 2983 489 3101 559; x_wconf 89' lang='lat' dir='ltr'><strong>ejus</strong></span> <span class='ocrx_word' id='word_1_25' title='bbox 3125 491 3191 546; x_wconf 90' lang='lat' dir='ltr'><strong>de</strong></span> <span class='ocrx_word' id='word_1_26' title='bbox 3224 494 3706 564; x_wconf 78' lang='lat' dir='ltr'><strong>sanetuarioegre-</strong></span> 
     </span>
    </p>
   </div>
   <div class='ocr_carea' id='block_1_5' title="bbox 421 578 2011 657">
    <p class='ocr_par' dir='ltr' id='par_1_5' title="bbox 421 578 2011 657">
     <span class='ocr_line' id='line_1_5' title="bbox 421 578 2011 657; baseline -0.006 -17"><span class='ocrx_word' id='word_1_27' title='bbox 421 583 701 657; x_wconf 88' lang='lat' dir='ltr'><strong>possibile,</strong></span> <span class='ocrx_word' id='word_1_28' title='bbox 721 581 1133 642; x_wconf 73' lang='lat' dir='ltr'><strong>delectationem</strong></span> <span class='ocrx_word' id='word_1_29' title='bbox 1165 580 1347 637; x_wconf 90' lang='lat' dir='ltr'><strong>carnis</strong></span> <span class='ocrx_word' id='word_1_30' title='bbox 1367 579 1701 635; x_wconf 80' lang='lat' dir='ltr'><strong>exstinxerit.</strong></span> <span class='ocrx_word' id='word_1_31' title='bbox 1732 578 1847 633; x_wconf 85' lang='lat' dir='ltr'><strong>Nisi</strong></span> <span class='ocrx_word' id='word_1_32' title='bbox 1866 578 2011 632; x_wconf 89' lang='lat' dir='ltr'><strong>enim</strong></span> 
     </span>
    </p>
   </div>
   <div class='ocr_carea' id='block_1_6' title="bbox 424 670 2013 737">
    <p class='ocr_par' dir='ltr' id='par_1_6' title="bbox 424 670 2013 737">
     <span class='ocr_line' id='line_1_6' title="bbox 424 670 2013 737; baseline -0.005 -6"><span class='ocrx_word' id='word_1_33' title='bbox 424 675 605 731; x_wconf 88' lang='lat' dir='ltr'><strong>carnis</strong></span> <span class='ocrx_word' id='word_1_34' title='bbox 634 672 920 728; x_wconf 72' lang='lat' dir='ltr'><strong>delectatio</strong></span> <span class='ocrx_word' id='word_1_35' title='bbox 942 681 1086 727; x_wconf 90' lang='lat' dir='ltr'><strong>esset</strong></span> <span class='ocrx_word' id='word_1_36' title='bbox 1112 673 1168 727; x_wconf 90' lang='lat' dir='ltr'><strong>in</strong></span> <span class='ocrx_word' id='word_1_37' title='bbox 1202 672 1441 737; x_wconf 86' lang='lat' dir='ltr'><strong>renibus,</strong></span> <span class='ocrx_word' id='word_1_38' title='bbox 1470 670 1761 726; x_wconf 87' lang='lat' dir='ltr'><strong>Psalmista</strong></span> <span class='ocrx_word' id='word_1_39' title='bbox 1792 670 2013 724; x_wconf 90' lang='lat' dir='ltr'><strong>minime</strong></span> 
     </span>
    </p>
   </div>
   <div class='ocr_carea' id='block_1_7' title="bbox 423 760 2006 834">
    <p class='ocr_par' dir='ltr' id='par_1_7' title="bbox 423 760 2006 834">
     <span class='ocr_line' id='line_1_7' title="bbox 423 760 2006 834; baseline -0.005 -12"><span class='ocrx_word' id='word_1_40' title='bbox 423 767 667 831; x_wconf 77' lang='lat' dir='ltr'><strong>dixisset,</strong></span> <span class='ocrx_word' id='word_1_41' title='bbox 687 785 706 818; x_wconf 73' lang='grc' dir='ltr'>ι</span> <span class='ocrx_word' id='word_1_42' title='bbox 735 764 846 822; x_wconf 86' lang='lat' dir='ltr'><strong>Ure</strong></span> <span class='ocrx_word' id='word_1_43' title='bbox 866 778 1025 820; x_wconf 89' lang='lat' dir='ltr'><strong>renes</strong></span> <span class='ocrx_word' id='word_1_44' title='bbox 1045 780 1214 830; x_wconf 87' lang='lat' dir='ltr'><strong>meos,</strong></span> <span class='ocrx_word' id='word_1_45' title='bbox 1234 773 1288 821; x_wconf 90' lang='lat' dir='ltr'><strong>et</strong></span> <span class='ocrx_word' id='word_1_46' title='bbox 1307 780 1402 820; x_wconf 92' lang='lat' dir='ltr'><strong>eor</strong></span> <span class='ocrx_word' id='word_1_47' title='bbox 1422 778 1599 818; x_wconf 90' lang='lat' dir='ltr'><strong>meum</strong></span> <span class='ocrx_word' id='word_1_48' title='bbox 1619 760 1791 834; x_wconf 78' lang='lat' dir='ltr'><strong>(Psal.</strong></span> <span class='ocrx_word' id='word_1_49' title='bbox 1816 760 1962 833; x_wconf 78' lang='lat' dir='ltr'><strong>xxv).</strong></span> <span class='ocrx_word' id='word_1_50' title='bbox 1987 780 2006 814; x_wconf 77' lang='grc' dir='ltr'><strong><em>ι</em></strong></span> 
     </span>
    </p>
   </div>
   <div class='ocr_carea' id='block_1_8' title="bbox 424 849 2013 931">
    <p class='ocr_par' dir='ltr' id='par_1_8' title="bbox 424 849 2013 931">
     <span class='ocr_line' id='line_1_8' title="bbox 424 849 2013 931; baseline -0.003 -21"><span class='ocrx_word' id='word_1_51' title='bbox 424 856 579 927; x_wconf 84' lang='lat' dir='ltr'><strong>Aqua</strong></span> <span class='ocrx_word' id='word_1_52' title='bbox 606 857 769 927; x_wconf 80' lang='lat' dir='ltr'><strong>igitur</strong></span> <span class='ocrx_word' id='word_1_53' title='bbox 793 854 861 909; x_wconf 91' lang='lat' dir='ltr'><strong>ad</strong></span> <span class='ocrx_word' id='word_1_54' title='bbox 896 868 1054 921; x_wconf 86' lang='lat' dir='ltr'><strong>renes</strong></span> <span class='ocrx_word' id='word_1_55' title='bbox 1105 855 1275 919; x_wconf 83' lang='lat' dir='ltr'><strong>venit,</strong></span> <span class='ocrx_word' id='word_1_56' title='bbox 1308 868 1451 931; x_wconf 27' lang='lat' dir='ltr'><strong>cum.</strong></span> <span class='ocrx_word' id='word_1_57' title='bbox 1477 851 1706 906; x_wconf 89' lang='lat' dir='ltr'><strong>dulcedo</strong></span> <span class='ocrx_word' id='word_1_58' title='bbox 1733 849 2013 921; x_wconf 64' lang='lat' dir='ltr'><strong>sapientiae</strong></span> 
     </span>
    </p>
   </div>
   <div class='ocr_carea' id='block_1_9' title="bbox 423 944 2013 1012">
    <p class='ocr_par' dir='ltr' id='par_1_9' title="bbox 423 944 2013 1012">
     <span class='ocr_line' id='line_1_9' title="bbox 423 944 2013 1012; baseline -0.005 -9"><span class='ocrx_word' id='word_1_59' title='bbox 423 949 588 1003; x_wconf 92' lang='lat' dir='ltr'><strong>etiam</strong></span> <span class='ocrx_word' id='word_1_60' title='bbox 638 946 907 1002; x_wconf 91' lang='lat' dir='ltr'><strong>incentiva</strong></span> <span class='ocrx_word' id='word_1_61' title='bbox 959 944 1457 1008; x_wconf 83' lang='lat' dir='ltr'><strong>carnisinterimit,</strong></span> <span class='ocrx_word' id='word_1_62' title='bbox 1504 950 1566 997; x_wconf 91' lang='lat' dir='ltr'><strong>ut</strong></span> <span class='ocrx_word' id='word_1_63' title='bbox 1615 957 1825 1012; x_wconf 84' lang='lat' dir='ltr'><strong>eaquae</strong></span> <span class='ocrx_word' id='word_1_64' title='bbox 1853 955 2013 996; x_wconf 89' lang='lat' dir='ltr'><strong>urere</strong></span> 
     </span>
    </p>
   </div>
   <div class='ocr_carea' id='block_1_10' title="bbox 424 1033 2008 1107">
    <p class='ocr_par' dir='ltr' id='par_1_10' title="bbox 424 1033 2008 1107">
     <span class='ocr_line' id='line_1_10' title="bbox 424 1033 2008 1107; baseline -0.005 -14"><span class='ocrx_word' id='word_1_65' title='bbox 424 1045 661 1093; x_wconf 85' lang='lat' dir='ltr'><strong>mentem</strong></span> <span class='ocrx_word' id='word_1_66' title='bbox 713 1043 967 1107; x_wconf 82' lang='lat' dir='ltr'><strong>poterant</strong></span> <span class='ocrx_word' id='word_1_67' title='bbox 1004 1034 1373 1092; x_wconf 84' lang='lat' dir='ltr'><strong>delectationis</strong></span> <span class='ocrx_word' id='word_1_68' title='bbox 1422 1034 1669 1088; x_wconf 88' lang='lat' dir='ltr'><strong>incendia</strong></span> <span class='ocrx_word' id='word_1_69' title='bbox 1698 1033 2008 1103; x_wconf 81' lang='lat' dir='ltr'><strong>frigescant.</strong></span> 
     </span>
    </p>
   </div>
   <div class='ocr_carea' id='block_1_11' title="bbox 426 1126 2015 1197">
    <p class='ocr_par' dir='ltr' id='par_1_11' title="bbox 426 1126 2015 1197">
     <span class='ocr_line' id='line_1_11' title="bbox 426 1126 2015 1197; baseline -0.003 -13"><span class='ocrx_word' id='word_1_70' title='bbox 426 1130 529 1197; x_wconf 85' lang='lat' dir='ltr'><strong>Qui</strong></span> <span class='ocrx_word' id='word_1_71' title='bbox 583 1128 758 1184; x_wconf 90' lang='lat' dir='ltr'><strong>adhuc</strong></span> <span class='ocrx_word' id='word_1_72' title='bbox 796 1144 1016 1184; x_wconf 88' lang='lat' dir='ltr'><strong>mensus</strong></span> <span class='ocrx_word' id='word_1_73' title='bbox 1074 1136 1157 1184; x_wconf 93' lang='lat' dir='ltr'><strong>est</strong></span> <span class='ocrx_word' id='word_1_74' title='bbox 1204 1126 1353 1183; x_wconf 90' lang='lat' dir='ltr'><strong>mille</strong></span> <span class='ocrx_word' id='word_1_75' title='bbox 1391 1135 1708 1192; x_wconf 83' lang='lat' dir='ltr'><strong>torrentem,</strong></span> <span class='ocrx_word' id='word_1_76' title='bbox 1765 1126 2015 1182; x_wconf 83' lang='lat' dir='ltr'><strong>videlicet</strong></span> 
     </span>
    </p>
   </div>
   <div class='ocr_carea' id='block_1_12' title="bbox 423 1217 2011 1290">
    <p class='ocr_par' dir='ltr' id='par_1_12' title="bbox 423 1217 2011 1290">
     <span class='ocr_line' id='line_1_12' title="bbox 423 1217 2011 1290; baseline -0.002 -16"><span class='ocrx_word' id='word_1_77' title='bbox 423 1234 583 1290; x_wconf 88' lang='lat' dir='ltr'><strong>quem</strong></span> <span class='ocrx_word' id='word_1_78' title='bbox 613 1219 876 1290; x_wconf 85' lang='lat' dir='ltr'><strong>Propheta</strong></span> <span class='ocrx_word' id='word_1_79' title='bbox 908 1218 1240 1289; x_wconf 90' lang='lat' dir='ltr'><strong>pertransire</strong></span> <span class='ocrx_word' id='word_1_80' title='bbox 1263 1234 1366 1274; x_wconf 91' lang='lat' dir='ltr'><strong>non</strong></span> <span class='ocrx_word' id='word_1_81' title='bbox 1395 1218 1586 1288; x_wconf 89' lang='lat' dir='ltr'><strong>potuit.</strong></span> <span class='ocrx_word' id='word_1_82' title='bbox 1615 1218 1693 1272; x_wconf 89' lang='lat' dir='ltr'><strong>De</strong></span> <span class='ocrx_word' id='word_1_83' title='bbox 1720 1232 1828 1287; x_wconf 90' lang='lat' dir='ltr'><strong>quo</strong></span> <span class='ocrx_word' id='word_1_84' title='bbox 1847 1217 2011 1272; x_wconf 89' lang='lat' dir='ltr'><strong>etiam</strong></span> 
     </span>
    </p>
   </div>
   <div class='ocr_carea' id='block_1_13' title="bbox 424 1307 2013 1380">
    <p class='ocr_par' dir='ltr' id='par_1_13' title="bbox 424 1307 2013 1380">
     <span class='ocr_line' id='line_1_13' title="bbox 424 1307 2013 1380; baseline -0.003 -13"><span class='ocrx_word' id='word_1_85' title='bbox 424 1311 594 1367; x_wconf 81' lang='lat' dir='ltr'><strong>dicit:</strong></span> <span class='ocrx_word' id='word_1_86' title='bbox 625 1329 644 1362; x_wconf 74' lang='grc' dir='ltr'>ι</span> <span class='ocrx_word' id='word_1_87' title='bbox 687 1311 955 1380; x_wconf 87' lang='lat' dir='ltr'><strong>Quoniam</strong></span> <span class='ocrx_word' id='word_1_88' title='bbox 1004 1312 1375 1366; x_wconf 89' lang='lat' dir='ltr'><strong>intumuerunt</strong></span> <span class='ocrx_word' id='word_1_89' title='bbox 1408 1323 1563 1378; x_wconf 72' lang='lat' dir='ltr'><strong>aqua:</strong></span> <span class='ocrx_word' id='word_1_90' title='bbox 1606 1307 1857 1378; x_wconf 80' lang='lat' dir='ltr'><strong>profundi</strong></span> <span class='ocrx_word' id='word_1_91' title='bbox 1901 1316 2013 1363; x_wconf 90' lang='lat' dir='ltr'><strong>tor-</strong></span> 
     </span>
    </p>
   </div>
   <div class='ocr_carea' id='block_1_14' title="bbox 336 1400 2009 1474">
    <p class='ocr_par' dir='ltr' id='par_1_14' title="bbox 336 1400 2009 1474">
     <span class='ocr_line' id='line_1_14' title="bbox 336 1400 2009 1474; baseline -0.003 -17"><span class='ocrx_word' id='word_1_92' title='bbox 336 1414 340 1420; x_wconf 83' lang='lat'><strong><em>‘</em></strong></span> <span class='ocrx_word' id='word_1_93' title='bbox 422 1403 611 1467; x_wconf 88' lang='lat' dir='ltr'><strong>rentis,</strong></span> <span class='ocrx_word' id='word_1_94' title='bbox 638 1404 730 1472; x_wconf 87' lang='lat' dir='ltr'><strong>qui</strong></span> <span class='ocrx_word' id='word_1_95' title='bbox 757 1419 862 1458; x_wconf 93' lang='lat' dir='ltr'><strong>non</strong></span> <span class='ocrx_word' id='word_1_96' title='bbox 886 1411 1065 1474; x_wconf 89' lang='lat' dir='ltr'><strong>potest</strong></span> <span class='ocrx_word' id='word_1_97' title='bbox 1103 1400 1457 1457; x_wconf 90' lang='lat' dir='ltr'><strong>transvadari.</strong></span> <span class='ocrx_word' id='word_1_98' title='bbox 1484 1420 1502 1453; x_wconf 75' lang='grc' dir='ltr'><strong><em>ι</em></strong></span> <span class='ocrx_word' id='word_1_99' title='bbox 1556 1400 1818 1468; x_wconf 90' lang='lat' dir='ltr'><strong>Percepta</strong></span> <span class='ocrx_word' id='word_1_100' title='bbox 1853 1413 2009 1453; x_wconf 91' lang='lat' dir='ltr'><strong>nam-</strong></span> 
     </span>
    </p>
   </div>
   <div class='ocr_carea' id='block_1_15' title="bbox 423 1489 2009 1569">
    <p class='ocr_par' dir='ltr' id='par_1_15' title="bbox 423 1489 2009 1569">
     <span class='ocr_line' id='line_1_15' title="bbox 423 1489 2009 1569; baseline -0.006 -18"><span class='ocrx_word' id='word_1_101' title='bbox 423 1511 530 1567; x_wconf 89' lang='lat' dir='ltr'><strong>que</strong></span> <span class='ocrx_word' id='word_1_102' title='bbox 555 1495 888 1569; x_wconf 80' lang='lat' dir='ltr'><strong>perfectione</strong></span> <span class='ocrx_word' id='word_1_103' title='bbox 912 1496 1115 1564; x_wconf 87' lang='lat' dir='ltr'><strong>operis,</strong></span> <span class='ocrx_word' id='word_1_104' title='bbox 1147 1493 1212 1546; x_wconf 86' lang='lat' dir='ltr'><strong>ad</strong></span> <span class='ocrx_word' id='word_1_105' title='bbox 1244 1491 1751 1561; x_wconf 88' lang='lat' dir='ltr'><strong>contemplationem</strong></span> <span class='ocrx_word' id='word_1_106' title='bbox 1777 1489 2009 1554; x_wconf 80' lang='lat' dir='ltr'><strong>venitur,</strong></span> 
     </span>
    </p>
   </div>
   <div class='ocr_carea' id='block_1_16' title="bbox 424 1578 2012 1655">
    <p class='ocr_par' dir='ltr' id='par_1_16' title="bbox 424 1578 2012 1655">
     <span class='ocr_line' id='line_1_16' title="bbox 424 1578 2012 1655; baseline -0.004 -15"><span class='ocrx_word' id='word_1_107' title='bbox 424 1584 482 1640; x_wconf 93' lang='lat' dir='ltr'><strong>in</strong></span> <span class='ocrx_word' id='word_1_108' title='bbox 522 1601 627 1655; x_wconf 92' lang='lat' dir='ltr'><strong>qua</strong></span> <span class='ocrx_word' id='word_1_109' title='bbox 658 1585 866 1640; x_wconf 81' lang='lat' dir='ltr'><strong>scilicet</strong></span> <span class='ocrx_word' id='word_1_110' title='bbox 908 1582 1361 1651; x_wconf 86' lang='lat' dir='ltr'><strong>contemplatione</strong></span> <span class='ocrx_word' id='word_1_111' title='bbox 1408 1581 1533 1635; x_wconf 91' lang='lat' dir='ltr'><strong>dum</strong></span> <span class='ocrx_word' id='word_1_112' title='bbox 1560 1595 1716 1635; x_wconf 91' lang='lat' dir='ltr'><strong>mens</strong></span> <span class='ocrx_word' id='word_1_113' title='bbox 1744 1580 1799 1633; x_wconf 92' lang='lat' dir='ltr'><strong>in</strong></span> <span class='ocrx_word' id='word_1_114' title='bbox 1842 1578 2012 1633; x_wconf 89' lang='lat' dir='ltr'><strong>altum</strong></span> 
     </span>
    </p>
   </div>
   <div class='ocr_carea' id='block_1_17' title="bbox 424 1672 2013 1741">
    <p class='ocr_par' dir='ltr' id='par_1_17' title="bbox 424 1672 2013 1741">
     <span class='ocr_line' id='line_1_17' title="bbox 424 1672 2013 1741; baseline -0.004 -10"><span class='ocrx_word' id='word_1_115' title='bbox 424 1676 642 1732; x_wconf 85' lang='lat' dir='ltr'><strong>ducitur</strong></span> <span class='ocrx_word' id='word_1_116' title='bbox 669 1675 946 1730; x_wconf 89' lang='lat' dir='ltr'><strong>sublevata</strong></span> <span class='ocrx_word' id='word_1_117' title='bbox 971 1674 1117 1730; x_wconf 89' lang='lat' dir='ltr'><strong>videt</strong></span> <span class='ocrx_word' id='word_1_118' title='bbox 1157 1674 1211 1727; x_wconf 94' lang='lat' dir='ltr'><strong>in</strong></span> <span class='ocrx_word' id='word_1_119' title='bbox 1243 1673 1372 1737; x_wconf 90' lang='lat' dir='ltr'><strong>Deo,</strong></span> <span class='ocrx_word' id='word_1_120' title='bbox 1407 1672 1533 1741; x_wconf 86' lang='lat' dir='ltr'><strong>quia</strong></span> <span class='ocrx_word' id='word_1_121' title='bbox 1575 1687 1681 1726; x_wconf 92' lang='lat' dir='ltr'><strong>non</strong></span> <span class='ocrx_word' id='word_1_122' title='bbox 1713 1678 1894 1741; x_wconf 89' lang='lat' dir='ltr'><strong>potest</strong></span> <span class='ocrx_word' id='word_1_123' title='bbox 1920 1684 2013 1739; x_wconf 87' lang='lat' dir='ltr'><strong>pe-</strong></span> 
     </span>
    </p>
   </div>
   <div class='ocr_carea' id='block_1_18' title="bbox 426 1763 2008 1836">
    <p class='ocr_par' dir='ltr' id='par_1_18' title="bbox 426 1763 2008 1836">
     <span class='ocr_line' id='line_1_18' title="bbox 426 1763 2008 1836; baseline -0.004 -15"><span class='ocrx_word' id='word_1_124' title='bbox 426 1774 645 1821; x_wconf 88' lang='lat' dir='ltr'><strong>netrare</strong></span> <span class='ocrx_word' id='word_1_125' title='bbox 687 1766 830 1836; x_wconf 89' lang='lat' dir='ltr'><strong>quod</strong></span> <span class='ocrx_word' id='word_1_126' title='bbox 872 1764 1037 1830; x_wconf 80' lang='lat' dir='ltr'><strong>videt,</strong></span> <span class='ocrx_word' id='word_1_127' title='bbox 1067 1773 1123 1819; x_wconf 91' lang='lat' dir='ltr'><strong>ct</strong></span> <span class='ocrx_word' id='word_1_128' title='bbox 1163 1765 1317 1833; x_wconf 89' lang='lat' dir='ltr'><strong>quasi</strong></span> <span class='ocrx_word' id='word_1_129' title='bbox 1349 1764 1517 1833; x_wconf 80' lang='lat' dir='ltr'><strong>tangit</strong></span> <span class='ocrx_word' id='word_1_130' title='bbox 1568 1763 1635 1817; x_wconf 90' lang='lat' dir='ltr'><strong>ad</strong></span> <span class='ocrx_word' id='word_1_131' title='bbox 1666 1777 1863 1832; x_wconf 88' lang='lat' dir='ltr'><strong>aquam</strong></span> <span class='ocrx_word' id='word_1_132' title='bbox 1893 1769 2008 1817; x_wconf 84' lang='lat' dir='ltr'><strong>tor-</strong></span> 
     </span>
    </p>
   </div>
   <div class='ocr_carea' id='block_1_19' title="bbox 2122 570 3703 650">
    <p class='ocr_par' dir='ltr' id='par_1_19' title="bbox 2122 570 3703 650">
     <span class='ocr_line' id='line_1_19' title="bbox 2122 570 3703 650; baseline 0.008 -22"><span class='ocrx_word' id='word_1_133' title='bbox 2122 594 2142 628; x_wconf 71' lang='grc'><strong>(</strong></span> <span class='ocrx_word' id='word_1_134' title='bbox 2178 576 2412 632; x_wconf 90' lang='lat' dir='ltr'><strong>dientur.</strong></span> <span class='ocrx_word' id='word_1_135' title='bbox 2457 576 2526 631; x_wconf 90' lang='lat' dir='ltr'><strong>Et</strong></span> <span class='ocrx_word' id='word_1_136' title='bbox 2553 586 2709 631; x_wconf 88' lang='lat' dir='ltr'><strong>erunt</strong></span> <span class='ocrx_word' id='word_1_137' title='bbox 2757 570 2967 633; x_wconf 72' lang='lat' dir='ltr'><strong>fructus</strong></span> <span class='ocrx_word' id='word_1_138' title='bbox 3011 576 3129 647; x_wconf 86' lang='lat' dir='ltr'><strong>ejus</strong></span> <span class='ocrx_word' id='word_1_139' title='bbox 3167 580 3219 633; x_wconf 91' lang='lat' dir='ltr'><strong>in</strong></span> <span class='ocrx_word' id='word_1_140' title='bbox 3256 582 3358 637; x_wconf 75' lang='lat' dir='ltr'><strong>cibi</strong></span> <span class='ocrx_word' id='word_1_141' title='bbox 3381 599 3457 650; x_wconf 79' lang='lat' dir='ltr'><strong>tn,</strong></span> <span class='ocrx_word' id='word_1_142' title='bbox 3488 592 3545 639; x_wconf 89' lang='lat' dir='ltr'><strong>et</strong></span> <span class='ocrx_word' id='word_1_143' title='bbox 3573 584 3703 640; x_wconf 79' lang='lat' dir='ltr'><strong>folia</strong></span> 
     </span>
    </p>
   </div>
   <div class='ocr_carea' id='block_1_20' title="bbox 2121 664 3702 743">
    <p class='ocr_par' dir='ltr' id='par_1_20' title="bbox 2121 664 3702 743">
     <span class='ocr_line' id='line_1_20' title="bbox 2121 664 3702 743; baseline 0.008 -27"><span class='ocrx_word' id='word_1_144' title='bbox 2121 682 2140 716; x_wconf 85' lang='grc'><strong><em>‹</em></strong></span> <span class='ocrx_word' id='word_1_145' title='bbox 2174 664 2290 735; x_wconf 84' lang='lat' dir='ltr'><strong>ejus</strong></span> <span class='ocrx_word' id='word_1_146' title='bbox 2312 664 2379 718; x_wconf 91' lang='lat' dir='ltr'><strong>ad</strong></span> <span class='ocrx_word' id='word_1_147' title='bbox 2414 664 2756 719; x_wconf 85' lang='lat' dir='ltr'><strong>medicinam.</strong></span> <span class='ocrx_word' id='word_1_148' title='bbox 2779 684 2798 717; x_wconf 70' lang='grc' dir='ltr'><strong><em>ι</em></strong></span> <span class='ocrx_word' id='word_1_149' title='bbox 2827 664 3022 721; x_wconf 90' lang='lat' dir='ltr'><strong>Totum</strong></span> <span class='ocrx_word' id='word_1_150' title='bbox 3048 667 3363 737; x_wconf 86' lang='lat' dir='ltr'><strong>capitulum,</strong></span> <span class='ocrx_word' id='word_1_151' title='bbox 3390 688 3702 743; x_wconf 86' lang='lat' dir='ltr'><strong>quanquam</strong></span> 
     </span>
    </p>
   </div>
   <div class='ocr_carea' id='block_1_21' title="bbox 2114 754 3705 833">
    <p class='ocr_par' dir='ltr' id='par_1_21' title="bbox 2114 754 3705 833">
     <span class='ocr_line' id='line_1_21' title="bbox 2114 754 3705 833; baseline 0.006 -24"><span class='ocrx_word' id='word_1_152' title='bbox 2114 754 2382 825; x_wconf 81' lang='lat' dir='ltr'><strong>prolixum</strong></span> <span class='ocrx_word' id='word_1_153' title='bbox 2411 757 2483 810; x_wconf 92' lang='lat' dir='ltr'><strong>sit</strong></span> <span class='ocrx_word' id='word_1_154' title='bbox 2509 756 2689 821; x_wconf 86' lang='lat' dir='ltr'><strong>simul,</strong></span> <span class='ocrx_word' id='word_1_155' title='bbox 2715 772 2916 826; x_wconf 88' lang='lat' dir='ltr'><strong>ponere</strong></span> <span class='ocrx_word' id='word_1_156' title='bbox 2941 758 3107 822; x_wconf 89' lang='lat' dir='ltr'><strong>volui,</strong></span> <span class='ocrx_word' id='word_1_157' title='bbox 3133 774 3201 813; x_wconf 91' lang='lat' dir='ltr'><strong>ne</strong></span> <span class='ocrx_word' id='word_1_158' title='bbox 3226 775 3446 818; x_wconf 87' lang='lat' dir='ltr'><strong>sensum</strong></span> <span class='ocrx_word' id='word_1_159' title='bbox 3474 761 3705 833; x_wconf 82' lang='lat' dir='ltr'><strong>legentis</strong></span> 
     </span>
    </p>
   </div>
   <div class='ocr_carea' id='block_1_22' title="bbox 2115 847 3703 923">
    <p class='ocr_par' dir='ltr' id='par_1_22' title="bbox 2115 847 3703 923">
     <span class='ocr_line' id='line_1_22' title="bbox 2115 847 3703 923; baseline 0.004 -23"><span class='ocrx_word' id='word_1_160' title='bbox 2115 847 2571 917; x_wconf 88' lang='lat' dir='ltr'><strong>interrumperem</strong></span> <span class='ocrx_word' id='word_1_161' title='bbox 2594 856 2649 902; x_wconf 89' lang='lat' dir='ltr'><strong>et</strong></span> <span class='ocrx_word' id='word_1_162' title='bbox 2677 848 2920 904; x_wconf 88' lang='lat' dir='ltr'><strong>lectionis</strong></span> <span class='ocrx_word' id='word_1_163' title='bbox 2940 850 3074 904; x_wconf 82' lang='lat' dir='ltr'><strong>ordo</strong></span> <span class='ocrx_word' id='word_1_164' title='bbox 3094 851 3298 906; x_wconf 87' lang='lat' dir='ltr'><strong>divisus</strong></span> <span class='ocrx_word' id='word_1_165' title='bbox 3322 853 3375 906; x_wconf 93' lang='lat' dir='ltr'><strong>in</strong></span> <span class='ocrx_word' id='word_1_166' title='bbox 3398 864 3583 923; x_wconf 87' lang='lat' dir='ltr'><strong>partes</strong></span> <span class='ocrx_word' id='word_1_167' title='bbox 3602 870 3703 908; x_wconf 90' lang='lat' dir='ltr'><strong>au-</strong></span> 
     </span>
    </p>
   </div>
   <div class='ocr_carea' id='block_1_23' title="bbox 2113 934 3705 1011">
    <p class='ocr_par' dir='ltr' id='par_1_23' title="bbox 2113 934 3705 1011">
     <span class='ocr_line' id='line_1_23' title="bbox 2113 934 3705 1011; baseline 0.006 -23"><span class='ocrx_word' id='word_1_168' title='bbox 2113 934 2312 991; x_wconf 87' lang='lat' dir='ltr'><strong>dientis</strong></span> <span class='ocrx_word' id='word_1_169' title='bbox 2367 936 2776 1006; x_wconf 86' lang='lat' dir='ltr'><strong>intelligentiam</strong></span> <span class='ocrx_word' id='word_1_170' title='bbox 2824 940 3198 993; x_wconf 74' lang='lat' dir='ltr'><strong>conturbaret.</strong></span> <span class='ocrx_word' id='word_1_171' title='bbox 3263 940 3522 997; x_wconf 90' lang='lat' dir='ltr'><strong>Dicamus</strong></span> <span class='ocrx_word' id='word_1_172' title='bbox 3570 958 3705 1011; x_wconf 80' lang='lat' dir='ltr'><strong>ergo</strong></span> 
     </span>
    </p>
   </div>
   <div class='ocr_carea' id='block_1_24' title="bbox 2114 1014 3709 1103">
    <p class='ocr_par' dir='ltr' id='par_1_24' title="bbox 2114 1014 3709 1103">
     <span class='ocr_line' id='line_1_24' title="bbox 2114 1014 3709 1103; baseline 0.006 -24"><span class='ocrx_word' id='word_1_173' title='bbox 2114 1026 2243 1096; x_wconf 93' lang='lat' dir='ltr'><strong>quid</strong></span> <span class='ocrx_word' id='word_1_174' title='bbox 2290 1014 2448 1083; x_wconf 82' lang='lat' dir='ltr'><strong>nobis</strong></span> <span class='ocrx_word' id='word_1_175' title='bbox 2480 1028 2730 1083; x_wconf 88' lang='lat' dir='ltr'><strong>videatur</strong></span> <span class='ocrx_word' id='word_1_176' title='bbox 2777 1029 2831 1083; x_wconf 93' lang='lat' dir='ltr'><strong>in</strong></span> <span class='ocrx_word' id='word_1_177' title='bbox 2889 1030 3134 1099; x_wconf 82' lang='lat' dir='ltr'><strong>singulis.</strong></span> <span class='ocrx_word' id='word_1_178' title='bbox 3189 1031 3280 1087; x_wconf 75' lang='lat' dir='ltr'><strong>Vir</strong></span> <span class='ocrx_word' id='word_1_179' title='bbox 3308 1034 3416 1098; x_wconf 90' lang='lat' dir='ltr'><strong>ille,</strong></span> <span class='ocrx_word' id='word_1_180' title='bbox 3464 1035 3555 1103; x_wconf 91' lang='lat' dir='ltr'><strong>qui</strong></span> <span class='ocrx_word' id='word_1_181' title='bbox 3585 1043 3709 1089; x_wconf 86' lang='lat' dir='ltr'><strong>erat</strong></span> 
     </span>
    </p>
   </div>
   <div class='ocr_carea' id='block_1_25' title="bbox 2114 1118 3712 1195">
    <p class='ocr_par' dir='ltr' id='par_1_25' title="bbox 2114 1118 3712 1195">
     <span class='ocr_line' id='line_1_25' title="bbox 2114 1118 3712 1195; baseline 0.004 -22"><span class='ocrx_word' id='word_1_182' title='bbox 2114 1118 2305 1173; x_wconf 89' lang='lat' dir='ltr'><strong>ductor</strong></span> <span class='ocrx_word' id='word_1_183' title='bbox 2325 1118 2641 1184; x_wconf 71' lang='lat' dir='ltr'><strong>Ezechielis,</strong></span> <span class='ocrx_word' id='word_1_184' title='bbox 2661 1128 2968 1174; x_wconf 85' lang='lat' dir='ltr'><strong>commonet</strong></span> <span class='ocrx_word' id='word_1_185' title='bbox 3008 1122 3347 1191; x_wconf 82' lang='lat' dir='ltr'><strong>prophetam,</strong></span> <span class='ocrx_word' id='word_1_186' title='bbox 3388 1132 3449 1178; x_wconf 90' lang='lat' dir='ltr'><strong>ut</strong></span> <span class='ocrx_word' id='word_1_187' title='bbox 3477 1123 3712 1195; x_wconf 87' lang='lat' dir='ltr'><strong>diligen-</strong></span> 
     </span>
    </p>
   </div>
   <div class='ocr_carea' id='block_1_26' title="bbox 2114 1210 3710 1290">
    <p class='ocr_par' dir='ltr' id='par_1_26' title="bbox 2114 1210 3710 1290">
     <span class='ocr_line' id='line_1_26' title="bbox 2114 1210 3710 1290; baseline 0.006 -27"><span class='ocrx_word' id='word_1_188' title='bbox 2114 1210 2223 1265; x_wconf 92' lang='lat' dir='ltr'><strong>tius</strong></span> <span class='ocrx_word' id='word_1_189' title='bbox 2270 1211 2542 1268; x_wconf 88' lang='lat' dir='ltr'><strong>intueatur</strong></span> <span class='ocrx_word' id='word_1_190' title='bbox 2571 1222 2624 1269; x_wconf 90' lang='lat' dir='ltr'><strong>et</strong></span> <span class='ocrx_word' id='word_1_191' title='bbox 2653 1215 2850 1277; x_wconf 85' lang='lat' dir='ltr'><strong>videat,</strong></span> <span class='ocrx_word' id='word_1_192' title='bbox 2881 1223 2935 1269; x_wconf 86' lang='lat' dir='ltr'><strong>et</strong></span> <span class='ocrx_word' id='word_1_193' title='bbox 2975 1217 3184 1271; x_wconf 91' lang='lat' dir='ltr'><strong>occulta</strong></span> <span class='ocrx_word' id='word_1_194' title='bbox 3232 1219 3488 1290; x_wconf 84' lang='lat' dir='ltr'><strong>mysteria</strong></span> <span class='ocrx_word' id='word_1_195' title='bbox 3530 1217 3710 1273; x_wconf 79' lang='lat' dir='ltr'><strong>oeulis</strong></span> 
     </span>
    </p>
   </div>
   <div class='ocr_carea' id='block_1_27' title="bbox 2113 1300 3706 1382">
    <p class='ocr_par' dir='ltr' id='par_1_27' title="bbox 2113 1300 3706 1382">
     <span class='ocr_line' id='line_1_27' title="bbox 2113 1300 3706 1382; baseline 0.005 -27"><span class='ocrx_word' id='word_1_196' title='bbox 2113 1300 2311 1358; x_wconf 87' lang='lat' dir='ltr'><strong>mentis</strong></span> <span class='ocrx_word' id='word_1_197' title='bbox 2339 1304 2603 1382; x_wconf 83' lang='lat' dir='ltr'><strong>attendat.</strong></span> <span class='ocrx_word' id='word_1_198' title='bbox 2644 1304 2816 1359; x_wconf 82' lang='lat' dir='ltr'><strong>Vocat</strong></span> <span class='ocrx_word' id='word_1_199' title='bbox 2846 1314 3026 1361; x_wconf 90' lang='lat' dir='ltr'><strong>autem</strong></span> <span class='ocrx_word' id='word_1_200' title='bbox 3055 1306 3220 1361; x_wconf 85' lang='lat' dir='ltr'><strong>filium</strong></span> <span class='ocrx_word' id='word_1_201' title='bbox 3253 1309 3489 1364; x_wconf 87' lang='lat' dir='ltr'><strong>hominis</strong></span> <span class='ocrx_word' id='word_1_202' title='bbox 3528 1309 3613 1362; x_wconf 89' lang='lat' dir='ltr'><strong>vel</strong></span> <span class='ocrx_word' id='word_1_203' title='bbox 3648 1325 3706 1363; x_wconf 80' lang='lat' dir='ltr'><strong>in</strong></span> 
     </span>
    </p>
   </div>
   <div class='ocr_carea' id='block_1_28' title="bbox 2114 1392 3713 1468">
    <p class='ocr_par' dir='ltr' id='par_1_28' title="bbox 2114 1392 3713 1468">
     <span class='ocr_line' id='line_1_28' title="bbox 2114 1392 3713 1468; baseline 0.005 -23"><span class='ocrx_word' id='word_1_204' title='bbox 2114 1394 2281 1463; x_wconf 83' lang='lat' dir='ltr'><strong>figura</strong></span> <span class='ocrx_word' id='word_1_205' title='bbox 2311 1392 2522 1449; x_wconf 91' lang='lat' dir='ltr'><strong>Domini</strong></span> <span class='ocrx_word' id='word_1_206' title='bbox 2551 1394 2865 1451; x_wconf 67' lang='lat' dir='ltr'><strong>Saluatoris.</strong></span> <span class='ocrx_word' id='word_1_207' title='bbox 2896 1397 3106 1451; x_wconf 85' lang='lat' dir='ltr'><strong>Etenim</strong></span> <span class='ocrx_word' id='word_1_208' title='bbox 3147 1398 3397 1453; x_wconf 81' lang='lat' dir='ltr'><strong>Ezechiel</strong></span> <span class='ocrx_word' id='word_1_209' title='bbox 3440 1399 3713 1468; x_wconf 88' lang='lat' dir='ltr'><strong>interpre-</strong></span> 
     </span>
    </p>
   </div>
   <div class='ocr_carea' id='block_1_29' title="bbox 2114 1482 3712 1556">
    <p class='ocr_par' dir='ltr' id='par_1_29' title="bbox 2114 1482 3712 1556">
     <span class='ocr_line' id='line_1_29' title="bbox 2114 1482 3712 1556; baseline 0.004 -20"><span class='ocrx_word' id='word_1_210' title='bbox 2114 1491 2261 1537; x_wconf 87' lang='lat' dir='ltr'><strong>tatur</strong></span> <span class='ocrx_word' id='word_1_211' title='bbox 2292 1482 2553 1541; x_wconf 89' lang='lat' dir='ltr'><strong>fortitudo</strong></span> <span class='ocrx_word' id='word_1_212' title='bbox 2577 1487 2663 1540; x_wconf 86' lang='lat' dir='ltr'><strong>vel</strong></span> <span class='ocrx_word' id='word_1_213' title='bbox 2702 1487 2985 1556; x_wconf 90' lang='lat' dir='ltr'><strong>imperinm</strong></span> <span class='ocrx_word' id='word_1_214' title='bbox 3016 1488 3109 1543; x_wconf 89' lang='lat' dir='ltr'><strong>Dei</strong></span> <span class='ocrx_word' id='word_1_215' title='bbox 3135 1502 3150 1541; x_wconf 92' lang='lat'><strong>:</strong></span> <span class='ocrx_word' id='word_1_216' title='bbox 3178 1488 3261 1542; x_wconf 89' lang='lat' dir='ltr'><strong>vel</strong></span> <span class='ocrx_word' id='word_1_217' title='bbox 3290 1497 3438 1543; x_wconf 89' lang='lat' dir='ltr'><strong>certe</strong></span> <span class='ocrx_word' id='word_1_218' title='bbox 3469 1489 3534 1542; x_wconf 87' lang='lat' dir='ltr'><strong>ad</strong></span> <span class='ocrx_word' id='word_1_219' title='bbox 3559 1504 3712 1543; x_wconf 87' lang='lat' dir='ltr'><strong>com-</strong></span> 
     </span>
    </p>
   </div>
   <div class='ocr_carea' id='block_1_30' title="bbox 2112 1574 3714 1648">
    <p class='ocr_par' dir='ltr' id='par_1_30' title="bbox 2112 1574 3714 1648">
     <span class='ocr_line' id='line_1_30' title="bbox 2112 1574 3714 1648; baseline 0.004 -20"><span class='ocrx_word' id='word_1_220' title='bbox 2112 1574 2464 1631; x_wconf 88' lang='lat' dir='ltr'><strong>monitionem</strong></span> <span class='ocrx_word' id='word_1_221' title='bbox 2491 1576 2800 1648; x_wconf 81' lang='lat' dir='ltr'><strong>fragilitatis</strong></span> <span class='ocrx_word' id='word_1_222' title='bbox 2827 1579 3097 1644; x_wconf 73' lang='lat' dir='ltr'><strong>humanm,</strong></span> <span class='ocrx_word' id='word_1_223' title='bbox 3114 1596 3183 1635; x_wconf 90' lang='lat' dir='ltr'><strong>ne</strong></span> <span class='ocrx_word' id='word_1_224' title='bbox 3206 1580 3559 1634; x_wconf 87' lang='lat' dir='ltr'><strong>obliviscatur</strong></span> <span class='ocrx_word' id='word_1_225' title='bbox 3580 1595 3714 1634; x_wconf 84' lang='lat' dir='ltr'><strong>eon-</strong></span> 
     </span>
    </p>
   </div>
   <div class='ocr_carea' id='block_1_31' title="bbox 2113 1668 3713 1740">
    <p class='ocr_par' dir='ltr' id='par_1_31' title="bbox 2113 1668 3713 1740">
     <span class='ocr_line' id='line_1_31' title="bbox 2113 1668 3713 1740; baseline 0.003 -17"><span class='ocrx_word' id='word_1_226' title='bbox 2113 1668 2335 1723; x_wconf 91' lang='lat' dir='ltr'><strong>ditionis</strong></span> <span class='ocrx_word' id='word_1_227' title='bbox 2365 1684 2495 1735; x_wconf 72' lang='lat' dir='ltr'><strong>suze,</strong></span> <span class='ocrx_word' id='word_1_228' title='bbox 2529 1672 2653 1725; x_wconf 90' lang='lat' dir='ltr'><strong>dum</strong></span> <span class='ocrx_word' id='word_1_229' title='bbox 2701 1671 2753 1725; x_wconf 91' lang='lat' dir='ltr'><strong>ei</strong></span> <span class='ocrx_word' id='word_1_230' title='bbox 2796 1686 2991 1740; x_wconf 86' lang='lat' dir='ltr'><strong>magna</strong></span> <span class='ocrx_word' id='word_1_231' title='bbox 3040 1679 3432 1726; x_wconf 88' lang='lat' dir='ltr'><strong>monstrantur.</strong></span> <span class='ocrx_word' id='word_1_232' title='bbox 3468 1672 3534 1725; x_wconf 86' lang='lat' dir='ltr'><strong>Et</strong></span> <span class='ocrx_word' id='word_1_233' title='bbox 3561 1688 3713 1726; x_wconf 88' lang='lat' dir='ltr'><strong>eom-</strong></span> 
     </span>
    </p>
   </div>
   <div class='ocr_carea' id='block_1_32' title="bbox 2114 1758 3711 1831">
    <p class='ocr_par' dir='ltr' id='par_1_32' title="bbox 2114 1758 3711 1831">
     <span class='ocr_line' id='line_1_32' title="bbox 2114 1758 3711 1831; baseline 0.003 -20"><span class='ocrx_word' id='word_1_234' title='bbox 2114 1758 2378 1813; x_wconf 90' lang='lat' dir='ltr'><strong>monitum</strong></span> <span class='ocrx_word' id='word_1_235' title='bbox 2408 1760 2558 1815; x_wconf 88' lang='lat' dir='ltr'><strong>ducit</strong></span> <span class='ocrx_word' id='word_1_236' title='bbox 2601 1768 2764 1830; x_wconf 90' lang='lat' dir='ltr'><strong>atque</strong></span> <span class='ocrx_word' id='word_1_237' title='bbox 2810 1761 3076 1817; x_wconf 85' lang='lat' dir='ltr'><strong>convertit</strong></span> <span class='ocrx_word' id='word_1_238' title='bbox 3106 1762 3173 1816; x_wconf 88' lang='lat' dir='ltr'><strong>ad</strong></span> <span class='ocrx_word' id='word_1_239' title='bbox 3218 1762 3393 1831; x_wconf 89' lang='lat' dir='ltr'><strong>ripam</strong></span> <span class='ocrx_word' id='word_1_240' title='bbox 3426 1762 3711 1825; x_wconf 86' lang='lat' dir='ltr'><strong>torrentis.</strong></span> 
     </span>
    </p>
   </div>
   <div class='ocr_carea' id='block_1_33' title="bbox 421 1852 3717 1925">
    <p class='ocr_par' dir='ltr' id='par_1_33' title="bbox 421 1852 3717 1925">
     <span class='ocr_line' id='line_1_33' title="bbox 421 1852 3717 1925; baseline -0.001 -15"><span class='ocrx_word' id='word_1_241' title='bbox 421 1855 597 1911; x_wconf 83' lang='lat' dir='ltr'><strong>rentis</strong></span> <span class='ocrx_word' id='word_1_242' title='bbox 651 1871 812 1925; x_wconf 84' lang='lat' dir='ltr'><strong>quam</strong></span> <span class='ocrx_word' id='word_1_243' title='bbox 834 1854 1169 1925; x_wconf 87' lang='lat' dir='ltr'><strong>pertransire</strong></span> <span class='ocrx_word' id='word_1_244' title='bbox 1215 1869 1318 1908; x_wconf 91' lang='lat' dir='ltr'><strong>non</strong></span> <span class='ocrx_word' id='word_1_245' title='bbox 1347 1853 1509 1919; x_wconf 88' lang='lat' dir='ltr'><strong>valet,</strong></span> <span class='ocrx_word' id='word_1_246' title='bbox 1540 1852 1665 1923; x_wconf 90' lang='lat' dir='ltr'><strong>quia</strong></span> <span class='ocrx_word' id='word_1_247' title='bbox 1689 1861 1745 1907; x_wconf 89' lang='lat' dir='ltr'><strong>et</strong></span> <span class='ocrx_word' id='word_1_248' title='bbox 1772 1852 2013 1907; x_wconf 91' lang='lat' dir='ltr'><strong>intuetur</strong></span> <span class='ocrx_word' id='word_1_249' title='bbox 2044 1852 2086 1911; x_wconf 84' lang='grc' dir='ltr'><strong>Β</strong></span> <span class='ocrx_word' id='word_1_250' title='bbox 2115 1858 2176 1905; x_wconf 91' lang='lat' dir='ltr'><strong>ut</strong></span> <span class='ocrx_word' id='word_1_251' title='bbox 2200 1852 2456 1921; x_wconf 92' lang='lat' dir='ltr'><strong>quoniam</strong></span> <span class='ocrx_word' id='word_1_252' title='bbox 2487 1853 2720 1907; x_wconf 87' lang='lat' dir='ltr'><strong>mediam</strong></span> <span class='ocrx_word' id='word_1_253' title='bbox 2746 1852 3170 1922; x_wconf 86' lang='lat' dir='ltr'><strong>profunditatem</strong></span> <span class='ocrx_word' id='word_1_254' title='bbox 3211 1853 3446 1908; x_wconf 88' lang='lat' dir='ltr'><strong>transire</strong></span> <span class='ocrx_word' id='word_1_255' title='bbox 3480 1870 3586 1907; x_wconf 88' lang='lat' dir='ltr'><strong>non</strong></span> <span class='ocrx_word' id='word_1_256' title='bbox 3612 1869 3717 1923; x_wconf 90' lang='lat' dir='ltr'><strong>po—</strong></span> 
     </span>
    </p>
   </div>
   <div class='ocr_carea' id='block_1_34' title="bbox 426 1943 2012 2014">
    <p class='ocr_par' dir='ltr' id='par_1_34' title="bbox 426 1943 2012 2014">
     <span class='ocr_line' id='line_1_34' title="bbox 426 1943 2012 2014; baseline -0.002 -14"><span class='ocrx_word' id='word_1_257' title='bbox 426 1943 776 2014; x_wconf 86' lang='lat' dir='ltr'><strong>speculando,</strong></span> <span class='ocrx_word' id='word_1_258' title='bbox 814 1944 959 2014; x_wconf 85' lang='lat' dir='ltr'><strong>quod</strong></span> <span class='ocrx_word' id='word_1_259' title='bbox 1006 1945 1190 2008; x_wconf 58' lang='lat' dir='ltr'><strong>libeat,</strong></span> <span class='ocrx_word' id='word_1_260' title='bbox 1220 1953 1273 1998; x_wconf 89' lang='lat' dir='ltr'><strong>et</strong></span> <span class='ocrx_word' id='word_1_261' title='bbox 1303 1951 1483 1997; x_wconf 85' lang='lat' dir='ltr'><strong>tamen</strong></span> <span class='ocrx_word' id='word_1_262' title='bbox 1529 1943 1632 1998; x_wconf 88' lang='lat' dir='ltr'><strong>hoc</strong></span> <span class='ocrx_word' id='word_1_263' title='bbox 1661 1943 1836 2012; x_wconf 84' lang='lat' dir='ltr'><strong>ipsum</strong></span> <span class='ocrx_word' id='word_1_264' title='bbox 1884 1958 2012 2013; x_wconf 89' lang='lat' dir='ltr'><strong>per-</strong></span> 
     </span>
    </p>
   </div>
   <div class='ocr_carea' id='block_1_35' title="bbox 420 2033 2011 2108">
    <p class='ocr_par' dir='ltr' id='par_1_35' title="bbox 420 2033 2011 2108">
     <span class='ocr_line' id='line_1_35' title="bbox 420 2033 2011 2108; baseline 0 -19"><span class='ocrx_word' id='word_1_265' title='bbox 420 2035 563 2091; x_wconf 89' lang='lat' dir='ltr'><strong>fecte</strong></span> <span class='ocrx_word' id='word_1_266' title='bbox 590 2052 699 2091; x_wconf 89' lang='lat' dir='ltr'><strong>non</strong></span> <span class='ocrx_word' id='word_1_267' title='bbox 726 2036 870 2108; x_wconf 77' lang='lat' dir='ltr'><strong>valet</strong></span> <span class='ocrx_word' id='word_1_268' title='bbox 895 2036 1118 2099; x_wconf 91' lang='lat' dir='ltr'><strong>intueri,</strong></span> <span class='ocrx_word' id='word_1_269' title='bbox 1154 2035 1297 2104; x_wconf 90' lang='lat' dir='ltr'><strong>quod</strong></span> <span class='ocrx_word' id='word_1_270' title='bbox 1324 2034 1473 2090; x_wconf 87' lang='lat' dir='ltr'><strong>libet.</strong></span> <span class='ocrx_word' id='word_1_271' title='bbox 1504 2033 1771 2104; x_wconf 86' lang='lat' dir='ltr'><strong>Propheta</strong></span> <span class='ocrx_word' id='word_1_272' title='bbox 1795 2051 1924 2107; x_wconf 88' lang='lat' dir='ltr'><strong>ergo</strong></span> <span class='ocrx_word' id='word_1_273' title='bbox 1945 2035 2011 2089; x_wconf 88' lang='lat' dir='ltr'><strong>ad</strong></span> 
     </span>
    </p>
   </div>
   <div class='ocr_carea' id='block_1_36' title="bbox 423 2120 2009 2201">
    <p class='ocr_par' dir='ltr' id='par_1_36' title="bbox 423 2120 2009 2201">
     <span class='ocr_line' id='line_1_36' title="bbox 423 2120 2009 2201; baseline -0.002 -20"><span class='ocrx_word' id='word_1_274' title='bbox 423 2141 619 2195; x_wconf 85' lang='lat' dir='ltr'><strong>aquam</strong></span> <span class='ocrx_word' id='word_1_275' title='bbox 646 2128 972 2201; x_wconf 80' lang='lat' dir='ltr'><strong>quandoque</strong></span> <span class='ocrx_word' id='word_1_276' title='bbox 1011 2127 1278 2196; x_wconf 88' lang='lat' dir='ltr'><strong>pervenit,</strong></span> <span class='ocrx_word' id='word_1_277' title='bbox 1326 2126 1493 2196; x_wconf 89' lang='lat' dir='ltr'><strong>quam</strong></span> <span class='ocrx_word' id='word_1_278' title='bbox 1523 2141 1628 2181; x_wconf 91' lang='lat' dir='ltr'><strong>non</strong></span> <span class='ocrx_word' id='word_1_279' title='bbox 1676 2120 2009 2195; x_wconf 73' lang='lat' dir='ltr'><strong>pertransit:</strong></span> 
     </span>
    </p>
   </div>
   <div class='ocr_carea' id='block_1_37' title="bbox 425 2216 2016 2287">
    <p class='ocr_par' dir='ltr' id='par_1_37' title="bbox 425 2216 2016 2287">
     <span class='ocr_line' id='line_1_37' title="bbox 425 2216 2016 2287; baseline -0.001 -14"><span class='ocrx_word' id='word_1_280' title='bbox 425 2218 551 2287; x_wconf 92' lang='lat' dir='ltr'><strong>quia</strong></span> <span class='ocrx_word' id='word_1_281' title='bbox 584 2217 663 2272; x_wconf 89' lang='lat' dir='ltr'><strong>ad</strong></span> <span class='ocrx_word' id='word_1_282' title='bbox 701 2216 1214 2287; x_wconf 88' lang='lat' dir='ltr'><strong>contemplationem</strong></span> <span class='ocrx_word' id='word_1_283' title='bbox 1264 2216 1543 2286; x_wconf 84' lang='lat' dir='ltr'><strong>sapientiae</strong></span> <span class='ocrx_word' id='word_1_284' title='bbox 1573 2232 1696 2271; x_wconf 91' lang='lat' dir='ltr'><strong>cum</strong></span> <span class='ocrx_word' id='word_1_285' title='bbox 1742 2216 1810 2271; x_wconf 93' lang='lat' dir='ltr'><strong>ad</strong></span> <span class='ocrx_word' id='word_1_286' title='bbox 1836 2226 2016 2271; x_wconf 81' lang='lat' dir='ltr'><strong>extre-</strong></span> 
     </span>
    </p>
   </div>
   <div class='ocr_carea' id='block_1_38' title="bbox 421 2308 2015 2380">
    <p class='ocr_par' dir='ltr' id='par_1_38' title="bbox 421 2308 2015 2380">
     <span class='ocr_line' id='line_1_38' title="bbox 421 2308 2015 2380; baseline -0.002 -14"><span class='ocrx_word' id='word_1_287' title='bbox 421 2325 573 2366; x_wconf 91' lang='lat' dir='ltr'><strong>mum</strong></span> <span class='ocrx_word' id='word_1_288' title='bbox 600 2311 838 2375; x_wconf 89' lang='lat' dir='ltr'><strong>ducitur,</strong></span> <span class='ocrx_word' id='word_1_289' title='bbox 878 2309 995 2380; x_wconf 88' lang='lat' dir='ltr'><strong>ipsa</strong></span> <span class='ocrx_word' id='word_1_290' title='bbox 1024 2308 1142 2379; x_wconf 83' lang='lat' dir='ltr'><strong>ejus</strong></span> <span class='ocrx_word' id='word_1_291' title='bbox 1186 2310 1544 2375; x_wconf 90' lang='lat' dir='ltr'><strong>immensitas,</strong></span> <span class='ocrx_word' id='word_1_292' title='bbox 1576 2324 1696 2379; x_wconf 81' lang='lat' dir='ltr'><strong>qua:</strong></span> <span class='ocrx_word' id='word_1_293' title='bbox 1720 2322 1785 2363; x_wconf 83' lang='lat' dir='ltr'><strong>ex</strong></span> <span class='ocrx_word' id='word_1_294' title='bbox 1834 2324 1893 2364; x_wconf 91' lang='lat' dir='ltr'><strong>se</strong></span> <span class='ocrx_word' id='word_1_295' title='bbox 1918 2309 2015 2363; x_wconf 91' lang='lat' dir='ltr'><strong>ho-</strong></span> 
     </span>
    </p>
   </div>
   <div class='ocr_carea' id='block_1_39' title="bbox 422 2398 2017 2469">
    <p class='ocr_par' dir='ltr' id='par_1_39' title="bbox 422 2398 2017 2469">
     <span class='ocr_line' id='line_1_39' title="bbox 422 2398 2017 2469; baseline -0.003 -12"><span class='ocrx_word' id='word_1_296' title='bbox 422 2402 624 2457; x_wconf 83' lang='lat' dir='ltr'><strong>minem</strong></span> <span class='ocrx_word' id='word_1_297' title='bbox 647 2400 897 2462; x_wconf 85' lang='lat' dir='ltr'><strong>sublevat</strong></span> <span class='ocrx_word' id='word_1_298' title='bbox 926 2402 995 2456; x_wconf 89' lang='lat' dir='ltr'><strong>ad</strong></span> <span class='ocrx_word' id='word_1_299' title='bbox 1024 2415 1082 2454; x_wconf 91' lang='lat' dir='ltr'><strong>se</strong></span> <span class='ocrx_word' id='word_1_300' title='bbox 1106 2400 1348 2454; x_wconf 88' lang='lat' dir='ltr'><strong>humano</strong></span> <span class='ocrx_word' id='word_1_301' title='bbox 1378 2399 1559 2455; x_wconf 92' lang='lat' dir='ltr'><strong>animo</strong></span> <span class='ocrx_word' id='word_1_302' title='bbox 1598 2399 1811 2468; x_wconf 90' lang='lat' dir='ltr'><strong>plenam</strong></span> <span class='ocrx_word' id='word_1_303' title='bbox 1837 2398 2017 2469; x_wconf 85' lang='lat' dir='ltr'><strong>cogni-</strong></span> 
     </span>
    </p>
   </div>
   <div class='ocr_carea' id='block_1_40' title="bbox 421 2480 2017 2559">
    <p class='ocr_par' dir='ltr' id='par_1_40' title="bbox 421 2480 2017 2559">
     <span class='ocr_line' id='line_1_40' title="bbox 421 2480 2017 2559; baseline -0.002 -15"><span class='ocrx_word' id='word_1_304' title='bbox 421 2487 624 2545; x_wconf 82' lang='lat' dir='ltr'><strong>tionem</strong></span> <span class='ocrx_word' id='word_1_305' title='bbox 678 2498 861 2556; x_wconf 82' lang='lat' dir='ltr'><strong>necat,</strong></span> <span class='ocrx_word' id='word_1_306' title='bbox 890 2496 950 2544; x_wconf 92' lang='lat' dir='ltr'><strong>ut</strong></span> <span class='ocrx_word' id='word_1_307' title='bbox 994 2480 1139 2544; x_wconf 84' lang='lat' dir='ltr'><strong>hanc</strong></span> <span class='ocrx_word' id='word_1_308' title='bbox 1177 2495 1233 2543; x_wconf 91' lang='lat' dir='ltr'><strong>et</strong></span> <span class='ocrx_word' id='word_1_309' title='bbox 1260 2488 1530 2559; x_wconf 87' lang='lat' dir='ltr'><strong>tangendo</strong></span> <span class='ocrx_word' id='word_1_310' title='bbox 1560 2497 1725 2551; x_wconf 89' lang='lat' dir='ltr'><strong>amet,</strong></span> <span class='ocrx_word' id='word_1_311' title='bbox 1751 2496 1806 2542; x_wconf 90' lang='lat' dir='ltr'><strong>et</strong></span> <span class='ocrx_word' id='word_1_312' title='bbox 1835 2496 2017 2542; x_wconf 89' lang='lat' dir='ltr'><strong>tamen</strong></span> 
     </span>
    </p>
   </div>
   <div class='ocr_carea' id='block_1_41' title="bbox 422 2579 2020 2651">
    <p class='ocr_par' dir='ltr' id='par_1_41' title="bbox 422 2579 2020 2651">
     <span class='ocr_line' id='line_1_41' title="bbox 422 2579 2020 2651; baseline -0.001 -16"><span class='ocrx_word' id='word_1_313' title='bbox 422 2597 763 2651; x_wconf 85' lang='lat' dir='ltr'><strong>nequaquam</strong></span> <span class='ocrx_word' id='word_1_314' title='bbox 809 2580 1247 2651; x_wconf 86' lang='lat' dir='ltr'><strong>pertranseundo</strong></span> <span class='ocrx_word' id='word_1_315' title='bbox 1294 2587 1562 2651; x_wconf 86' lang='lat' dir='ltr'><strong>penetret.</strong></span> <span class='ocrx_word' id='word_1_316' title='bbox 1608 2579 1809 2635; x_wconf 89' lang='lat' dir='ltr'><strong>Beatus</strong></span> <span class='ocrx_word' id='word_1_317' title='bbox 1857 2580 2020 2650; x_wconf 87' lang='lat' dir='ltr'><strong>igitur</strong></span> 
     </span>
    </p>
   </div>
   <div class='ocr_carea' id='block_1_42' title="bbox 422 2669 2022 2739">
    <p class='ocr_par' dir='ltr' id='par_1_42' title="bbox 422 2669 2022 2739">
     <span class='ocr_line' id='line_1_42' title="bbox 422 2669 2022 2739; baseline -0.001 -14"><span class='ocrx_word' id='word_1_318' title='bbox 422 2669 525 2725; x_wconf 83' lang='lat' dir='ltr'><strong>Job</strong></span> <span class='ocrx_word' id='word_1_319' title='bbox 569 2671 684 2725; x_wconf 73' lang='lat' dir='ltr'><strong>hmo</strong></span> <span class='ocrx_word' id='word_1_320' title='bbox 710 2670 1046 2725; x_wconf 88' lang='lat' dir='ltr'><strong>incrementa</strong></span> <span class='ocrx_word' id='word_1_321' title='bbox 1075 2669 1362 2735; x_wconf 90' lang='lat' dir='ltr'><strong>virtutum,</strong></span> <span class='ocrx_word' id='word_1_322' title='bbox 1395 2670 1522 2739; x_wconf 88' lang='lat' dir='ltr'><strong>quia</strong></span> <span class='ocrx_word' id='word_1_323' title='bbox 1559 2670 1813 2726; x_wconf 87' lang='lat' dir='ltr'><strong>distincte</strong></span> <span class='ocrx_word' id='word_1_324' title='bbox 1848 2670 2022 2724; x_wconf 87' lang='lat' dir='ltr'><strong>homi-</strong></span> 
     </span>
    </p>
   </div>
   <div class='ocr_carea' id='block_1_43' title="bbox 422 2762 2020 2831">
    <p class='ocr_par' dir='ltr' id='par_1_43' title="bbox 422 2762 2020 2831">
     <span class='ocr_line' id='line_1_43' title="bbox 422 2762 2020 2831; baseline 0.001 -16"><span class='ocrx_word' id='word_1_325' title='bbox 422 2762 580 2817; x_wconf 89' lang='lat' dir='ltr'><strong>nibus</strong></span> <span class='ocrx_word' id='word_1_326' title='bbox 610 2776 842 2831; x_wconf 88' lang='lat' dir='ltr'><strong>superno</strong></span> <span class='ocrx_word' id='word_1_327' title='bbox 896 2777 1123 2817; x_wconf 88' lang='lat' dir='ltr'><strong>munere</strong></span> <span class='ocrx_word' id='word_1_328' title='bbox 1172 2762 1338 2817; x_wconf 89' lang='lat' dir='ltr'><strong>tribui</strong></span> <span class='ocrx_word' id='word_1_329' title='bbox 1365 2762 1671 2831; x_wconf 81' lang='lat' dir='ltr'><strong>conspexit,</strong></span> <span class='ocrx_word' id='word_1_330' title='bbox 1701 2763 1898 2831; x_wconf 87' lang='lat' dir='ltr'><strong>gradus</strong></span> <span class='ocrx_word' id='word_1_331' title='bbox 1924 2778 2020 2817; x_wconf 87' lang='lat' dir='ltr'><strong>vo-</strong></span> 
     </span>
    </p>
   </div>
   <div class='ocr_carea' id='block_1_44' title="bbox 423 2852 2020 2924">
    <p class='ocr_par' dir='ltr' id='par_1_44' title="bbox 423 2852 2020 2924">
     <span class='ocr_line' id='line_1_44' title="bbox 423 2852 2020 2924; baseline -0.001 -17"><span class='ocrx_word' id='word_1_332' title='bbox 423 2854 567 2908; x_wconf 88' lang='lat' dir='ltr'><strong>cavit</strong></span> <span class='ocrx_word' id='word_1_333' title='bbox 592 2869 606 2906; x_wconf 94' lang='lat'><strong>:</strong></span> <span class='ocrx_word' id='word_1_334' title='bbox 643 2855 899 2924; x_wconf 90' lang='lat' dir='ltr'><strong>quoniam</strong></span> <span class='ocrx_word' id='word_1_335' title='bbox 954 2869 1054 2924; x_wconf 92' lang='lat' dir='ltr'><strong>per</strong></span> <span class='ocrx_word' id='word_1_336' title='bbox 1081 2854 1226 2923; x_wconf 89' lang='lat' dir='ltr'><strong>ipsos</strong></span> <span class='ocrx_word' id='word_1_337' title='bbox 1253 2852 1566 2908; x_wconf 86' lang='lat' dir='ltr'><strong>ascenditur</strong></span> <span class='ocrx_word' id='word_1_338' title='bbox 1594 2860 1651 2906; x_wconf 87' lang='lat' dir='ltr'><strong>ut</strong></span> <span class='ocrx_word' id='word_1_339' title='bbox 1681 2852 1749 2906; x_wconf 92' lang='lat' dir='ltr'><strong>ad</strong></span> <span class='ocrx_word' id='word_1_340' title='bbox 1780 2852 2020 2907; x_wconf 74' lang='lat' dir='ltr'><strong>ctelestia</strong></span> 
     </span>
    </p>
   </div>
   <div class='ocr_carea' id='block_1_45' title="bbox 417 2941 2021 3013">
    <p class='ocr_par' dir='ltr' id='par_1_45' title="bbox 417 2941 2021 3013">
     <span class='ocr_line' id='line_1_45' title="bbox 417 2941 2021 3013; baseline -0.003 -12"><span class='ocrx_word' id='word_1_341' title='bbox 417 2943 714 3001; x_wconf 78' lang='lat' dir='ltr'><strong>obtinenda</strong></span> <span class='ocrx_word' id='word_1_342' title='bbox 757 2944 1025 2999; x_wconf 90' lang='lat' dir='ltr'><strong>veniatur.</strong></span> <span class='ocrx_word' id='word_1_343' title='bbox 1064 2941 1217 2997; x_wconf 90' lang='lat' dir='ltr'><strong>Sacri</strong></span> <span class='ocrx_word' id='word_1_344' title='bbox 1250 2943 1433 3013; x_wconf 88' lang='lat' dir='ltr'><strong>itaque</strong></span> <span class='ocrx_word' id='word_1_345' title='bbox 1462 2942 1608 3008; x_wconf 82' lang='lat' dir='ltr'><strong>libri,</strong></span> <span class='ocrx_word' id='word_1_346' title='bbox 1639 2941 1693 2996; x_wconf 90' lang='lat' dir='ltr'><strong>id</strong></span> <span class='ocrx_word' id='word_1_347' title='bbox 1724 2950 1828 3006; x_wconf 91' lang='lat' dir='ltr'><strong>est,</strong></span> <span class='ocrx_word' id='word_1_348' title='bbox 1853 2942 2021 2996; x_wconf 91' lang='lat' dir='ltr'><strong>divini</strong></span> 
     </span>
    </p>
   </div>
   <div class='ocr_carea' id='block_1_46' title="bbox 427 3031 2023 3101">
    <p class='ocr_par' dir='ltr' id='par_1_46' title="bbox 427 3031 2023 3101">
     <span class='ocr_line' id='line_1_46' title="bbox 427 3031 2023 3101; baseline -0.001 -14"><span class='ocrx_word' id='word_1_349' title='bbox 427 3031 627 3101; x_wconf 81' lang='lat' dir='ltr'><strong>eloquii</strong></span> <span class='ocrx_word' id='word_1_350' title='bbox 658 3034 975 3087; x_wconf 86' lang='lat' dir='ltr'><strong>memoriam</strong></span> <span class='ocrx_word' id='word_1_351' title='bbox 1005 3031 1230 3096; x_wconf 84' lang='lat' dir='ltr'><strong>faciens,</strong></span> <span class='ocrx_word' id='word_1_352' title='bbox 1258 3032 1425 3087; x_wconf 88' lang='lat' dir='ltr'><strong>dicit:</strong></span> <span class='ocrx_word' id='word_1_353' title='bbox 1461 3050 1479 3082; x_wconf 72' lang='grc' dir='ltr'><strong>α</strong></span> <span class='ocrx_word' id='word_1_354' title='bbox 1508 3031 1613 3086; x_wconf 86' lang='lat' dir='ltr'><strong>Per</strong></span> <span class='ocrx_word' id='word_1_355' title='bbox 1638 3031 1877 3101; x_wconf 88' lang='lat' dir='ltr'><strong>singu&#39;os</strong></span> <span class='ocrx_word' id='word_1_356' title='bbox 1903 3046 2023 3101; x_wconf 89' lang='lat' dir='ltr'><strong>gra-</strong></span> 
     </span>
    </p>
   </div>
   <div class='ocr_carea' id='block_1_47' title="bbox 424 3112 2025 3193">
    <p class='ocr_par' dir='ltr' id='par_1_47' title="bbox 424 3112 2025 3193">
     <span class='ocr_line' id='line_1_47' title="bbox 424 3112 2025 3193; baseline -0.002 -17"><span class='ocrx_word' id='word_1_357' title='bbox 424 3123 528 3178; x_wconf 89' lang='lat' dir='ltr'><strong>dus</strong></span> <span class='ocrx_word' id='word_1_358' title='bbox 560 3137 709 3178; x_wconf 91' lang='lat' dir='ltr'><strong>meos</strong></span> <span class='ocrx_word' id='word_1_359' title='bbox 732 3112 1091 3193; x_wconf 86' lang='lat' dir='ltr'><strong>pronuntiabo</strong></span> <span class='ocrx_word' id='word_1_360' title='bbox 1140 3121 1288 3176; x_wconf 92' lang='lat' dir='ltr'><strong>illum</strong></span> <span class='ocrx_word' id='word_1_361' title='bbox 1322 3120 1465 3193; x_wconf 79' lang='lat' dir='ltr'><strong>(Job.</strong></span> <span class='ocrx_word' id='word_1_362' title='bbox 1508 3120 1684 3190; x_wconf 69' lang='lat' dir='ltr'><strong>uxr).</strong></span> <span class='ocrx_word' id='word_1_363' title='bbox 1708 3139 1726 3173; x_wconf 71' lang='grc' dir='ltr'><strong><em>ι</em></strong></span> <span class='ocrx_word' id='word_1_364' title='bbox 1780 3121 1917 3187; x_wconf 90' lang='lat' dir='ltr'><strong>Quia</strong></span> <span class='ocrx_word' id='word_1_365' title='bbox 1943 3121 2025 3174; x_wconf 81' lang='lat' dir='ltr'><strong>ni-</strong></span> 
     </span>
    </p>
   </div>
   <div class='ocr_carea' id='block_1_48' title="bbox 2098 1942 3717 2015">
    <p class='ocr_par' dir='ltr' id='par_1_48' title="bbox 2098 1942 3717 2015">
     <span class='ocr_line' id='line_1_48' title="bbox 2098 1942 3717 2015; baseline 0.001 -19"><span class='ocrx_word' id='word_1_366' title='bbox 2098 1942 2491 2009; x_wconf 83' lang='lat' dir='ltr'><strong>.terat,-saltem</strong></span> <span class='ocrx_word' id='word_1_367' title='bbox 2513 1958 2577 1997; x_wconf 91' lang='lat' dir='ltr'><strong>ea</strong></span> <span class='ocrx_word' id='word_1_368' title='bbox 2600 1958 2720 2012; x_wconf 70' lang='lat' dir='ltr'><strong>qua:</strong></span> <span class='ocrx_word' id='word_1_369' title='bbox 2746 1944 2799 1998; x_wconf 92' lang='lat' dir='ltr'><strong>in</strong></span> <span class='ocrx_word' id='word_1_370' title='bbox 2834 1943 2967 2014; x_wconf 88' lang='lat' dir='ltr'><strong>ripis</strong></span> <span class='ocrx_word' id='word_1_371' title='bbox 2993 1952 3118 1998; x_wconf 90' lang='lat' dir='ltr'><strong>sunt</strong></span> <span class='ocrx_word' id='word_1_372' title='bbox 3143 1954 3516 2015; x_wconf 86' lang='lat' dir='ltr'><strong>recognoscat.</strong></span> <span class='ocrx_word' id='word_1_373' title='bbox 3548 1944 3717 2000; x_wconf 81' lang='lat' dir='ltr'><strong>Cum-</strong></span> 
     </span>
    </p>
   </div>
   <div class='ocr_carea' id='block_1_49' title="bbox 2115 2030 3715 2102">
    <p class='ocr_par' dir='ltr' id='par_1_49' title="bbox 2115 2030 3715 2102">
     <span class='ocr_line' id='line_1_49' title="bbox 2115 2030 3715 2102; baseline 0.001 -15"><span class='ocrx_word' id='word_1_374' title='bbox 2115 2030 2239 2102; x_wconf 42' lang='lat' dir='ltr'><strong>q’ue,</strong></span> <span class='ocrx_word' id='word_1_375' title='bbox 2269 2034 2366 2098; x_wconf 90' lang='lat' dir='ltr'><strong>ait,</strong></span> <span class='ocrx_word' id='word_1_376' title='bbox 2396 2049 2482 2089; x_wconf 90' lang='lat' dir='ltr'><strong>me</strong></span> <span class='ocrx_word' id='word_1_377' title='bbox 2510 2034 2926 2098; x_wconf 87' lang='lat' dir='ltr'><strong>convertissem,</strong></span> <span class='ocrx_word' id='word_1_378' title='bbox 2951 2035 3065 2088; x_wconf 88' lang='lat' dir='ltr'><strong>sive</strong></span> <span class='ocrx_word' id='word_1_379' title='bbox 3088 2034 3176 2088; x_wconf 87' lang='lat' dir='ltr'><strong>ille</strong></span> <span class='ocrx_word' id='word_1_380' title='bbox 3205 2049 3291 2089; x_wconf 92' lang='lat' dir='ltr'><strong>me</strong></span> <span class='ocrx_word' id='word_1_381' title='bbox 3329 2036 3715 2097; x_wconf 86' lang='lat' dir='ltr'><strong>convertisset,</strong></span> 
     </span>
    </p>
   </div>
   <div class='ocr_carea' id='block_1_50' title="bbox 2114 2123 3718 2194">
    <p class='ocr_par' dir='ltr' id='par_1_50' title="bbox 2114 2123 3718 2194">
     <span class='ocr_line' id='line_1_50' title="bbox 2114 2123 3718 2194; baseline 0.002 -18"><span class='ocrx_word' id='word_1_382' title='bbox 2114 2123 2207 2193; x_wconf 90' lang='lat' dir='ltr'><strong>qui</strong></span> <span class='ocrx_word' id='word_1_383' title='bbox 2232 2124 2427 2178; x_wconf 89' lang='lat' dir='ltr'><strong>ductor</strong></span> <span class='ocrx_word' id='word_1_384' title='bbox 2469 2132 2587 2177; x_wconf 89' lang='lat' dir='ltr'><strong>erat</strong></span> <span class='ocrx_word' id='word_1_385' title='bbox 2633 2131 2689 2177; x_wconf 89' lang='lat' dir='ltr'><strong>et</strong></span> <span class='ocrx_word' id='word_1_386' title='bbox 2727 2124 2981 2188; x_wconf 90' lang='lat' dir='ltr'><strong>monitor,</strong></span> <span class='ocrx_word' id='word_1_387' title='bbox 3029 2140 3159 2179; x_wconf 89' lang='lat' dir='ltr'><strong>ecce</strong></span> <span class='ocrx_word' id='word_1_388' title='bbox 3200 2124 3254 2178; x_wconf 86' lang='lat' dir='ltr'><strong>in</strong></span> <span class='ocrx_word' id='word_1_389' title='bbox 3290 2125 3410 2194; x_wconf 90' lang='lat' dir='ltr'><strong>ripa</strong></span> <span class='ocrx_word' id='word_1_390' title='bbox 3456 2127 3718 2179; x_wconf 89' lang='lat' dir='ltr'><strong>torrentis</strong></span> 
     </span>
    </p>
   </div>
   <div class='ocr_carea' id='block_1_51' title="bbox 2114 2204 3715 2285">
    <p class='ocr_par' dir='ltr' id='par_1_51' title="bbox 2114 2204 3715 2285">
     <span class='ocr_line' id='line_1_51' title="bbox 2114 2204 3715 2285; baseline 0.001 -15"><span class='ocrx_word' id='word_1_391' title='bbox 2114 2215 2229 2270; x_wconf 84' lang='lat' dir='ltr'><strong>sive</strong></span> <span class='ocrx_word' id='word_1_392' title='bbox 2254 2204 2397 2268; x_wconf 83' lang='lat' dir='ltr'><strong>ﬂuvii</strong></span> <span class='ocrx_word' id='word_1_393' title='bbox 2432 2214 2574 2285; x_wconf 91' lang='lat' dir='ltr'><strong>ligna</strong></span> <span class='ocrx_word' id='word_1_394' title='bbox 2603 2214 2770 2268; x_wconf 90' lang='lat' dir='ltr'><strong>multa</strong></span> <span class='ocrx_word' id='word_1_395' title='bbox 2798 2214 2884 2270; x_wconf 88' lang='lat' dir='ltr'><strong>vel</strong></span> <span class='ocrx_word' id='word_1_396' title='bbox 2923 2215 3149 2269; x_wconf 84' lang='lat' dir='ltr'><strong>arbores</strong></span> <span class='ocrx_word' id='word_1_397' title='bbox 3176 2215 3422 2284; x_wconf 64' lang='lat' dir='ltr'><strong>plurimae</strong></span> <span class='ocrx_word' id='word_1_398' title='bbox 3453 2216 3615 2270; x_wconf 90' lang='lat' dir='ltr'><strong>nimis</strong></span> <span class='ocrx_word' id='word_1_399' title='bbox 3645 2231 3715 2271; x_wconf 75' lang='lat' dir='ltr'><strong>ex</strong></span> 
     </span>
    </p>
   </div>
   <div class='ocr_carea' id='block_1_52' title="bbox 2114 2304 3718 2376">
    <p class='ocr_par' dir='ltr' id='par_1_52' title="bbox 2114 2304 3718 2376">
     <span class='ocr_line' id='line_1_52' title="bbox 2114 2304 3718 2376; baseline 0.002 -19"><span class='ocrx_word' id='word_1_400' title='bbox 2114 2313 2349 2375; x_wconf 85' lang='lat' dir='ltr'><strong>utraque</strong></span> <span class='ocrx_word' id='word_1_401' title='bbox 2368 2313 2542 2375; x_wconf 88' lang='lat' dir='ltr'><strong>parte.</strong></span> <span class='ocrx_word' id='word_1_402' title='bbox 2571 2304 2811 2361; x_wconf 87' lang='lat' dir='ltr'><strong>Torrens</strong></span> <span class='ocrx_word' id='word_1_403' title='bbox 2834 2305 2959 2370; x_wconf 91' lang='lat' dir='ltr'><strong>iste,</strong></span> <span class='ocrx_word' id='word_1_404' title='bbox 2986 2307 3080 2376; x_wconf 91' lang='lat' dir='ltr'><strong>qui</strong></span> <span class='ocrx_word' id='word_1_405' title='bbox 3122 2322 3221 2376; x_wconf 87' lang='lat' dir='ltr'><strong>pro</strong></span> <span class='ocrx_word' id='word_1_406' title='bbox 3252 2314 3516 2375; x_wconf 87' lang='lat' dir='ltr'><strong>aquarum</strong></span> <span class='ocrx_word' id='word_1_407' title='bbox 3540 2307 3718 2362; x_wconf 86' lang='lat' dir='ltr'><strong>abun-</strong></span> 
     </span>
    </p>
   </div>
   <div class='ocr_carea' id='block_1_53' title="bbox 2117 2393 3717 2466">
    <p class='ocr_par' dir='ltr' id='par_1_53' title="bbox 2117 2393 3717 2466">
     <span class='ocr_line' id='line_1_53' title="bbox 2117 2393 3717 2466; baseline 0.001 -18"><span class='ocrx_word' id='word_1_408' title='bbox 2117 2394 2302 2449; x_wconf 90' lang='lat' dir='ltr'><strong>dantia</strong></span> <span class='ocrx_word' id='word_1_409' title='bbox 2351 2393 2525 2448; x_wconf 88' lang='lat' dir='ltr'><strong>fertur</strong></span> <span class='ocrx_word' id='word_1_410' title='bbox 2575 2409 2725 2449; x_wconf 89' lang='lat' dir='ltr'><strong>more</strong></span> <span class='ocrx_word' id='word_1_411' title='bbox 2779 2396 3036 2449; x_wconf 89' lang='lat' dir='ltr'><strong>torrentis</strong></span> <span class='ocrx_word' id='word_1_412' title='bbox 3080 2403 3136 2448; x_wconf 89' lang='lat' dir='ltr'><strong>et</strong></span> <span class='ocrx_word' id='word_1_413' title='bbox 3183 2396 3409 2466; x_wconf 89' lang='lat' dir='ltr'><strong>suscipit</strong></span> <span class='ocrx_word' id='word_1_414' title='bbox 3462 2397 3531 2450; x_wconf 89' lang='lat' dir='ltr'><strong>de</strong></span> <span class='ocrx_word' id='word_1_415' title='bbox 3570 2395 3717 2450; x_wconf 72' lang='lat' dir='ltr'><strong>coelo</strong></span> 
     </span>
    </p>
   </div>
   <div class='ocr_carea' id='block_1_54' title="bbox 2116 2487 3718 2561">
    <p class='ocr_par' dir='ltr' id='par_1_54' title="bbox 2116 2487 3718 2561">
     <span class='ocr_line' id='line_1_54' title="bbox 2116 2487 3718 2561; baseline 0.004 -21"><span class='ocrx_word' id='word_1_416' title='bbox 2116 2487 2345 2557; x_wconf 89' lang='lat' dir='ltr'><strong>pluvias,</strong></span> <span class='ocrx_word' id='word_1_417' title='bbox 2386 2488 2453 2544; x_wconf 90' lang='lat' dir='ltr'><strong>de</strong></span> <span class='ocrx_word' id='word_1_418' title='bbox 2478 2503 2585 2558; x_wconf 89' lang='lat' dir='ltr'><strong>quo</strong></span> <span class='ocrx_word' id='word_1_419' title='bbox 2630 2489 2683 2543; x_wconf 86' lang='lat' dir='ltr'><strong>in</strong></span> <span class='ocrx_word' id='word_1_420' title='bbox 2729 2489 3003 2557; x_wconf 78' lang='lat' dir='ltr'><strong>praeterita</strong></span> <span class='ocrx_word' id='word_1_421' title='bbox 3033 2489 3269 2545; x_wconf 80' lang='lat' dir='ltr'><strong>diximus</strong></span> <span class='ocrx_word' id='word_1_422' title='bbox 3302 2490 3558 2556; x_wconf 79' lang='lat' dir='ltr'><strong>lectione,</strong></span> <span class='ocrx_word' id='word_1_423' title='bbox 3597 2490 3718 2561; x_wconf 82' lang='lat' dir='ltr'><strong>ipse</strong></span> 
     </span>
    </p>
   </div>
   <div class='ocr_carea' id='block_1_55' title="bbox 2118 2577 3717 2651">
    <p class='ocr_par' dir='ltr' id='par_1_55' title="bbox 2118 2577 3717 2651">
     <span class='ocr_line' id='line_1_55' title="bbox 2118 2577 3717 2651; baseline 0 -18"><span class='ocrx_word' id='word_1_424' title='bbox 2118 2593 2150 2633; x_wconf 87' lang='lat' dir='ltr'><strong>a</strong></span> <span class='ocrx_word' id='word_1_425' title='bbox 2181 2577 2530 2650; x_wconf 88' lang='lat' dir='ltr'><strong>Septuaginta</strong></span> <span class='ocrx_word' id='word_1_426' title='bbox 2589 2579 2895 2649; x_wconf 87' lang='lat' dir='ltr'><strong>appellatur</strong></span> <span class='ocrx_word' id='word_1_427' title='bbox 2942 2578 3158 2644; x_wconf 85' lang='lat' dir='ltr'><strong>ﬂuvius,</strong></span> <span class='ocrx_word' id='word_1_428' title='bbox 3213 2594 3279 2634; x_wconf 90' lang='lat' dir='ltr'><strong>eo</strong></span> <span class='ocrx_word' id='word_1_429' title='bbox 3330 2581 3473 2648; x_wconf 85' lang='lat' dir='ltr'><strong>quod</strong></span> <span class='ocrx_word' id='word_1_430' title='bbox 3522 2594 3717 2651; x_wconf 88' lang='lat' dir='ltr'><strong>perpe-</strong></span> 
     </span>
    </p>
   </div>
   <div class='ocr_carea' id='block_1_56' title="bbox 2119 2668 3718 2739">
    <p class='ocr_par' dir='ltr' id='par_1_56' title="bbox 2119 2668 3718 2739">
     <span class='ocr_line' id='line_1_56' title="bbox 2119 2668 3718 2739; baseline 0.002 -16"><span class='ocrx_word' id='word_1_431' title='bbox 2119 2678 2241 2723; x_wconf 90' lang='lat' dir='ltr'><strong>tuas</strong></span> <span class='ocrx_word' id='word_1_432' title='bbox 2266 2684 2437 2736; x_wconf 88' lang='lat' dir='ltr'><strong>aquas</strong></span> <span class='ocrx_word' id='word_1_433' title='bbox 2464 2668 2682 2733; x_wconf 86' lang='lat' dir='ltr'><strong>habeat,</strong></span> <span class='ocrx_word' id='word_1_434' title='bbox 2710 2684 2811 2724; x_wconf 91' lang='lat' dir='ltr'><strong>nec</strong></span> <span class='ocrx_word' id='word_1_435' title='bbox 2838 2669 2903 2724; x_wconf 91' lang='lat' dir='ltr'><strong>de</strong></span> <span class='ocrx_word' id='word_1_436' title='bbox 2924 2669 3119 2739; x_wconf 89' lang='lat' dir='ltr'><strong>pluviis</strong></span> <span class='ocrx_word' id='word_1_437' title='bbox 3146 2669 3274 2725; x_wconf 84' lang='lat' dir='ltr'><strong>hinc</strong></span> <span class='ocrx_word' id='word_1_438' title='bbox 3296 2670 3420 2725; x_wconf 88' lang='lat' dir='ltr'><strong>inde</strong></span> <span class='ocrx_word' id='word_1_439' title='bbox 3438 2670 3718 2736; x_wconf 76' lang='lat' dir='ltr'><strong>collectas.</strong></span> 
     </span>
    </p>
   </div>
   <div class='ocr_carea' id='block_1_57' title="bbox 2122 2757 3717 2829">
    <p class='ocr_par' dir='ltr' id='par_1_57' title="bbox 2122 2757 3717 2829">
     <span class='ocr_line' id='line_1_57' title="bbox 2122 2757 3717 2829; baseline 0.001 -16"><span class='ocrx_word' id='word_1_440' title='bbox 2122 2758 2225 2813; x_wconf 88' lang='lat' dir='ltr'><strong>sed</strong></span> <span class='ocrx_word' id='word_1_441' title='bbox 2246 2759 2371 2813; x_wconf 86' lang='lat' dir='ltr'><strong>vivo</strong></span> <span class='ocrx_word' id='word_1_442' title='bbox 2407 2766 2464 2812; x_wconf 86' lang='lat' dir='ltr'><strong>et</strong></span> <span class='ocrx_word' id='word_1_443' title='bbox 2491 2766 2753 2828; x_wconf 88' lang='lat' dir='ltr'><strong>perpetuo</strong></span> <span class='ocrx_word' id='word_1_444' title='bbox 2784 2757 2931 2813; x_wconf 90' lang='lat' dir='ltr'><strong>fonte</strong></span> <span class='ocrx_word' id='word_1_445' title='bbox 2960 2767 3266 2813; x_wconf 88' lang='lat' dir='ltr'><strong>manantes.</strong></span> <span class='ocrx_word' id='word_1_446' title='bbox 3309 2760 3385 2813; x_wconf 93' lang='lat' dir='ltr'><strong>De</strong></span> <span class='ocrx_word' id='word_1_447' title='bbox 3411 2775 3522 2829; x_wconf 91' lang='lat' dir='ltr'><strong>quo</strong></span> <span class='ocrx_word' id='word_1_448' title='bbox 3550 2759 3717 2814; x_wconf 84' lang='lat' dir='ltr'><strong>fluvio</strong></span> 
     </span>
    </p>
   </div>
   <div class='ocr_carea' id='block_1_58' title="bbox 2122 2851 3708 2924">
    <p class='ocr_par' dir='ltr' id='par_1_58' title="bbox 2122 2851 3708 2924">
     <span class='ocr_line' id='line_1_58' title="bbox 2122 2851 3708 2924; baseline 0.001 -18"><span class='ocrx_word' id='word_1_449' title='bbox 2122 2851 2290 2906; x_wconf 91' lang='lat' dir='ltr'><strong>multa</strong></span> <span class='ocrx_word' id='word_1_450' title='bbox 2326 2851 2380 2906; x_wconf 90' lang='lat' dir='ltr'><strong>in</strong></span> <span class='ocrx_word' id='word_1_451' title='bbox 2406 2851 2709 2923; x_wconf 91' lang='lat' dir='ltr'><strong>Scripturis</strong></span> <span class='ocrx_word' id='word_1_452' title='bbox 2740 2854 2943 2908; x_wconf 89' lang='lat' dir='ltr'><strong>sanctis</strong></span> <span class='ocrx_word' id='word_1_453' title='bbox 2970 2853 3222 2924; x_wconf 88' lang='lat' dir='ltr'><strong>legimus,</strong></span> <span class='ocrx_word' id='word_1_454' title='bbox 3266 2855 3361 2910; x_wconf 85' lang='lat' dir='ltr'><strong>sed</strong></span> <span class='ocrx_word' id='word_1_455' title='bbox 3414 2855 3708 2923; x_wconf 74' lang='lat' dir='ltr'><strong>inprzesen-</strong></span> 
     </span>
    </p>
   </div>
   <div class='ocr_carea' id='block_1_59' title="bbox 2123 2943 3715 3013">
    <p class='ocr_par' dir='ltr' id='par_1_59' title="bbox 2123 2943 3715 3013">
     <span class='ocr_line' id='line_1_59' title="bbox 2123 2943 3715 3013; baseline 0.002 -18"><span class='ocrx_word' id='word_1_456' title='bbox 2123 2943 2319 2996; x_wconf 89' lang='lat' dir='ltr'><strong>tiarum</strong></span> <span class='ocrx_word' id='word_1_457' title='bbox 2350 2957 2521 3012; x_wconf 90' lang='lat' dir='ltr'><strong>pauca</strong></span> <span class='ocrx_word' id='word_1_458' title='bbox 2562 2944 2788 2998; x_wconf 89' lang='lat' dir='ltr'><strong>dicenda</strong></span> <span class='ocrx_word' id='word_1_459' title='bbox 2812 2952 2957 3009; x_wconf 90' lang='lat' dir='ltr'><strong>sunt,</strong></span> <span class='ocrx_word' id='word_1_460' title='bbox 2991 2959 3055 2999; x_wconf 82' lang='lat' dir='ltr'><strong>ac</strong></span> <span class='ocrx_word' id='word_1_461' title='bbox 3082 2944 3314 3013; x_wconf 90' lang='lat' dir='ltr'><strong>primum</strong></span> <span class='ocrx_word' id='word_1_462' title='bbox 3345 2944 3475 2999; x_wconf 87' lang='lat' dir='ltr'><strong>illud</strong></span> <span class='ocrx_word' id='word_1_463' title='bbox 3500 2962 3513 2997; x_wconf 92' lang='lat'><strong>:</strong></span> <span class='ocrx_word' id='word_1_464' title='bbox 3542 2962 3561 2994; x_wconf 74' lang='grc' dir='ltr'><strong><em>ι</em></strong></span> <span class='ocrx_word' id='word_1_465' title='bbox 3588 2943 3715 2998; x_wconf 83' lang='lat' dir='ltr'><strong>Flu-</strong></span> 
     </span>
    </p>
   </div>
   <div class='ocr_carea' id='block_1_60' title="bbox 2123 3032 3713 3107">
    <p class='ocr_par' dir='ltr' id='par_1_60' title="bbox 2123 3032 3713 3107">
     <span class='ocr_line' id='line_1_60' title="bbox 2123 3032 3713 3107; baseline 0.002 -22"><span class='ocrx_word' id='word_1_466' title='bbox 2123 3032 2287 3087; x_wconf 88' lang='lat' dir='ltr'><strong>minis</strong></span> <span class='ocrx_word' id='word_1_467' title='bbox 2333 3034 2567 3103; x_wconf 91' lang='lat' dir='ltr'><strong>impetus</strong></span> <span class='ocrx_word' id='word_1_468' title='bbox 2606 3033 2842 3089; x_wconf 76' lang='lat' dir='ltr'><strong>lzctiﬁcat</strong></span> <span class='ocrx_word' id='word_1_469' title='bbox 2873 3036 3147 3090; x_wconf 87' lang='lat' dir='ltr'><strong>civitatem</strong></span> <span class='ocrx_word' id='word_1_470' title='bbox 3180 3036 3274 3090; x_wconf 90' lang='lat' dir='ltr'><strong>Dei</strong></span> <span class='ocrx_word' id='word_1_471' title='bbox 3308 3034 3482 3107; x_wconf 80' lang='lat' dir='ltr'><strong>(Psal.</strong></span> <span class='ocrx_word' id='word_1_472' title='bbox 3515 3036 3668 3107; x_wconf 75' lang='lat' dir='ltr'><strong>XLV).</strong></span> <span class='ocrx_word' id='word_1_473' title='bbox 3694 3055 3713 3088; x_wconf 75' lang='grc' dir='ltr'><strong><em>ι</em></strong></span> 
     </span>
    </p>
   </div>
   <div class='ocr_carea' id='block_1_61' title="bbox 2124 3122 3718 3196">
    <p class='ocr_par' dir='ltr' id='par_1_61' title="bbox 2124 3122 3718 3196">
     <span class='ocr_line' id='line_1_61' title="bbox 2124 3122 3718 3196; baseline 0.002 -20"><span class='ocrx_word' id='word_1_474' title='bbox 2124 3122 2191 3176; x_wconf 88' lang='lat' dir='ltr'><strong>Et</strong></span> <span class='ocrx_word' id='word_1_475' title='bbox 2222 3122 2276 3177; x_wconf 91' lang='lat' dir='ltr'><strong>in</strong></span> <span class='ocrx_word' id='word_1_476' title='bbox 2307 3122 2413 3178; x_wconf 90' lang='lat' dir='ltr'><strong>alio</strong></span> <span class='ocrx_word' id='word_1_477' title='bbox 2446 3124 2602 3179; x_wconf 88' lang='lat' dir='ltr'><strong>loco:</strong></span> <span class='ocrx_word' id='word_1_478' title='bbox 2636 3123 2912 3190; x_wconf 70' lang='lat' dir='ltr'><strong>«Flumen</strong></span> <span class='ocrx_word' id='word_1_479' title='bbox 2958 3124 3055 3179; x_wconf 82' lang='lat' dir='ltr'><strong>Dei</strong></span> <span class='ocrx_word' id='word_1_480' title='bbox 3100 3126 3362 3196; x_wconf 85' lang='lat' dir='ltr'><strong>repletum</strong></span> <span class='ocrx_word' id='word_1_481' title='bbox 3404 3134 3489 3180; x_wconf 89' lang='lat' dir='ltr'><strong>est</strong></span> <span class='ocrx_word' id='word_1_482' title='bbox 3536 3126 3718 3195; x_wconf 89' lang='lat' dir='ltr'><strong>aquis,</strong></span> 
     </span>
    </p>
   </div>
   <div class='ocr_carea' id='block_1_62' title="bbox 428 3209 3717 3290">
    <p class='ocr_par' dir='ltr' id='par_1_62' title="bbox 428 3209 3717 3290">
     <span class='ocr_line' id='line_1_62' title="bbox 428 3209 3717 3290; baseline -0.001 -21"><span class='ocrx_word' id='word_1_483' title='bbox 428 3215 624 3269; x_wconf 87' lang='lat' dir='ltr'><strong>mirum</strong></span> <span class='ocrx_word' id='word_1_484' title='bbox 656 3214 745 3268; x_wconf 90' lang='lat' dir='ltr'><strong>ille</strong></span> <span class='ocrx_word' id='word_1_485' title='bbox 766 3215 837 3290; x_wconf 80' lang='lat' dir='ltr'><strong>ad</strong></span> <span class='ocrx_word' id='word_1_486' title='bbox 860 3213 1165 3267; x_wconf 88' lang='lat' dir='ltr'><strong>doctrinam</strong></span> <span class='ocrx_word' id='word_1_487' title='bbox 1212 3212 1307 3267; x_wconf 90' lang='lat' dir='ltr'><strong>Dei</strong></span> <span class='ocrx_word' id='word_1_488' title='bbox 1338 3211 1604 3266; x_wconf 90' lang='lat' dir='ltr'><strong>veraciter</strong></span> <span class='ocrx_word' id='word_1_489' title='bbox 1632 3211 1901 3276; x_wconf 88' lang='lat' dir='ltr'><strong>ascendit,</strong></span> <span class='ocrx_word' id='word_1_490' title='bbox 1930 3211 2022 3280; x_wconf 91' lang='lat' dir='ltr'><strong>qui</strong></span> <span class='ocrx_word' id='word_1_491' title='bbox 2050 3209 2095 3272; x_wconf 90' lang='lat' dir='ltr'>C</span> <span class='ocrx_word' id='word_1_492' title='bbox 2126 3214 2443 3283; x_wconf 73' lang='lat' dir='ltr'><strong>prroparasti</strong></span> <span class='ocrx_word' id='word_1_493' title='bbox 2487 3215 2667 3269; x_wconf 89' lang='lat' dir='ltr'><strong>cibum</strong></span> <span class='ocrx_word' id='word_1_494' title='bbox 2701 3229 2913 3278; x_wconf 89' lang='lat' dir='ltr'><strong>eorum,</strong></span> <span class='ocrx_word' id='word_1_495' title='bbox 2961 3216 3086 3284; x_wconf 90' lang='lat' dir='ltr'><strong>quia</strong></span> <span class='ocrx_word' id='word_1_496' title='bbox 3138 3215 3219 3270; x_wconf 91' lang='lat' dir='ltr'><strong>sic</strong></span> <span class='ocrx_word' id='word_1_497' title='bbox 3260 3224 3343 3269; x_wconf 90' lang='lat' dir='ltr'><strong>est</strong></span> <span class='ocrx_word' id='word_1_498' title='bbox 3389 3214 3717 3284; x_wconf 68' lang='lat' dir='ltr'><strong>prmparatio</strong></span> 
     </span>
    </p>
   </div>
   <div class='ocr_carea' id='block_1_63' title="bbox 424 3302 2024 3374">
    <p class='ocr_par' dir='ltr' id='par_1_63' title="bbox 424 3302 2024 3374">
     <span class='ocr_line' id='line_1_63' title="bbox 424 3302 2024 3374; baseline -0.004 -14"><span class='ocrx_word' id='word_1_499' title='bbox 424 3308 491 3360; x_wconf 89' lang='lat' dir='ltr'><strong>ad</strong></span> <span class='ocrx_word' id='word_1_500' title='bbox 511 3306 874 3363; x_wconf 84' lang='lat' dir='ltr'><strong>obtinendam</strong></span> <span class='ocrx_word' id='word_1_501' title='bbox 889 3306 1032 3359; x_wconf 90' lang='lat' dir='ltr'><strong>hanc</strong></span> <span class='ocrx_word' id='word_1_502' title='bbox 1055 3303 1315 3374; x_wconf 89' lang='lat' dir='ltr'><strong>gradibus</strong></span> <span class='ocrx_word' id='word_1_503' title='bbox 1337 3302 1890 3372; x_wconf 52' lang='lat' dir='ltr'><strong>sanctaeoperationis</strong></span> <span class='ocrx_word' id='word_1_504' title='bbox 1904 3316 2024 3355; x_wconf 90' lang='lat' dir='ltr'><strong>eru-</strong></span> 
     </span>
    </p>
   </div>
   <div class='ocr_carea' id='block_1_64' title="bbox 421 3394 2024 3467">
    <p class='ocr_par' dir='ltr' id='par_1_64' title="bbox 421 3394 2024 3467">
     <span class='ocr_line' id='line_1_64' title="bbox 421 3394 2024 3467; baseline -0.004 -15"><span class='ocrx_word' id='word_1_505' title='bbox 421 3398 588 3467; x_wconf 86' lang='lat' dir='ltr'><strong>perit,</strong></span> <span class='ocrx_word' id='word_1_506' title='bbox 619 3406 672 3451; x_wconf 91' lang='lat' dir='ltr'><strong>et</strong></span> <span class='ocrx_word' id='word_1_507' title='bbox 693 3396 845 3465; x_wconf 89' lang='lat' dir='ltr'><strong>quasi</strong></span> <span class='ocrx_word' id='word_1_508' title='bbox 875 3410 970 3464; x_wconf 88' lang='lat' dir='ltr'><strong>per</strong></span> <span class='ocrx_word' id='word_1_509' title='bbox 1002 3394 1246 3465; x_wconf 83' lang='lat' dir='ltr'><strong>singulos</strong></span> <span class='ocrx_word' id='word_1_510' title='bbox 1272 3394 1472 3465; x_wconf 91' lang='lat' dir='ltr'><strong>gradus</strong></span> <span class='ocrx_word' id='word_1_511' title='bbox 1497 3409 1624 3448; x_wconf 90' lang='lat' dir='ltr'><strong>suos</strong></span> <span class='ocrx_word' id='word_1_512' title='bbox 1655 3394 1850 3448; x_wconf 90' lang='lat' dir='ltr'><strong>librum</strong></span> <span class='ocrx_word' id='word_1_513' title='bbox 1896 3407 2024 3462; x_wconf 89' lang='lat' dir='ltr'><strong>pro—</strong></span> 
     </span>
    </p>
   </div>
   <div class='ocr_carea' id='block_1_65' title="bbox 422 3470 2024 3558">
    <p class='ocr_par' dir='ltr' id='par_1_65' title="bbox 422 3470 2024 3558">
     <span class='ocr_line' id='line_1_65' title="bbox 422 3470 2024 3558; baseline -0.003 -14"><span class='ocrx_word' id='word_1_514' title='bbox 422 3489 658 3553; x_wconf 83' lang='lat' dir='ltr'><strong>nuntiat,</strong></span> <span class='ocrx_word' id='word_1_515' title='bbox 695 3489 786 3558; x_wconf 88' lang='lat' dir='ltr'><strong>qui</strong></span> <span class='ocrx_word' id='word_1_516' title='bbox 841 3470 1151 3558; x_wconf 88' lang='lat' dir='ltr'><strong>percepisse</strong></span> <span class='ocrx_word' id='word_1_517' title='bbox 1201 3502 1260 3542; x_wconf 89' lang='lat' dir='ltr'><strong>se</strong></span> <span class='ocrx_word' id='word_1_518' title='bbox 1308 3484 1425 3555; x_wconf 89' lang='lat' dir='ltr'><strong>ejus</strong></span> <span class='ocrx_word' id='word_1_519' title='bbox 1456 3486 1749 3541; x_wconf 86' lang='lat' dir='ltr'><strong>scientiam</strong></span> <span class='ocrx_word' id='word_1_520' title='bbox 1777 3499 1885 3540; x_wconf 91' lang='lat' dir='ltr'><strong>non</strong></span> <span class='ocrx_word' id='word_1_521' title='bbox 1925 3500 2024 3555; x_wconf 89' lang='lat' dir='ltr'><strong>per</strong></span> 
     </span>
    </p>
   </div>
   <div class='ocr_carea' id='block_1_66' title="bbox 426 3575 2020 3645">
    <p class='ocr_par' dir='ltr' id='par_1_66' title="bbox 426 3575 2020 3645">
     <span class='ocr_line' id='line_1_66' title="bbox 426 3575 2020 3645; baseline -0.003 -12"><span class='ocrx_word' id='word_1_522' title='bbox 426 3580 592 3633; x_wconf 84' lang='lat' dir='ltr'><strong>verba</strong></span> <span class='ocrx_word' id='word_1_523' title='bbox 625 3577 1016 3641; x_wconf 80' lang='lat' dir='ltr'><strong>tantummodo,</strong></span> <span class='ocrx_word' id='word_1_524' title='bbox 1050 3577 1144 3632; x_wconf 83' lang='lat' dir='ltr'><strong>sed</strong></span> <span class='ocrx_word' id='word_1_525' title='bbox 1165 3576 1330 3631; x_wconf 90' lang='lat' dir='ltr'><strong>etiam</strong></span> <span class='ocrx_word' id='word_1_526' title='bbox 1358 3591 1457 3645; x_wconf 87' lang='lat' dir='ltr'><strong>per</strong></span> <span class='ocrx_word' id='word_1_527' title='bbox 1483 3591 1645 3645; x_wconf 91' lang='lat' dir='ltr'><strong>opera</strong></span> <span class='ocrx_word' id='word_1_528' title='bbox 1669 3575 2020 3630; x_wconf 89' lang='lat' dir='ltr'><strong>demonstrat.</strong></span> 
     </span>
    </p>
   </div>
   <div class='ocr_carea' id='block_1_67' title="bbox 424 3667 2025 3741">
    <p class='ocr_par' dir='ltr' id='par_1_67' title="bbox 424 3667 2025 3741">
     <span class='ocr_line' id='line_1_67' title="bbox 424 3667 2025 3741; baseline -0.001 -17"><span class='ocrx_word' id='word_1_529' title='bbox 424 3669 697 3741; x_wconf 75' lang='grc' dir='ltr'><strong>(Ηὶενοη.)</strong></span> <span class='ocrx_word' id='word_1_530' title='bbox 728 3669 884 3737; x_wconf 92' lang='lat' dir='ltr'><strong>Quod</strong></span> <span class='ocrx_word' id='word_1_531' title='bbox 912 3669 1125 3723; x_wconf 88' lang='lat' dir='ltr'><strong>cubitos</strong></span> <span class='ocrx_word' id='word_1_532' title='bbox 1150 3684 1346 3738; x_wconf 85' lang='lat' dir='ltr'><strong>genere</strong></span> <span class='ocrx_word' id='word_1_533' title='bbox 1369 3667 1669 3722; x_wconf 88' lang='lat' dir='ltr'><strong>masculino</strong></span> <span class='ocrx_word' id='word_1_534' title='bbox 1688 3674 1871 3721; x_wconf 89' lang='lat' dir='ltr'><strong>etnon</strong></span> <span class='ocrx_word' id='word_1_535' title='bbox 1901 3682 2025 3723; x_wconf 90' lang='lat' dir='ltr'><strong>neu-</strong></span> 
     </span>
    </p>
   </div>
   <div class='ocr_carea' id='block_1_68' title="bbox 425 3760 2021 3832">
    <p class='ocr_par' dir='ltr' id='par_1_68' title="bbox 425 3760 2021 3832">
     <span class='ocr_line' id='line_1_68' title="bbox 425 3760 2021 3832; baseline -0.006 -14"><span class='ocrx_word' id='word_1_536' title='bbox 425 3762 549 3818; x_wconf 91' lang='lat' dir='ltr'><strong>trali</strong></span> <span class='ocrx_word' id='word_1_537' title='bbox 579 3763 760 3817; x_wconf 84' lang='lat' dir='ltr'><strong>cubita</strong></span> <span class='ocrx_word' id='word_1_538' title='bbox 786 3763 1037 3830; x_wconf 86' lang='lat' dir='ltr'><strong>dicimus,</strong></span> <span class='ocrx_word' id='word_1_539' title='bbox 1064 3762 1222 3832; x_wconf 80' lang='lat' dir='ltr'><strong>juxta</strong></span> <span class='ocrx_word' id='word_1_540' title='bbox 1255 3761 1490 3832; x_wconf 89' lang='lat' dir='ltr'><strong>regulam</strong></span> <span class='ocrx_word' id='word_1_541' title='bbox 1512 3760 2021 3817; x_wconf 66' lang='lat' dir='ltr'><strong>Grammaticorum.</strong></span> 
     </span>
    </p>
   </div>
   <div class='ocr_carea' id='block_1_69' title="bbox 426 3852 2021 3924">
    <p class='ocr_par' dir='ltr' id='par_1_69' title="bbox 426 3852 2021 3924">
     <span class='ocr_line' id='line_1_69' title="bbox 426 3852 2021 3924; baseline -0.001 -15"><span class='ocrx_word' id='word_1_542' title='bbox 426 3866 480 3909; x_wconf 88' lang='lat' dir='ltr'><strong>et</strong></span> <span class='ocrx_word' id='word_1_543' title='bbox 495 3855 546 3909; x_wconf 93' lang='lat' dir='ltr'><strong>in</strong></span> <span class='ocrx_word' id='word_1_544' title='bbox 564 3854 935 3923; x_wconf 90' lang='lat' dir='ltr'><strong>superioribus</strong></span> <span class='ocrx_word' id='word_1_545' title='bbox 952 3854 1130 3919; x_wconf 90' lang='lat' dir='ltr'><strong>docui,</strong></span> <span class='ocrx_word' id='word_1_546' title='bbox 1150 3868 1371 3908; x_wconf 83' lang='lat' dir='ltr'><strong>nonmos</strong></span> <span class='ocrx_word' id='word_1_547' title='bbox 1392 3853 1692 3924; x_wconf 86' lang='lat' dir='ltr'><strong>ignorantia</strong></span> <span class='ocrx_word' id='word_1_548' title='bbox 1706 3854 1808 3908; x_wconf 88' lang='lat' dir='ltr'><strong>hoc</strong></span> <span class='ocrx_word' id='word_1_549' title='bbox 1824 3852 2021 3921; x_wconf 87' lang='lat' dir='ltr'><strong>facere,</strong></span> 
     </span>
    </p>
   </div>
   <div class='ocr_carea' id='block_1_70' title="bbox 425 3945 2021 4016">
    <p class='ocr_par' dir='ltr' id='par_1_70' title="bbox 425 3945 2021 4016">
     <span class='ocr_line' id='line_1_70' title="bbox 425 3945 2021 4016; baseline -0.001 -16"><span class='ocrx_word' id='word_1_550' title='bbox 425 3947 519 4000; x_wconf 90' lang='lat' dir='ltr'><strong>sed</strong></span> <span class='ocrx_word' id='word_1_551' title='bbox 533 3946 918 4001; x_wconf 82' lang='lat' dir='ltr'><strong>consuetudine</strong></span> <span class='ocrx_word' id='word_1_552' title='bbox 931 3960 1064 4016; x_wconf 92' lang='lat' dir='ltr'><strong>prop</strong></span> <span class='ocrx_word' id='word_1_553' title='bbox 1071 3955 1151 3999; x_wconf 80' lang='lat' dir='ltr'><strong>ter</strong></span> <span class='ocrx_word' id='word_1_554' title='bbox 1160 3946 1432 4015; x_wconf 89' lang='lat' dir='ltr'><strong>simplices</strong></span> <span class='ocrx_word' id='word_1_555' title='bbox 1443 3958 1683 4015; x_wconf 88' lang='lat' dir='ltr'><strong>quosque</strong></span> <span class='ocrx_word' id='word_1_556' title='bbox 1694 3954 1748 3999; x_wconf 92' lang='lat' dir='ltr'><strong>et</strong></span> <span class='ocrx_word' id='word_1_557' title='bbox 1761 3945 2021 4003; x_wconf 59' lang='lat' dir='ltr'><strong>indoctos,</strong></span> 
     </span>
    </p>
   </div>
   <div class='ocr_carea' id='block_1_71' title="bbox 425 4034 2021 4106">
    <p class='ocr_par' dir='ltr' id='par_1_71' title="bbox 425 4034 2021 4106">
     <span class='ocr_line' id='line_1_71' title="bbox 425 4034 2021 4106; baseline 0.001 -17"><span class='ocrx_word' id='word_1_558' title='bbox 425 4051 653 4106; x_wconf 89' lang='lat' dir='ltr'><strong>quorum</strong></span> <span class='ocrx_word' id='word_1_559' title='bbox 676 4035 732 4091; x_wconf 90' lang='lat' dir='ltr'><strong>in</strong></span> <span class='ocrx_word' id='word_1_560' title='bbox 758 4034 1175 4105; x_wconf 84' lang='lat' dir='ltr'><strong>congregatione</strong></span> <span class='ocrx_word' id='word_1_561' title='bbox 1194 4035 1445 4091; x_wconf 75' lang='lat' dir='ltr'><strong>Ecclesia:</strong></span> <span class='ocrx_word' id='word_1_562' title='bbox 1460 4036 1633 4105; x_wconf 90' lang='lat' dir='ltr'><strong>major</strong></span> <span class='ocrx_word' id='word_1_563' title='bbox 1646 4043 1726 4090; x_wconf 87' lang='lat' dir='ltr'><strong>est</strong></span> <span class='ocrx_word' id='word_1_564' title='bbox 1750 4050 2021 4091; x_wconf 90' lang='lat' dir='ltr'><strong>numerus.</strong></span> 
     </span>
    </p>
   </div>
   <div class='ocr_carea' id='block_1_72' title="bbox 504 4124 2023 4191">
    <p class='ocr_par' dir='ltr' id='par_1_72' title="bbox 504 4124 2023 4191">
     <span class='ocr_line' id='line_1_72' title="bbox 504 4124 2023 4191; baseline 0 -13"><span class='ocrx_word' id='word_1_565' title='bbox 504 4146 523 4178; x_wconf 84' lang='grc'>‹</span> <span class='ocrx_word' id='word_1_566' title='bbox 554 4127 621 4180; x_wconf 87' lang='lat' dir='ltr'><strong>Et</strong></span> <span class='ocrx_word' id='word_1_567' title='bbox 648 4126 786 4181; x_wconf 83' lang='lat' dir='ltr'><strong>dixit</strong></span> <span class='ocrx_word' id='word_1_568' title='bbox 830 4127 898 4181; x_wconf 89' lang='lat' dir='ltr'><strong>ad</strong></span> <span class='ocrx_word' id='word_1_569' title='bbox 930 4142 1053 4180; x_wconf 91' lang='lat' dir='ltr'><strong>me:</strong></span> <span class='ocrx_word' id='word_1_570' title='bbox 1088 4124 1249 4180; x_wconf 86' lang='lat' dir='ltr'><strong>Certe</strong></span> <span class='ocrx_word' id='word_1_571' title='bbox 1296 4126 1522 4191; x_wconf 88' lang='lat' dir='ltr'><strong>vidisti,</strong></span> <span class='ocrx_word' id='word_1_572' title='bbox 1556 4125 1630 4179; x_wconf 86' lang='lat' dir='ltr'><strong>fili</strong></span> <span class='ocrx_word' id='word_1_573' title='bbox 1661 4124 1917 4179; x_wconf 89' lang='lat' dir='ltr'><strong>hominis.</strong></span> <span class='ocrx_word' id='word_1_574' title='bbox 1956 4125 2023 4178; x_wconf 88' lang='lat' dir='ltr'><strong>Et</strong></span> 
     </span>
    </p>
   </div>
   <div class='ocr_carea' id='block_1_73' title="bbox 436 4202 2026 4286">
    <p class='ocr_par' dir='ltr' id='par_1_73' title="bbox 436 4202 2026 4286">
     <span class='ocr_line' id='line_1_73' title="bbox 436 4202 2026 4286; baseline 0 -17"><span class='ocrx_word' id='word_1_575' title='bbox 436 4236 455 4269; x_wconf 86' lang='grc'><strong><em>‹</em></strong></span> <span class='ocrx_word' id='word_1_576' title='bbox 496 4217 680 4271; x_wconf 79' lang='lat' dir='ltr'><strong>eduxit</strong></span> <span class='ocrx_word' id='word_1_577' title='bbox 716 4232 801 4271; x_wconf 88' lang='lat' dir='ltr'><strong>me</strong></span> <span class='ocrx_word' id='word_1_578' title='bbox 830 4225 885 4269; x_wconf 88' lang='lat' dir='ltr'><strong>et</strong></span> <span class='ocrx_word' id='word_1_579' title='bbox 916 4216 1201 4271; x_wconf 83' lang='lat' dir='ltr'><strong>convertit’</strong></span> <span class='ocrx_word' id='word_1_580' title='bbox 1223 4215 1291 4269; x_wconf 89' lang='lat' dir='ltr'><strong>ad</strong></span> <span class='ocrx_word' id='word_1_581' title='bbox 1336 4202 1510 4286; x_wconf 88' lang='lat' dir='ltr'><strong>ripam</strong></span> <span class='ocrx_word' id='word_1_582' title='bbox 1555 4215 1830 4269; x_wconf 87' lang='lat' dir='ltr'><strong>torrentis.</strong></span> <span class='ocrx_word' id='word_1_583' title='bbox 1864 4214 2026 4269; x_wconf 87' lang='lat' dir='ltr'><strong>Cum-</strong></span> 
     </span>
    </p>
   </div>
   <div class='ocr_carea' id='block_1_74' title="bbox 434 4305 2022 4377">
    <p class='ocr_par' dir='ltr' id='par_1_74' title="bbox 434 4305 2022 4377">
     <span class='ocr_line' id='line_1_74' title="bbox 434 4305 2022 4377; baseline 0.002 -19"><span class='ocrx_word' id='word_1_584' title='bbox 434 4326 453 4358; x_wconf 82' lang='grc' dir='ltr'>ι</span> <span class='ocrx_word' id='word_1_585' title='bbox 486 4322 591 4376; x_wconf 90' lang='lat' dir='ltr'><strong>que</strong></span> <span class='ocrx_word' id='word_1_586' title='bbox 616 4321 702 4361; x_wconf 92' lang='lat' dir='ltr'><strong>me</strong></span> <span class='ocrx_word' id='word_1_587' title='bbox 734 4306 1143 4371; x_wconf 80' lang='lat' dir='ltr'><strong>convertissem,</strong></span> <span class='ocrx_word' id='word_1_588' title='bbox 1175 4320 1303 4361; x_wconf 87' lang='lat' dir='ltr'><strong>ecce</strong></span> <span class='ocrx_word' id='word_1_589' title='bbox 1332 4305 1387 4359; x_wconf 90' lang='lat' dir='ltr'><strong>in</strong></span> <span class='ocrx_word' id='word_1_590' title='bbox 1439 4305 1554 4374; x_wconf 92' lang='lat' dir='ltr'><strong>ripa</strong></span> <span class='ocrx_word' id='word_1_591' title='bbox 1583 4305 1840 4360; x_wconf 85' lang='lat' dir='ltr'><strong>torrentis</strong></span> <span class='ocrx_word' id='word_1_592' title='bbox 1884 4306 2022 4377; x_wconf 88' lang='lat' dir='ltr'><strong>ligna</strong></span> 
     </span>
    </p>
   </div>
   <div class='ocr_carea' id='block_1_75' title="bbox 436 4394 2025 4466">
    <p class='ocr_par' dir='ltr' id='par_1_75' title="bbox 436 4394 2025 4466">
     <span class='ocr_line' id='line_1_75' title="bbox 436 4394 2025 4466; baseline 0.003 -19"><span class='ocrx_word' id='word_1_593' title='bbox 436 4416 454 4447; x_wconf 85' lang='grc'><strong>‹</strong></span> <span class='ocrx_word' id='word_1_594' title='bbox 493 4397 660 4452; x_wconf 90' lang='lat' dir='ltr'><strong>multa</strong></span> <span class='ocrx_word' id='word_1_595' title='bbox 684 4397 845 4451; x_wconf 88' lang='lat' dir='ltr'><strong>nimis</strong></span> <span class='ocrx_word' id='word_1_596' title='bbox 873 4411 939 4450; x_wconf 78' lang='lat' dir='ltr'><strong>ex</strong></span> <span class='ocrx_word' id='word_1_597' title='bbox 960 4394 1187 4465; x_wconf 76' lang='lat' dir='ltr'><strong>utraqde</strong></span> <span class='ocrx_word' id='word_1_598' title='bbox 1213 4404 1384 4465; x_wconf 89' lang='lat' dir='ltr'><strong>parte.</strong></span> <span class='ocrx_word' id='word_1_599' title='bbox 1420 4396 1485 4448; x_wconf 89' lang='lat' dir='ltr'><strong>Et</strong></span> <span class='ocrx_word' id='word_1_600' title='bbox 1508 4396 1583 4449; x_wconf 91' lang='lat' dir='ltr'><strong>ait</strong></span> <span class='ocrx_word' id='word_1_601' title='bbox 1612 4396 1678 4449; x_wconf 88' lang='lat' dir='ltr'><strong>ad</strong></span> <span class='ocrx_word' id='word_1_602' title='bbox 1700 4408 1786 4461; x_wconf 82' lang='lat' dir='ltr'><strong>me</strong></span> <span class='ocrx_word' id='word_1_603' title='bbox 1817 4415 1829 4449; x_wconf 94' lang='lat'><strong>:</strong></span> <span class='ocrx_word' id='word_1_604' title='bbox 1858 4397 2025 4466; x_wconf 79' lang='lat' dir='ltr'><strong>Aqua:</strong></span> 
     </span>
    </p>
   </div>
   <div class='ocr_carea' id='block_1_76' title="bbox 436 4473 2027 4557">
    <p class='ocr_par' dir='ltr' id='par_1_76' title="bbox 436 4473 2027 4557">
     <span class='ocr_line' id='line_1_76' title="bbox 436 4473 2027 4557; baseline 0.001 -17"><span class='ocrx_word' id='word_1_605' title='bbox 436 4504 457 4538; x_wconf 74' lang='grc' dir='ltr'><strong><em>ι</em></strong></span> <span class='ocrx_word' id='word_1_606' title='bbox 495 4487 633 4552; x_wconf 68' lang='lat' dir='ltr'><strong>istac,</strong></span> <span class='ocrx_word' id='word_1_607' title='bbox 660 4502 779 4557; x_wconf 69' lang='lat' dir='ltr'><strong>qua:</strong></span> <span class='ocrx_word' id='word_1_608' title='bbox 820 4487 1179 4557; x_wconf 49' lang='lat' dir='ltr'><strong>egrediuntur,</strong></span> <span class='ocrx_word' id='word_1_609' title='bbox 1216 4485 1288 4539; x_wconf 86' lang='lat' dir='ltr'><strong>ad</strong></span> <span class='ocrx_word' id='word_1_610' title='bbox 1331 4473 1564 4539; x_wconf 84' lang='lat' dir='ltr'><strong>tumulos</strong></span> <span class='ocrx_word' id='word_1_611' title='bbox 1594 4486 2027 4542; x_wconf 83' lang='lat' dir='ltr'><strong>sabuli‘orientis</strong></span> 
     </span>
    </p>
   </div>
   <div class='ocr_carea' id='block_1_77' title="bbox 2126 3303 3715 3375">
    <p class='ocr_par' dir='ltr' id='par_1_77' title="bbox 2126 3303 3715 3375">
     <span class='ocr_line' id='line_1_77' title="bbox 2126 3303 3715 3375; baseline 0 -18"><span class='ocrx_word' id='word_1_612' title='bbox 2126 3312 2214 3358; x_wconf 91' lang='lat' dir='ltr'><strong>tua</strong></span> <span class='ocrx_word' id='word_1_613' title='bbox 2265 3303 2439 3375; x_wconf 74' lang='lat' dir='ltr'><strong>(Psal.</strong></span> <span class='ocrx_word' id='word_1_614' title='bbox 2482 3305 2648 3374; x_wconf 75' lang='lat' dir='ltr'><strong>utv).</strong></span> <span class='ocrx_word' id='word_1_615' title='bbox 2674 3324 2691 3356; x_wconf 75' lang='grc' dir='ltr'><strong>ι</strong></span> <span class='ocrx_word' id='word_1_616' title='bbox 2730 3304 3072 3374; x_wconf 80' lang='lat' dir='ltr'><strong>Rursumque</strong></span> <span class='ocrx_word' id='word_1_617' title='bbox 3116 3304 3436 3374; x_wconf 88' lang='lat' dir='ltr'><strong>pluraliter:</strong></span> <span class='ocrx_word' id='word_1_618' title='bbox 3471 3323 3489 3355; x_wconf 76' lang='grc' dir='ltr'>ι</span> <span class='ocrx_word' id='word_1_619' title='bbox 3528 3304 3715 3358; x_wconf 71' lang='lat' dir='ltr'><strong>Elcva~</strong></span> 
     </span>
    </p>
   </div>
   <div class='ocr_carea' id='block_1_78' title="bbox 2123 3395 3717 3461">
    <p class='ocr_par' dir='ltr' id='par_1_78' title="bbox 2123 3395 3717 3461">
     <span class='ocr_line' id='line_1_78' title="bbox 2123 3395 3717 3461; baseline 0 -12"><span class='ocrx_word' id='word_1_620' title='bbox 2123 3404 2320 3451; x_wconf 87' lang='lat' dir='ltr'><strong>verunt</strong></span> <span class='ocrx_word' id='word_1_621' title='bbox 2345 3395 2591 3461; x_wconf 86' lang='lat' dir='ltr'><strong>ﬂumina,</strong></span> <span class='ocrx_word' id='word_1_622' title='bbox 2629 3397 2886 3461; x_wconf 89' lang='lat' dir='ltr'><strong>Domine,</strong></span> <span class='ocrx_word' id='word_1_623' title='bbox 2914 3396 3264 3451; x_wconf 80' lang='lat' dir='ltr'><strong>elevaverunt</strong></span> <span class='ocrx_word' id='word_1_624' title='bbox 3302 3395 3523 3450; x_wconf 82' lang='lat' dir='ltr'><strong>flumina</strong></span> <span class='ocrx_word' id='word_1_625' title='bbox 3554 3410 3717 3451; x_wconf 81' lang='lat' dir='ltr'><strong>voers</strong></span> 
     </span>
    </p>
   </div>
   <div class='ocr_carea' id='block_1_79' title="bbox 2086 3485 3696 3556">
    <p class='ocr_par' dir='ltr' id='par_1_79' title="bbox 2086 3485 3696 3556">
     <span class='ocr_line' id='line_1_79' title="bbox 2086 3485 3696 3556; baseline 0.002 -20"><span class='ocrx_word' id='word_1_626' title='bbox 2086 3528 2091 3533; x_wconf 90' lang='lat'><strong>.</strong></span> <span class='ocrx_word' id='word_1_627' title='bbox 2124 3500 2252 3539; x_wconf 90' lang='lat' dir='ltr'><strong>suas</strong></span> <span class='ocrx_word' id='word_1_628' title='bbox 2290 3500 2320 3538; x_wconf 92' lang='lat' dir='ltr'><strong>a</strong></span> <span class='ocrx_word' id='word_1_629' title='bbox 2356 3486 2580 3540; x_wconf 90' lang='lat' dir='ltr'><strong>vocibus</strong></span> <span class='ocrx_word' id='word_1_630' title='bbox 2626 3501 2889 3556; x_wconf 91' lang='lat' dir='ltr'><strong>aquarum</strong></span> <span class='ocrx_word' id='word_1_631' title='bbox 2940 3486 3255 3550; x_wconf 86' lang='lat' dir='ltr'><strong>multarum,</strong></span> <span class='ocrx_word' id='word_1_632' title='bbox 3293 3485 3573 3541; x_wconf 89' lang='lat' dir='ltr'><strong>mirabiles</strong></span> <span class='ocrx_word' id='word_1_633' title='bbox 3604 3486 3696 3540; x_wconf 85' lang='lat' dir='ltr'><strong>eia</strong></span> 
     </span>
    </p>
   </div>
   <div class='ocr_carea' id='block_1_80' title="bbox 2125 3576 3714 3650">
    <p class='ocr_par' dir='ltr' id='par_1_80' title="bbox 2125 3576 3714 3650">
     <span class='ocr_line' id='line_1_80' title="bbox 2125 3576 3714 3650; baseline 0.001 -19"><span class='ocrx_word' id='word_1_634' title='bbox 2125 3576 2302 3633; x_wconf 85' lang='lat' dir='ltr'><strong>tiones</strong></span> <span class='ocrx_word' id='word_1_635' title='bbox 2333 3578 2499 3632; x_wconf 85' lang='lat' dir='ltr'><strong>maris</strong></span> <span class='ocrx_word' id='word_1_636' title='bbox 2554 3576 2740 3650; x_wconf 79' lang='lat' dir='ltr'><strong>(Psal.</strong></span> <span class='ocrx_word' id='word_1_637' title='bbox 2782 3577 2944 3649; x_wconf 69' lang='grc' dir='ltr'><strong>χαι).</strong></span> <span class='ocrx_word' id='word_1_638' title='bbox 2970 3597 2987 3628; x_wconf 77' lang='grc' dir='ltr'><strong><em>ι</em></strong></span> <span class='ocrx_word' id='word_1_639' title='bbox 3034 3578 3100 3632; x_wconf 88' lang='lat' dir='ltr'><strong>Et</strong></span> <span class='ocrx_word' id='word_1_640' title='bbox 3140 3578 3192 3632; x_wconf 92' lang='lat' dir='ltr'><strong>in</strong></span> <span class='ocrx_word' id='word_1_641' title='bbox 3234 3578 3407 3631; x_wconf 88' lang='lat' dir='ltr'><strong>lsaia:</strong></span> <span class='ocrx_word' id='word_1_642' title='bbox 3439 3596 3457 3629; x_wconf 85' lang='grc'><strong>‹</strong></span> <span class='ocrx_word' id='word_1_643' title='bbox 3490 3576 3714 3632; x_wconf 86' lang='lat' dir='ltr'><strong>Faciam</strong></span> 
     </span>
    </p>
   </div>
   <div class='ocr_carea' id='block_1_81' title="bbox 2124 3668 3708 3740">
    <p class='ocr_par' dir='ltr' id='par_1_81' title="bbox 2124 3668 3708 3740">
     <span class='ocr_line' id='line_1_81' title="bbox 2124 3668 3708 3740; baseline -0.002 -16"><span class='ocrx_word' id='word_1_644' title='bbox 2124 3669 2178 3724; x_wconf 91' lang='lat' dir='ltr'><strong>in</strong></span> <span class='ocrx_word' id='word_1_645' title='bbox 2217 3669 2435 3725; x_wconf 90' lang='lat' dir='ltr'><strong>deserto</strong></span> <span class='ocrx_word' id='word_1_646' title='bbox 2466 3670 2630 3735; x_wconf 84' lang='lat' dir='ltr'><strong>viam,</strong></span> <span class='ocrx_word' id='word_1_647' title='bbox 2667 3679 2722 3726; x_wconf 92' lang='lat' dir='ltr'><strong>et</strong></span> <span class='ocrx_word' id='word_1_648' title='bbox 2767 3670 2819 3724; x_wconf 92' lang='lat' dir='ltr'><strong>in</strong></span> <span class='ocrx_word' id='word_1_649' title='bbox 2867 3670 3013 3725; x_wconf 65' lang='lat' dir='ltr'><strong>int/io</strong></span> <span class='ocrx_word' id='word_1_650' title='bbox 3057 3669 3279 3723; x_wconf 79' lang='lat' dir='ltr'><strong>flumina</strong></span> <span class='ocrx_word' id='word_1_651' title='bbox 3314 3668 3453 3739; x_wconf 78' lang='lat' dir='ltr'><strong>(Isa.</strong></span> <span class='ocrx_word' id='word_1_652' title='bbox 3484 3668 3663 3740; x_wconf 78' lang='lat' dir='ltr'><strong>xun).</strong></span> <span class='ocrx_word' id='word_1_653' title='bbox 3687 3686 3708 3721; x_wconf 72' lang='grc' dir='ltr'><strong>ι</strong></span> 
     </span>
    </p>
   </div>
   <div class='ocr_carea' id='block_1_82' title="bbox 2125 3758 3712 3832">
    <p class='ocr_par' dir='ltr' id='par_1_82' title="bbox 2125 3758 3712 3832">
     <span class='ocr_line' id='line_1_82' title="bbox 2125 3758 3712 3832; baseline -0.001 -17"><span class='ocrx_word' id='word_1_654' title='bbox 2125 3761 2192 3815; x_wconf 89' lang='grc' dir='ltr'><strong>Ει</strong></span> <span class='ocrx_word' id='word_1_655' title='bbox 2221 3761 2273 3815; x_wconf 92' lang='lat' dir='ltr'><strong>in</strong></span> <span class='ocrx_word' id='word_1_656' title='bbox 2300 3762 2407 3816; x_wconf 90' lang='lat' dir='ltr'><strong>alio</strong></span> <span class='ocrx_word' id='word_1_657' title='bbox 2436 3762 2675 3832; x_wconf 83' lang='lat' dir='ltr'><strong>ejusdem</strong></span> <span class='ocrx_word' id='word_1_658' title='bbox 2718 3762 2841 3817; x_wconf 92' lang='lat' dir='ltr'><strong>loco</strong></span> <span class='ocrx_word' id='word_1_659' title='bbox 2882 3758 3257 3815; x_wconf 88' lang='lat' dir='ltr'><strong>manifestius:</strong></span> <span class='ocrx_word' id='word_1_660' title='bbox 3287 3778 3306 3810; x_wconf 85' lang='grc'><em>‹</em></span> <span class='ocrx_word' id='word_1_661' title='bbox 3340 3759 3639 3829; x_wconf 77' lang='lat' dir='ltr'><strong>Apparebit</strong></span> <span class='ocrx_word' id='word_1_662' title='bbox 3660 3759 3712 3813; x_wconf 93' lang='lat' dir='ltr'><strong>in</strong></span> 
     </span>
    </p>
   </div>
   <div class='ocr_carea' id='block_1_83' title="bbox 2126 3850 3713 3923">
    <p class='ocr_par' dir='ltr' id='par_1_83' title="bbox 2126 3850 3713 3923">
     <span class='ocr_line' id='line_1_83' title="bbox 2126 3850 3713 3923; baseline -0.003 -14"><span class='ocrx_word' id='word_1_663' title='bbox 2126 3854 2257 3909; x_wconf 89' lang='lat' dir='ltr'><strong>Sion</strong></span> <span class='ocrx_word' id='word_1_664' title='bbox 2284 3852 2476 3908; x_wconf 85' lang='lat' dir='ltr'><strong>fluvius</strong></span> <span class='ocrx_word' id='word_1_665' title='bbox 2533 3854 2828 3909; x_wconf 87' lang='lat' dir='ltr'><strong>decurrens</strong></span> <span class='ocrx_word' id='word_1_666' title='bbox 2886 3852 3150 3923; x_wconf 88' lang='lat' dir='ltr'><strong>gloriosus</strong></span> <span class='ocrx_word' id='word_1_667' title='bbox 3200 3851 3252 3905; x_wconf 92' lang='lat' dir='ltr'><strong>in</strong></span> <span class='ocrx_word' id='word_1_668' title='bbox 3310 3862 3455 3906; x_wconf 85' lang='lat' dir='ltr'><strong>terra</strong></span> <span class='ocrx_word' id='word_1_669' title='bbox 3509 3850 3713 3907; x_wconf 88' lang='lat' dir='ltr'><strong>sitienti</strong></span> 
     </span>
    </p>
   </div>
   <div class='ocr_carea' id='block_1_84' title="bbox 2126 3943 3714 4016">
    <p class='ocr_par' dir='ltr' id='par_1_84' title="bbox 2126 3943 3714 4016">
     <span class='ocr_line' id='line_1_84' title="bbox 2126 3943 3714 4016; baseline -0.001 -17"><span class='ocrx_word' id='word_1_670' title='bbox 2126 3944 2261 4016; x_wconf 83' lang='lat' dir='ltr'><strong>(Isa.</strong></span> <span class='ocrx_word' id='word_1_671' title='bbox 2294 3946 2556 4015; x_wconf 68' lang='lat' dir='ltr'><strong>xxxm).»</strong></span> <span class='ocrx_word' id='word_1_672' title='bbox 2606 3944 2782 4015; x_wconf 90' lang='lat' dir='ltr'><strong>Super</strong></span> <span class='ocrx_word' id='word_1_673' title='bbox 2833 3944 2978 4000; x_wconf 89' lang='lat' dir='ltr'><strong>hunc</strong></span> <span class='ocrx_word' id='word_1_674' title='bbox 3025 3943 3246 3997; x_wconf 85' lang='lat' dir='ltr'><strong>fluvium</strong></span> <span class='ocrx_word' id='word_1_675' title='bbox 3288 3953 3449 3998; x_wconf 88' lang='lat' dir='ltr'><strong>erant</strong></span> <span class='ocrx_word' id='word_1_676' title='bbox 3487 3944 3714 3998; x_wconf 85' lang='lat' dir='ltr'><strong>arbores</strong></span> 
     </span>
    </p>
   </div>
   <div class='ocr_carea' id='block_1_85' title="bbox 2123 4036 3715 4107">
    <p class='ocr_par' dir='ltr' id='par_1_85' title="bbox 2123 4036 3715 4107">
     <span class='ocr_line' id='line_1_85' title="bbox 2123 4036 3715 4107; baseline -0.001 -17"><span class='ocrx_word' id='word_1_677' title='bbox 2123 4038 2373 4107; x_wconf 68' lang='lat' dir='ltr'><strong>plurimm</strong></span> <span class='ocrx_word' id='word_1_678' title='bbox 2399 4053 2467 4093; x_wconf 77' lang='lat' dir='ltr'><strong>ex</strong></span> <span class='ocrx_word' id='word_1_679' title='bbox 2492 4047 2721 4107; x_wconf 88' lang='lat' dir='ltr'><strong>utraque</strong></span> <span class='ocrx_word' id='word_1_680' title='bbox 2749 4045 2907 4107; x_wconf 90' lang='lat' dir='ltr'><strong>parte</strong></span> <span class='ocrx_word' id='word_1_681' title='bbox 2937 4038 3086 4106; x_wconf 74' lang='lat' dir='ltr'><strong>ripae,</strong></span> <span class='ocrx_word' id='word_1_682' title='bbox 3113 4046 3174 4090; x_wconf 93' lang='lat' dir='ltr'><strong>ut</strong></span> <span class='ocrx_word' id='word_1_683' title='bbox 3210 4036 3354 4090; x_wconf 89' lang='lat' dir='ltr'><strong>inter</strong></span> <span class='ocrx_word' id='word_1_684' title='bbox 3376 4036 3484 4091; x_wconf 90' lang='lat' dir='ltr'><strong>duo</strong></span> <span class='ocrx_word' id='word_1_685' title='bbox 3506 4036 3715 4092; x_wconf 84' lang='lat' dir='ltr'><strong>scilicet</strong></span> 
     </span>
    </p>
   </div>
   <div class='ocr_carea' id='block_1_86' title="bbox 2110 4125 3707 4194">
    <p class='ocr_par' dir='ltr' id='par_1_86' title="bbox 2110 4125 3707 4194">
     <span class='ocr_line' id='line_1_86' title="bbox 2110 4125 3707 4194; baseline -0.003 -10"><span class='ocrx_word' id='word_1_686' title='bbox 2110 4130 2505 4193; x_wconf 79' lang='lat' dir='ltr'><strong>instrumenta,</strong></span> <span class='ocrx_word' id='word_1_687' title='bbox 2523 4138 2675 4184; x_wconf 86' lang='lat' dir='ltr'><strong>vetus</strong></span> <span class='ocrx_word' id='word_1_688' title='bbox 2696 4137 2749 4182; x_wconf 88' lang='lat' dir='ltr'><strong>et</strong></span> <span class='ocrx_word' id='word_1_689' title='bbox 2764 4144 2985 4194; x_wconf 87' lang='lat' dir='ltr'><strong>novum,</strong></span> <span class='ocrx_word' id='word_1_690' title='bbox 3003 4128 3219 4183; x_wconf 90' lang='lat' dir='ltr'><strong>clausus</strong></span> <span class='ocrx_word' id='word_1_691' title='bbox 3237 4125 3707 4181; x_wconf 85' lang='lat' dir='ltr'><strong>eurrcrctfluvius.</strong></span> 
     </span>
    </p>
   </div>
   <div class='ocr_carea' id='block_1_87' title="bbox 2124 4216 3712 4292">
    <p class='ocr_par' dir='ltr' id='par_1_87' title="bbox 2124 4216 3712 4292">
     <span class='ocr_line' id='line_1_87' title="bbox 2124 4216 3712 4292; baseline -0.002 -17"><span class='ocrx_word' id='word_1_692' title='bbox 2124 4220 2293 4292; x_wconf 86' lang='lat' dir='ltr'><strong>Ligna</strong></span> <span class='ocrx_word' id='word_1_693' title='bbox 2328 4229 2508 4275; x_wconf 89' lang='lat' dir='ltr'><strong>autem</strong></span> <span class='ocrx_word' id='word_1_694' title='bbox 2539 4220 2704 4275; x_wconf 90' lang='lat' dir='ltr'><strong>multa</strong></span> <span class='ocrx_word' id='word_1_695' title='bbox 2737 4219 2821 4273; x_wconf 88' lang='lat' dir='ltr'><strong>vel</strong></span> <span class='ocrx_word' id='word_1_696' title='bbox 2859 4220 3083 4275; x_wconf 86' lang='lat' dir='ltr'><strong>arbores</strong></span> <span class='ocrx_word' id='word_1_697' title='bbox 3128 4218 3388 4287; x_wconf 82' lang='lat' dir='ltr'><strong>plurimas</strong></span> <span class='ocrx_word' id='word_1_698' title='bbox 3429 4227 3485 4273; x_wconf 88' lang='lat' dir='ltr'><strong>et</strong></span> <span class='ocrx_word' id='word_1_699' title='bbox 3512 4216 3712 4272; x_wconf 89' lang='lat' dir='ltr'><strong>multas</strong></span> 
     </span>
    </p>
   </div>
   <div class='ocr_carea' id='block_1_88' title="bbox 2126 4307 3733 4379">
    <p class='ocr_par' dir='ltr' id='par_1_88' title="bbox 2126 4307 3733 4379">
     <span class='ocr_line' id='line_1_88' title="bbox 2126 4307 3733 4379; baseline -0.002 -15"><span class='ocrx_word' id='word_1_700' title='bbox 2126 4311 2310 4375; x_wconf 92' lang='lat' dir='ltr'><strong>nimis,</strong></span> <span class='ocrx_word' id='word_1_701' title='bbox 2351 4310 2471 4365; x_wconf 90' lang='lat' dir='ltr'><strong>illas</strong></span> <span class='ocrx_word' id='word_1_702' title='bbox 2522 4310 2778 4374; x_wconf 84' lang='lat' dir='ltr'><strong>arbitror,</strong></span> <span class='ocrx_word' id='word_1_703' title='bbox 2830 4325 2968 4379; x_wconf 89' lang='lat' dir='ltr'><strong>quas</strong></span> <span class='ocrx_word' id='word_1_704' title='bbox 3022 4309 3075 4364; x_wconf 92' lang='lat' dir='ltr'><strong>in</strong></span> <span class='ocrx_word' id='word_1_705' title='bbox 3124 4308 3379 4376; x_wconf 85' lang='lat' dir='ltr'><strong>paradiso</strong></span> <span class='ocrx_word' id='word_1_706' title='bbox 3431 4307 3733 4377; x_wconf 78' lang='lat' dir='ltr'><strong>Scriptura-</strong></span> 
     </span>
    </p>
   </div>
   <div class='ocr_carea' id='block_1_89' title="bbox 2126 4398 3709 4471">
    <p class='ocr_par' dir='ltr' id='par_1_89' title="bbox 2126 4398 3709 4471">
     <span class='ocr_line' id='line_1_89' title="bbox 2126 4398 3709 4471; baseline -0.002 -16"><span class='ocrx_word' id='word_1_707' title='bbox 2126 4408 2514 4455; x_wconf 85' lang='lat' dir='ltr'><strong>commemorat</strong></span> <span class='ocrx_word' id='word_1_708' title='bbox 2538 4400 2711 4470; x_wconf 90' lang='lat' dir='ltr'><strong>pomis</strong></span> <span class='ocrx_word' id='word_1_709' title='bbox 2733 4401 2898 4455; x_wconf 86' lang='lat' dir='ltr'><strong>variis</strong></span> <span class='ocrx_word' id='word_1_710' title='bbox 2923 4398 3217 4455; x_wconf 89' lang='lat' dir='ltr'><strong>abundare.</strong></span> <span class='ocrx_word' id='word_1_711' title='bbox 3242 4398 3537 4471; x_wconf 71' lang='lat' dir='ltr'><strong>(MAURUS.)</strong></span> <span class='ocrx_word' id='word_1_712' title='bbox 3560 4398 3709 4453; x_wconf 87' lang='lat' dir='ltr'><strong>Scri-</strong></span> 
     </span>
    </p>
   </div>
   <div class='ocr_carea' id='block_1_90' title="bbox 2127 4489 3709 4560">
    <p class='ocr_par' dir='ltr' id='par_1_90' title="bbox 2127 4489 3709 4560">
     <span class='ocr_line' id='line_1_90' title="bbox 2127 4489 3709 4560; baseline 0 -16"><span class='ocrx_word' id='word_1_713' title='bbox 2127 4499 2278 4559; x_wconf 89' lang='lat' dir='ltr'><strong>ptum</strong></span> <span class='ocrx_word' id='word_1_714' title='bbox 2309 4499 2394 4545; x_wconf 90' lang='lat' dir='ltr'><strong>est</strong></span> <span class='ocrx_word' id='word_1_715' title='bbox 2421 4490 2565 4545; x_wconf 91' lang='lat' dir='ltr'><strong>enim</strong></span> <span class='ocrx_word' id='word_1_716' title='bbox 2608 4498 2663 4544; x_wconf 91' lang='lat' dir='ltr'><strong>et</strong></span> <span class='ocrx_word' id='word_1_717' title='bbox 2711 4490 2765 4543; x_wconf 92' lang='lat' dir='ltr'><strong>in</strong></span> <span class='ocrx_word' id='word_1_718' title='bbox 2797 4490 3005 4559; x_wconf 85' lang='lat' dir='ltr'><strong>psalmo</strong></span> <span class='ocrx_word' id='word_1_719' title='bbox 3047 4489 3112 4544; x_wconf 92' lang='lat' dir='ltr'><strong>de</strong></span> <span class='ocrx_word' id='word_1_720' title='bbox 3140 4489 3300 4544; x_wconf 89' lang='lat' dir='ltr'><strong>beato</strong></span> <span class='ocrx_word' id='word_1_721' title='bbox 3342 4489 3485 4553; x_wconf 88' lang='lat' dir='ltr'><strong>viro,</strong></span> <span class='ocrx_word' id='word_1_722' title='bbox 3536 4489 3629 4560; x_wconf 86' lang='lat' dir='ltr'><strong>qui</strong></span> <span class='ocrx_word' id='word_1_723' title='bbox 3653 4489 3709 4544; x_wconf 89' lang='lat' dir='ltr'><strong>in</strong></span> 
     </span>
    </p>
   </div>
   <div class='ocr_carea' id='block_1_91' title="bbox 437 4562 3709 4650">
    <p class='ocr_par' dir='ltr' id='par_1_91' title="bbox 437 4562 3709 4650">
     <span class='ocr_line' id='line_1_91' title="bbox 437 4562 3709 4650; baseline 0.001 -20"><span class='ocrx_word' id='word_1_724' title='bbox 437 4596 457 4630; x_wconf 70' lang='grc' dir='ltr'>ς</span> <span class='ocrx_word' id='word_1_725' title='bbox 493 4588 549 4633; x_wconf 90' lang='lat' dir='ltr'><strong>ct</strong></span> <span class='ocrx_word' id='word_1_726' title='bbox 574 4578 905 4633; x_wconf 84' lang='lat' dir='ltr'><strong>descendunt</strong></span> <span class='ocrx_word' id='word_1_727' title='bbox 935 4578 999 4631; x_wconf 91' lang='lat' dir='ltr'><strong>ad</strong></span> <span class='ocrx_word' id='word_1_728' title='bbox 1045 4576 1203 4646; x_wconf 88' lang='lat' dir='ltr'><strong>plana</strong></span> <span class='ocrx_word' id='word_1_729' title='bbox 1246 4576 1444 4632; x_wconf 89' lang='lat' dir='ltr'><strong>deserti</strong></span> <span class='ocrx_word' id='word_1_730' title='bbox 1485 4576 1762 4631; x_wconf 88' lang='lat' dir='ltr'><strong>intrabunt</strong></span> <span class='ocrx_word' id='word_1_731' title='bbox 1787 4562 2240 4650; x_wconf 80' lang='lat' dir='ltr'><strong>mareetchge</strong></span> <span class='ocrx_word' id='word_1_732' title='bbox 2292 4580 2505 4635; x_wconf 89' lang='lat' dir='ltr'><strong>Domini</strong></span> <span class='ocrx_word' id='word_1_733' title='bbox 2558 4580 2852 4635; x_wconf 88' lang='lat' dir='ltr'><strong>meditatur</strong></span> <span class='ocrx_word' id='word_1_734' title='bbox 2896 4581 2983 4634; x_wconf 90' lang='lat' dir='ltr'><strong>die</strong></span> <span class='ocrx_word' id='word_1_735' title='bbox 3040 4594 3106 4634; x_wconf 91' lang='lat' dir='ltr'><strong>ac</strong></span> <span class='ocrx_word' id='word_1_736' title='bbox 3162 4588 3363 4643; x_wconf 89' lang='lat' dir='ltr'><strong>nocte,</strong></span> <span class='ocrx_word' id='word_1_737' title='bbox 3413 4579 3560 4649; x_wconf 90' lang='lat' dir='ltr'><strong>quod</strong></span> <span class='ocrx_word' id='word_1_738' title='bbox 3613 4578 3709 4634; x_wconf 80' lang='lat' dir='ltr'><strong>fiat</strong></span> 
     </span>
    </p>
   </div>
   <div class='ocr_carea' id='block_1_92' title="bbox 436 4666 2023 4735">
    <p class='ocr_par' dir='ltr' id='par_1_92' title="bbox 436 4666 2023 4735">
     <span class='ocr_line' id='line_1_92' title="bbox 436 4666 2023 4735; baseline 0.003 -16"><span class='ocrx_word' id='word_1_739' title='bbox 436 4687 457 4719; x_wconf 75' lang='grc' dir='ltr'><strong><em>ι</em></strong></span> <span class='ocrx_word' id='word_1_740' title='bbox 493 4670 736 4732; x_wconf 79' lang='lat' dir='ltr'><strong>exibunt,</strong></span> <span class='ocrx_word' id='word_1_741' title='bbox 767 4677 821 4722; x_wconf 91' lang='lat' dir='ltr'><strong>et</strong></span> <span class='ocrx_word' id='word_1_742' title='bbox 850 4667 1187 4723; x_wconf 89' lang='lat' dir='ltr'><strong>sanabuntur</strong></span> <span class='ocrx_word' id='word_1_743' title='bbox 1217 4681 1389 4735; x_wconf 64' lang='lat' dir='ltr'><strong>aquae.</strong></span> <span class='ocrx_word' id='word_1_744' title='bbox 1425 4666 1489 4720; x_wconf 89' lang='lat' dir='ltr'><strong>Et</strong></span> <span class='ocrx_word' id='word_1_745' title='bbox 1529 4667 1704 4721; x_wconf 89' lang='lat' dir='ltr'><strong>omnis</strong></span> <span class='ocrx_word' id='word_1_746' title='bbox 1738 4668 1916 4722; x_wconf 91' lang='lat' dir='ltr'><strong>anima</strong></span> <span class='ocrx_word' id='word_1_747' title='bbox 1946 4669 2023 4724; x_wconf 86' lang='lat' dir='ltr'><strong>vi-</strong></span> 
     </span>
    </p>
   </div>
   <div class='ocr_carea' id='block_1_93' title="bbox 439 4756 2018 4829">
    <p class='ocr_par' dir='ltr' id='par_1_93' title="bbox 439 4756 2018 4829">
     <span class='ocr_line' id='line_1_93' title="bbox 439 4756 2018 4829; baseline 0.003 -22"><span class='ocrx_word' id='word_1_748' title='bbox 439 4774 456 4808; x_wconf 73' lang='grc' dir='ltr'><strong><em>ι</em></strong></span> <span class='ocrx_word' id='word_1_749' title='bbox 492 4772 641 4819; x_wconf 87' lang='lat' dir='ltr'><strong>vens,</strong></span> <span class='ocrx_word' id='word_1_750' title='bbox 671 4773 791 4827; x_wconf 67' lang='lat' dir='ltr'><strong>quae</strong></span> <span class='ocrx_word' id='word_1_751' title='bbox 819 4756 991 4825; x_wconf 88' lang='lat' dir='ltr'><strong>serpit</strong></span> <span class='ocrx_word' id='word_1_752' title='bbox 1014 4770 1335 4824; x_wconf 90' lang='lat' dir='ltr'><strong>quocunque</strong></span> <span class='ocrx_word' id='word_1_753' title='bbox 1359 4756 1567 4810; x_wconf 89' lang='lat' dir='ltr'><strong>venerit</strong></span> <span class='ocrx_word' id='word_1_754' title='bbox 1592 4762 1824 4829; x_wconf 88' lang='lat' dir='ltr'><strong>torrens,</strong></span> <span class='ocrx_word' id='word_1_755' title='bbox 1852 4758 2018 4823; x_wconf 88' lang='lat' dir='ltr'><strong>vivet,</strong></span> 
     </span>
    </p>
   </div>
   <div class='ocr_carea' id='block_1_94' title="bbox 437 4850 2021 4931">
    <p class='ocr_par' dir='ltr' id='par_1_94' title="bbox 437 4850 2021 4931">
     <span class='ocr_line' id='line_1_94' title="bbox 437 4850 2021 4931; baseline 0.006 -30"><span class='ocrx_word' id='word_1_756' title='bbox 437 4870 456 4901; x_wconf 84' lang='grc'><strong>‹</strong></span> <span class='ocrx_word' id='word_1_757' title='bbox 495 4858 551 4905; x_wconf 93' lang='lat' dir='ltr'><strong>et</strong></span> <span class='ocrx_word' id='word_1_758' title='bbox 576 4858 737 4905; x_wconf 90' lang='lat' dir='ltr'><strong>erunt</strong></span> <span class='ocrx_word' id='word_1_759' title='bbox 758 4850 936 4931; x_wconf 67' lang='lat' dir='ltr'><strong>pisces</strong></span> <span class='ocrx_word' id='word_1_760' title='bbox 959 4851 1110 4905; x_wconf 90' lang='lat' dir='ltr'><strong>multi</strong></span> <span class='ocrx_word' id='word_1_761' title='bbox 1135 4851 1267 4906; x_wconf 89' lang='lat' dir='ltr'><strong>satis</strong></span> <span class='ocrx_word' id='word_1_762' title='bbox 1304 4858 1590 4923; x_wconf 75' lang='lat' dir='ltr'><strong>postqpam</strong></span> <span class='ocrx_word' id='word_1_763' title='bbox 1622 4852 1869 4907; x_wconf 90' lang='lat' dir='ltr'><strong>venerint</strong></span> <span class='ocrx_word' id='word_1_764' title='bbox 1893 4852 2021 4909; x_wconf 89' lang='lat' dir='ltr'><strong>illuc</strong></span> 
     </span>
    </p>
   </div>
   <div class='ocr_carea' id='block_1_95' title="bbox 441 4937 2019 5014">
    <p class='ocr_par' dir='ltr' id='par_1_95' title="bbox 441 4937 2019 5014">
     <span class='ocr_line' id='line_1_95' title="bbox 441 4937 2019 5014; baseline 0.006 -23"><span class='ocrx_word' id='word_1_765' title='bbox 441 4959 460 4991; x_wconf 73' lang='grc' dir='ltr'>ι</span> <span class='ocrx_word' id='word_1_766' title='bbox 491 4956 646 5010; x_wconf 76' lang='lat' dir='ltr'><strong>aqua:</strong></span> <span class='ocrx_word' id='word_1_767' title='bbox 671 4942 808 4995; x_wconf 64' lang='lat' dir='ltr'><strong>ista.</strong></span> <span class='ocrx_word' id='word_1_768' title='bbox 840 4942 909 4995; x_wconf 88' lang='lat' dir='ltr'><strong>Et</strong></span> <span class='ocrx_word' id='word_1_769' title='bbox 941 4943 1278 4997; x_wconf 89' lang='lat' dir='ltr'><strong>sanabuntur</strong></span> <span class='ocrx_word' id='word_1_770' title='bbox 1305 4951 1360 4998; x_wconf 92' lang='lat' dir='ltr'><strong>et</strong></span> <span class='ocrx_word' id='word_1_771' title='bbox 1387 4944 1571 4997; x_wconf 87' lang='lat' dir='ltr'><strong>vivent</strong></span> <span class='ocrx_word' id='word_1_772' title='bbox 1594 4937 1775 4998; x_wconf 83' lang='lat' dir='ltr'><strong>omnia</strong></span> <span class='ocrx_word' id='word_1_773' title='bbox 1802 4945 1871 4999; x_wconf 90' lang='lat' dir='ltr'><strong>ad</strong></span> <span class='ocrx_word' id='word_1_774' title='bbox 1898 4960 2019 5014; x_wconf 66' lang='lat' dir='ltr'><strong>quae</strong></span> 
     </span>
    </p>
   </div>
   <div class='ocr_carea' id='block_1_96' title="bbox 440 5032 2018 5104">
    <p class='ocr_par' dir='ltr' id='par_1_96' title="bbox 440 5032 2018 5104">
     <span class='ocr_line' id='line_1_96' title="bbox 440 5032 2018 5104; baseline 0.003 -20"><span class='ocrx_word' id='word_1_775' title='bbox 440 5049 461 5084; x_wconf 73' lang='grc' dir='ltr'>ι</span> <span class='ocrx_word' id='word_1_776' title='bbox 494 5032 705 5086; x_wconf 88' lang='lat' dir='ltr'><strong>venerit</strong></span> <span class='ocrx_word' id='word_1_777' title='bbox 737 5040 971 5096; x_wconf 89' lang='lat' dir='ltr'><strong>torrens,</strong></span> <span class='ocrx_word' id='word_1_778' title='bbox 1002 5041 1055 5086; x_wconf 87' lang='lat' dir='ltr'><strong>et</strong></span> <span class='ocrx_word' id='word_1_779' title='bbox 1093 5033 1314 5087; x_wconf 90' lang='lat' dir='ltr'><strong>stabunt</strong></span> <span class='ocrx_word' id='word_1_780' title='bbox 1338 5047 1503 5102; x_wconf 87' lang='lat' dir='ltr'><strong>super</strong></span> <span class='ocrx_word' id='word_1_781' title='bbox 1541 5033 1662 5088; x_wconf 91' lang='lat' dir='ltr'><strong>illas</strong></span> <span class='ocrx_word' id='word_1_782' title='bbox 1700 5034 2018 5104; x_wconf 88' lang='lat' dir='ltr'><strong>piscatores.</strong></span> 
     </span>
    </p>
   </div>
   <div class='ocr_carea' id='block_1_97' title="bbox 443 5121 2019 5198">
    <p class='ocr_par' dir='ltr' id='par_1_97' title="bbox 443 5121 2019 5198">
     <span class='ocr_line' id='line_1_97' title="bbox 443 5121 2019 5198; baseline 0.003 -24"><span class='ocrx_word' id='word_1_783' title='bbox 443 5140 464 5174; x_wconf 77' lang='grc' dir='ltr'><strong><em>ι</em></strong></span> <span class='ocrx_word' id='word_1_784' title='bbox 497 5121 580 5175; x_wconf 86' lang='lat' dir='ltr'><strong>Ah</strong></span> <span class='ocrx_word' id='word_1_785' title='bbox 610 5122 848 5194; x_wconf 83' lang='lat' dir='ltr'><strong>Engaddi</strong></span> <span class='ocrx_word' id='word_1_786' title='bbox 878 5137 1046 5198; x_wconf 88' lang='lat' dir='ltr'><strong>usque</strong></span> <span class='ocrx_word' id='word_1_787' title='bbox 1074 5123 1141 5177; x_wconf 91' lang='lat' dir='ltr'><strong>ad</strong></span> <span class='ocrx_word' id='word_1_788' title='bbox 1170 5122 1435 5193; x_wconf 79' lang='lat' dir='ltr'><strong>Engallim</strong></span> <span class='ocrx_word' id='word_1_789' title='bbox 1459 5122 1681 5178; x_wconf 87' lang='lat' dir='ltr'><strong>siccatio</strong></span> <span class='ocrx_word' id='word_1_790' title='bbox 1700 5138 2019 5194; x_wconf 87' lang='lat' dir='ltr'><strong>sagenarum</strong></span> 
     </span>
    </p>
   </div>
   <div class='ocr_carea' id='block_1_98' title="bbox 446 5211 2023 5285">
    <p class='ocr_par' dir='ltr' id='par_1_98' title="bbox 446 5211 2023 5285">
     <span class='ocr_line' id='line_1_98' title="bbox 446 5211 2023 5285; baseline 0.001 -18"><span class='ocrx_word' id='word_1_791' title='bbox 446 5233 465 5267; x_wconf 76' lang='grc' dir='ltr'>ι</span> <span class='ocrx_word' id='word_1_792' title='bbox 502 5214 625 5270; x_wconf 86' lang='lat' dir='ltr'><strong>erit.</strong></span> <span class='ocrx_word' id='word_1_793' title='bbox 674 5211 926 5269; x_wconf 69' lang='lat' dir='ltr'><strong>Plurima:</strong></span> <span class='ocrx_word' id='word_1_794' title='bbox 971 5216 1178 5285; x_wconf 88' lang='lat' dir='ltr'><strong>species</strong></span> <span class='ocrx_word' id='word_1_795' title='bbox 1237 5222 1399 5270; x_wconf 89' lang='lat' dir='ltr'><strong>erunt</strong></span> <span class='ocrx_word' id='word_1_796' title='bbox 1432 5215 1659 5285; x_wconf 85' lang='lat' dir='ltr'><strong>piscium</strong></span> <span class='ocrx_word' id='word_1_797' title='bbox 1704 5216 1820 5285; x_wconf 88' lang='lat' dir='ltr'><strong>ejus</strong></span> <span class='ocrx_word' id='word_1_798' title='bbox 1880 5214 2023 5269; x_wconf 84' lang='lat' dir='ltr'><strong>sicut</strong></span> 
     </span>
    </p>
   </div>
   <div class='ocr_carea' id='block_1_99' title="bbox 442 5304 2022 5376">
    <p class='ocr_par' dir='ltr' id='par_1_99' title="bbox 442 5304 2022 5376">
     <span class='ocr_line' id='line_1_99' title="bbox 442 5304 2022 5376; baseline 0 -17"><span class='ocrx_word' id='word_1_799' title='bbox 442 5324 461 5359; x_wconf 76' lang='grc' dir='ltr'>ι</span> <span class='ocrx_word' id='word_1_800' title='bbox 490 5306 668 5376; x_wconf 85' lang='lat' dir='ltr'><strong>pisces</strong></span> <span class='ocrx_word' id='word_1_801' title='bbox 698 5306 865 5361; x_wconf 88' lang='lat' dir='ltr'><strong>maris</strong></span> <span class='ocrx_word' id='word_1_802' title='bbox 883 5306 1088 5376; x_wconf 87' lang='lat' dir='ltr'><strong>magni,</strong></span> <span class='ocrx_word' id='word_1_803' title='bbox 1113 5305 1473 5360; x_wconf 88' lang='lat' dir='ltr'><strong>multitudinis</strong></span> <span class='ocrx_word' id='word_1_804' title='bbox 1493 5305 1687 5361; x_wconf 62' lang='lat' dir='ltr'><strong>nimiae.</strong></span> <span class='ocrx_word' id='word_1_805' title='bbox 1722 5304 1780 5358; x_wconf 85' lang='lat' dir='ltr'><strong>in</strong></span> <span class='ocrx_word' id='word_1_806' title='bbox 1819 5305 1902 5361; x_wconf 88' lang='lat' dir='ltr'><strong>his</strong></span> <span class='ocrx_word' id='word_1_807' title='bbox 1924 5320 2022 5359; x_wconf 85' lang='lat' dir='ltr'><strong>au-</strong></span> 
     </span>
    </p>
   </div>
   <div class='ocr_carea' id='block_1_100' title="bbox 441 5398 2019 5471">
    <p class='ocr_par' dir='ltr' id='par_1_100' title="bbox 441 5398 2019 5471">
     <span class='ocr_line' id='line_1_100' title="bbox 441 5398 2019 5471; baseline -0.001 -18"><span class='ocrx_word' id='word_1_808' title='bbox 441 5421 459 5453; x_wconf 75' lang='grc' dir='ltr'><strong><em>ι</em></strong></span> <span class='ocrx_word' id='word_1_809' title='bbox 496 5408 631 5465; x_wconf 89' lang='lat' dir='ltr'><strong>tem,</strong></span> <span class='ocrx_word' id='word_1_810' title='bbox 656 5416 777 5471; x_wconf 78' lang='lat' dir='ltr'><strong>qua:</strong></span> <span class='ocrx_word' id='word_1_811' title='bbox 812 5400 1161 5471; x_wconf 87' lang='lat' dir='ltr'><strong>egrediuntur</strong></span> <span class='ocrx_word' id='word_1_812' title='bbox 1190 5400 1336 5470; x_wconf 89' lang='lat' dir='ltr'><strong>ripas</strong></span> <span class='ocrx_word' id='word_1_813' title='bbox 1362 5407 1417 5453; x_wconf 91' lang='lat' dir='ltr'><strong>et</strong></span> <span class='ocrx_word' id='word_1_814' title='bbox 1450 5406 1575 5454; x_wconf 87' lang='lat' dir='ltr'><strong>sunt</strong></span> <span class='ocrx_word' id='word_1_815' title='bbox 1602 5398 1884 5468; x_wconf 86' lang='lat' dir='ltr'><strong>palustria,</strong></span> <span class='ocrx_word' id='word_1_816' title='bbox 1911 5413 2019 5454; x_wconf 90' lang='lat' dir='ltr'><strong>non</strong></span> 
     </span>
    </p>
   </div>
   <div class='ocr_carea' id='block_1_101' title="bbox 443 5489 2022 5560">
    <p class='ocr_par' dir='ltr' id='par_1_101' title="bbox 443 5489 2022 5560">
     <span class='ocr_line' id='line_1_101' title="bbox 443 5489 2022 5560; baseline -0.001 -18"><span class='ocrx_word' id='word_1_817' title='bbox 443 5509 461 5542; x_wconf 75' lang='grc' dir='ltr'>ι</span> <span class='ocrx_word' id='word_1_818' title='bbox 499 5492 855 5555; x_wconf 88' lang='lat' dir='ltr'><strong>sanabuntur,</strong></span> <span class='ocrx_word' id='word_1_819' title='bbox 887 5491 981 5545; x_wconf 90' lang='lat' dir='ltr'><strong>sed</strong></span> <span class='ocrx_word' id='word_1_820' title='bbox 1006 5491 1058 5544; x_wconf 92' lang='lat' dir='ltr'><strong>in</strong></span> <span class='ocrx_word' id='word_1_821' title='bbox 1090 5492 1290 5546; x_wconf 85' lang='lat' dir='ltr'><strong>salinas</strong></span> <span class='ocrx_word' id='word_1_822' title='bbox 1311 5490 1597 5545; x_wconf 90' lang='lat' dir='ltr'><strong>dabuntur.</strong></span> <span class='ocrx_word' id='word_1_823' title='bbox 1626 5489 1694 5543; x_wconf 81' lang='lat' dir='ltr'><strong>Et</strong></span> <span class='ocrx_word' id='word_1_824' title='bbox 1723 5503 1887 5560; x_wconf 84' lang='lat' dir='ltr'><strong>super</strong></span> <span class='ocrx_word' id='word_1_825' title='bbox 1911 5496 2022 5542; x_wconf 91' lang='lat' dir='ltr'><strong>tor—</strong></span> 
     </span>
    </p>
   </div>
   <div class='ocr_carea' id='block_1_102' title="bbox 442 5581 2021 5652">
    <p class='ocr_par' dir='ltr' id='par_1_102' title="bbox 442 5581 2021 5652">
     <span class='ocr_line' id='line_1_102' title="bbox 442 5581 2021 5652; baseline -0.001 -18"><span class='ocrx_word' id='word_1_826' title='bbox 442 5600 461 5633; x_wconf 74' lang='grc' dir='ltr'>ι</span> <span class='ocrx_word' id='word_1_827' title='bbox 499 5589 706 5636; x_wconf 90' lang='lat' dir='ltr'><strong>rentcm</strong></span> <span class='ocrx_word' id='word_1_828' title='bbox 735 5581 943 5636; x_wconf 89' lang='lat' dir='ltr'><strong>orietur</strong></span> <span class='ocrx_word' id='word_1_829' title='bbox 969 5582 1023 5635; x_wconf 90' lang='lat' dir='ltr'><strong>in</strong></span> <span class='ocrx_word' id='word_1_830' title='bbox 1048 5582 1179 5652; x_wconf 87' lang='lat' dir='ltr'><strong>ripis</strong></span> <span class='ocrx_word' id='word_1_831' title='bbox 1198 5581 1315 5651; x_wconf 90' lang='lat' dir='ltr'><strong>ejus</strong></span> <span class='ocrx_word' id='word_1_832' title='bbox 1338 5596 1405 5634; x_wconf 76' lang='lat' dir='ltr'><strong>ex</strong></span> <span class='ocrx_word' id='word_1_833' title='bbox 1433 5588 1661 5647; x_wconf 89' lang='lat' dir='ltr'><strong>utraque</strong></span> <span class='ocrx_word' id='word_1_834' title='bbox 1680 5586 1835 5649; x_wconf 88' lang='lat' dir='ltr'><strong>parte</strong></span> <span class='ocrx_word' id='word_1_835' title='bbox 1859 5592 2021 5633; x_wconf 91' lang='lat' dir='ltr'><strong>omne</strong></span> 
     </span>
    </p>
   </div>
   <div class='ocr_carea' id='block_1_103' title="bbox 442 5670 2023 5743">
    <p class='ocr_par' dir='ltr' id='par_1_103' title="bbox 442 5670 2023 5743">
     <span class='ocr_line' id='line_1_103' title="bbox 442 5670 2023 5743; baseline 0 -18"><span class='ocrx_word' id='word_1_836' title='bbox 442 5690 461 5725; x_wconf 72' lang='grc' dir='ltr'><strong><em>ο</em></strong></span> <span class='ocrx_word' id='word_1_837' title='bbox 491 5672 698 5743; x_wconf 87' lang='lat' dir='ltr'><strong>lignum</strong></span> <span class='ocrx_word' id='word_1_838' title='bbox 744 5671 1094 5742; x_wconf 89' lang='lat' dir='ltr'><strong>pomiferum.</strong></span> <span class='ocrx_word' id='word_1_839' title='bbox 1135 5671 1249 5726; x_wconf 86' lang='lat' dir='ltr'><strong>Non</strong></span> <span class='ocrx_word' id='word_1_840' title='bbox 1286 5672 1483 5727; x_wconf 89' lang='lat' dir='ltr'><strong>delluet</strong></span> <span class='ocrx_word' id='word_1_841' title='bbox 1511 5670 1696 5725; x_wconf 91' lang='lat' dir='ltr'><strong>folium</strong></span> <span class='ocrx_word' id='word_1_842' title='bbox 1741 5685 1806 5725; x_wconf 82' lang='lat' dir='ltr'><strong>ex</strong></span> <span class='ocrx_word' id='word_1_843' title='bbox 1833 5685 1921 5730; x_wconf 84' lang='lat' dir='ltr'><strong>eo.</strong></span> <span class='ocrx_word' id='word_1_844' title='bbox 1966 5678 2023 5725; x_wconf 86' lang='lat' dir='ltr'><strong>et</strong></span> 
     </span>
    </p>
   </div>
   <div class='ocr_carea' id='block_1_104' title="bbox 445 5761 2021 5833">
    <p class='ocr_par' dir='ltr' id='par_1_104' title="bbox 445 5761 2021 5833">
     <span class='ocr_line' id='line_1_104' title="bbox 445 5761 2021 5833; baseline -0.003 -14"><span class='ocrx_word' id='word_1_845' title='bbox 445 5787 464 5808; x_wconf 77' lang='grc' dir='ltr'><strong>ο</strong></span> <span class='ocrx_word' id='word_1_846' title='bbox 496 5781 602 5819; x_wconf 87' lang='lat' dir='ltr'><strong>non</strong></span> <span class='ocrx_word' id='word_1_847' title='bbox 630 5763 844 5820; x_wconf 82' lang='lat' dir='ltr'><strong>deficiet</strong></span> <span class='ocrx_word' id='word_1_848' title='bbox 871 5764 1080 5821; x_wconf 90' lang='lat' dir='ltr'><strong>fructus</strong></span> <span class='ocrx_word' id='word_1_849' title='bbox 1112 5762 1246 5832; x_wconf 83' lang='lat' dir='ltr'><strong>ejus.</strong></span> <span class='ocrx_word' id='word_1_850' title='bbox 1290 5764 1393 5820; x_wconf 82' lang='lat' dir='ltr'><strong>Per</strong></span> <span class='ocrx_word' id='word_1_851' title='bbox 1434 5762 1675 5833; x_wconf 83' lang='lat' dir='ltr'><strong>singulos</strong></span> <span class='ocrx_word' id='word_1_852' title='bbox 1706 5778 1919 5817; x_wconf 82' lang='lat' dir='ltr'><strong>menses</strong></span> <span class='ocrx_word' id='word_1_853' title='bbox 1947 5761 2021 5815; x_wconf 89' lang='lat' dir='ltr'><strong>af-</strong></span> 
     </span>
    </p>
   </div>
   <div class='ocr_carea' id='block_1_105' title="bbox 2128 4668 3710 4741">
    <p class='ocr_par' dir='ltr' id='par_1_105' title="bbox 2128 4668 3710 4741">
     <span class='ocr_line' id='line_1_105' title="bbox 2128 4668 3710 4741; baseline 0.001 -20"><span class='ocrx_word' id='word_1_854' title='bbox 2128 4687 2147 4721; x_wconf 84' lang='grc'><strong>‹</strong></span> <span class='ocrx_word' id='word_1_855' title='bbox 2178 4680 2431 4740; x_wconf 89' lang='lat' dir='ltr'><strong>tanquam</strong></span> <span class='ocrx_word' id='word_1_856' title='bbox 2453 4670 2653 4741; x_wconf 80' lang='lat' dir='ltr'><strong>lignum</strong></span> <span class='ocrx_word' id='word_1_857' title='bbox 2678 4669 2820 4738; x_wconf 90' lang='lat' dir='ltr'><strong>quod</strong></span> <span class='ocrx_word' id='word_1_858' title='bbox 2840 4669 3137 4738; x_wconf 88' lang='lat' dir='ltr'><strong>plantatum</strong></span> <span class='ocrx_word' id='word_1_859' title='bbox 3164 4678 3248 4724; x_wconf 89' lang='lat' dir='ltr'><strong>est</strong></span> <span class='ocrx_word' id='word_1_860' title='bbox 3270 4684 3427 4724; x_wconf 89' lang='lat' dir='ltr'><strong>secus</strong></span> <span class='ocrx_word' id='word_1_861' title='bbox 3448 4668 3710 4723; x_wconf 85' lang='lat' dir='ltr'><strong>decursus</strong></span> 
     </span>
    </p>
   </div>
   <div class='ocr_carea' id='block_1_106' title="bbox 2123 4755 3706 4827">
    <p class='ocr_par' dir='ltr' id='par_1_106' title="bbox 2123 4755 3706 4827">
     <span class='ocr_line' id='line_1_106' title="bbox 2123 4755 3706 4827; baseline -0.001 -15"><span class='ocrx_word' id='word_1_862' title='bbox 2123 4773 2409 4827; x_wconf 89' lang='lat' dir='ltr'><strong>aquarum,</strong></span> <span class='ocrx_word' id='word_1_863' title='bbox 2436 4757 2583 4827; x_wconf 92' lang='lat' dir='ltr'><strong>quod</strong></span> <span class='ocrx_word' id='word_1_864' title='bbox 2613 4756 2847 4813; x_wconf 90' lang='lat' dir='ltr'><strong>fructum</strong></span> <span class='ocrx_word' id='word_1_865' title='bbox 2880 4772 3037 4812; x_wconf 91' lang='lat' dir='ltr'><strong>suum</strong></span> <span class='ocrx_word' id='word_1_866' title='bbox 3064 4755 3215 4811; x_wconf 87' lang='lat' dir='ltr'><strong>dabit</strong></span> <span class='ocrx_word' id='word_1_867' title='bbox 3238 4756 3291 4810; x_wconf 91' lang='lat' dir='ltr'><strong>in</strong></span> <span class='ocrx_word' id='word_1_868' title='bbox 3315 4764 3559 4826; x_wconf 86' lang='lat' dir='ltr'><strong>tempore</strong></span> <span class='ocrx_word' id='word_1_869' title='bbox 3586 4770 3706 4821; x_wconf 83' lang='lat' dir='ltr'><strong>suo,</strong></span> 
     </span>
    </p>
   </div>
   <div class='ocr_carea' id='block_1_107' title="bbox 2119 4844 3705 4919">
    <p class='ocr_par' dir='ltr' id='par_1_107' title="bbox 2119 4844 3705 4919">
     <span class='ocr_line' id='line_1_107' title="bbox 2119 4844 3705 4919; baseline -0.003 -12"><span class='ocrx_word' id='word_1_870' title='bbox 2119 4860 2176 4907; x_wconf 91' lang='lat' dir='ltr'><strong>et</strong></span> <span class='ocrx_word' id='word_1_871' title='bbox 2198 4851 2384 4906; x_wconf 90' lang='lat' dir='ltr'><strong>folium</strong></span> <span class='ocrx_word' id='word_1_872' title='bbox 2406 4849 2524 4919; x_wconf 86' lang='lat' dir='ltr'><strong>ejus</strong></span> <span class='ocrx_word' id='word_1_873' title='bbox 2548 4844 2659 4905; x_wconf 85' lang='lat' dir='ltr'><strong>non</strong></span> <span class='ocrx_word' id='word_1_874' title='bbox 2697 4850 2921 4914; x_wconf 89' lang='lat' dir='ltr'><strong>decidit,</strong></span> <span class='ocrx_word' id='word_1_875' title='bbox 2951 4858 3007 4903; x_wconf 91' lang='lat' dir='ltr'><strong>et</strong></span> <span class='ocrx_word' id='word_1_876' title='bbox 3030 4848 3213 4902; x_wconf 90' lang='lat' dir='ltr'><strong>omnia</strong></span> <span class='ocrx_word' id='word_1_877' title='bbox 3243 4862 3581 4917; x_wconf 59' lang='lat' dir='ltr'><strong>quaecunque</strong></span> <span class='ocrx_word' id='word_1_878' title='bbox 3622 4844 3705 4902; x_wconf 85' lang='lat' dir='ltr'><strong>fe-</strong></span> 
     </span>
    </p>
   </div>
   <div class='ocr_carea' id='block_1_108' title="bbox 2123 4936 3709 5011">
    <p class='ocr_par' dir='ltr' id='par_1_108' title="bbox 2123 4936 3709 5011">
     <span class='ocr_line' id='line_1_108' title="bbox 2123 4936 3709 5011; baseline -0.004 -13"><span class='ocrx_word' id='word_1_879' title='bbox 2123 4944 2261 4999; x_wconf 90' lang='lat' dir='ltr'><strong>cerit</strong></span> <span class='ocrx_word' id='word_1_880' title='bbox 2312 4940 2778 5011; x_wconf 87' lang='lat' dir='ltr'><strong>prosperabuntur</strong></span> <span class='ocrx_word' id='word_1_881' title='bbox 2831 4937 3004 5011; x_wconf 63' lang='lat' dir='ltr'><strong>(Paul.</strong></span> <span class='ocrx_word' id='word_1_882' title='bbox 3029 4937 3091 5009; x_wconf 85' lang='grc' dir='ltr'><strong>ι).</strong></span> <span class='ocrx_word' id='word_1_883' title='bbox 3116 4957 3134 4989; x_wconf 75' lang='grc' dir='ltr'><strong><em>ι</em></strong></span> <span class='ocrx_word' id='word_1_884' title='bbox 3187 4936 3363 4992; x_wconf 83' lang='lat' dir='ltr'><strong>Arbor</strong></span> <span class='ocrx_word' id='word_1_885' title='bbox 3410 4937 3558 4992; x_wconf 89' lang='lat' dir='ltr'><strong>enim</strong></span> <span class='ocrx_word' id='word_1_886' title='bbox 3603 4937 3709 4991; x_wconf 85' lang='lat' dir='ltr'><strong>ista</strong></span> 
     </span>
    </p>
   </div>
   <div class='ocr_carea' id='block_1_109' title="bbox 2121 5025 3708 5102">
    <p class='ocr_par' dir='ltr' id='par_1_109' title="bbox 2121 5025 3708 5102">
     <span class='ocr_line' id='line_1_109' title="bbox 2121 5025 3708 5102; baseline -0.001 -17"><span class='ocrx_word' id='word_1_887' title='bbox 2121 5030 2494 5102; x_wconf 90' lang='lat' dir='ltr'><strong>principaliter</strong></span> <span class='ocrx_word' id='word_1_888' title='bbox 2531 5029 2849 5101; x_wconf 89' lang='lat' dir='ltr'><strong>intelligitur</strong></span> <span class='ocrx_word' id='word_1_889' title='bbox 2884 5028 3142 5083; x_wconf 89' lang='lat' dir='ltr'><strong>Dominus</strong></span> <span class='ocrx_word' id='word_1_890' title='bbox 3169 5025 3438 5091; x_wconf 86' lang='lat' dir='ltr'><strong>Christus,</strong></span> <span class='ocrx_word' id='word_1_891' title='bbox 3484 5035 3708 5097; x_wconf 84' lang='lat' dir='ltr'><strong>propter</strong></span> 
     </span>
    </p>
   </div>
   <div class='ocr_carea' id='block_1_110' title="bbox 2121 5116 3708 5189">
    <p class='ocr_par' dir='ltr' id='par_1_110' title="bbox 2121 5116 3708 5189">
     <span class='ocr_line' id='line_1_110' title="bbox 2121 5116 3708 5189; baseline -0.004 -14"><span class='ocrx_word' id='word_1_892' title='bbox 2121 5134 2357 5184; x_wconf 86' lang='lat' dir='ltr'><strong>crucem,</strong></span> <span class='ocrx_word' id='word_1_893' title='bbox 2389 5134 2552 5189; x_wconf 88' lang='lat' dir='ltr'><strong>quam</strong></span> <span class='ocrx_word' id='word_1_894' title='bbox 2596 5133 2696 5188; x_wconf 91' lang='lat' dir='ltr'><strong>pro</strong></span> <span class='ocrx_word' id='word_1_895' title='bbox 2740 5118 3021 5173; x_wconf 89' lang='lat' dir='ltr'><strong>hominum</strong></span> <span class='ocrx_word' id='word_1_896' title='bbox 3070 5116 3243 5172; x_wconf 85' lang='lat' dir='ltr'><strong>salute</strong></span> <span class='ocrx_word' id='word_1_897' title='bbox 3285 5116 3544 5185; x_wconf 80' lang='lat' dir='ltr'><strong>suscepit,</strong></span> <span class='ocrx_word' id='word_1_898' title='bbox 3586 5132 3708 5187; x_wconf 70' lang='lat' dir='ltr'><strong>qua:</strong></span> 
     </span>
    </p>
   </div>
   <div class='ocr_carea' id='block_1_111' title="bbox 2122 5205 3707 5283">
    <p class='ocr_par' dir='ltr' id='par_1_111' title="bbox 2122 5205 3707 5283">
     <span class='ocr_line' id='line_1_111' title="bbox 2122 5205 3707 5283; baseline -0.004 -16"><span class='ocrx_word' id='word_1_899' title='bbox 2122 5210 2318 5267; x_wconf 82' lang='lat' dir='ltr'><strong>merito</strong></span> <span class='ocrx_word' id='word_1_900' title='bbox 2344 5211 2548 5283; x_wconf 89' lang='lat' dir='ltr'><strong>lignum</strong></span> <span class='ocrx_word' id='word_1_901' title='bbox 2589 5210 2716 5264; x_wconf 61' lang='lat' dir='ltr'><strong>vitae</strong></span> <span class='ocrx_word' id='word_1_902' title='bbox 2758 5208 2975 5274; x_wconf 89' lang='lat' dir='ltr'><strong>dicitur,</strong></span> <span class='ocrx_word' id='word_1_903' title='bbox 3019 5206 3234 5277; x_wconf 87' lang='lat' dir='ltr'><strong>quando</strong></span> <span class='ocrx_word' id='word_1_904' title='bbox 3260 5213 3316 5262; x_wconf 89' lang='lat' dir='ltr'><strong>et</strong></span> <span class='ocrx_word' id='word_1_905' title='bbox 3343 5206 3417 5261; x_wconf 91' lang='lat' dir='ltr'><strong>ibi</strong></span> <span class='ocrx_word' id='word_1_906' title='bbox 3445 5205 3707 5261; x_wconf 83' lang='lat' dir='ltr'><strong>Dominus</strong></span> 
     </span>
    </p>
   </div>
   <div class='ocr_carea' id='block_1_112' title="bbox 2120 5294 3709 5372">
    <p class='ocr_par' dir='ltr' id='par_1_112' title="bbox 2120 5294 3709 5372">
     <span class='ocr_line' id='line_1_112' title="bbox 2120 5294 3709 5372; baseline -0.006 -14"><span class='ocrx_word' id='word_1_907' title='bbox 2120 5303 2389 5367; x_wconf 81' lang='lat' dir='ltr'><strong>Christus,</strong></span> <span class='ocrx_word' id='word_1_908' title='bbox 2431 5301 2524 5372; x_wconf 92' lang='lat' dir='ltr'><strong>qui</strong></span> <span class='ocrx_word' id='word_1_909' title='bbox 2562 5308 2648 5357; x_wconf 89' lang='lat' dir='ltr'><strong>est</strong></span> <span class='ocrx_word' id='word_1_910' title='bbox 2688 5299 2800 5355; x_wconf 87' lang='lat' dir='ltr'><strong>vita</strong></span> <span class='ocrx_word' id='word_1_911' title='bbox 2841 5305 3046 5363; x_wconf 91' lang='lat' dir='ltr'><strong>nostra,</strong></span> <span class='ocrx_word' id='word_1_912' title='bbox 3078 5310 3373 5366; x_wconf 84' lang='lat' dir='ltr'><strong>suspensus</strong></span> <span class='ocrx_word' id='word_1_913' title='bbox 3400 5302 3510 5359; x_wconf 80' lang='lat' dir='ltr'><strong>est,</strong></span> <span class='ocrx_word' id='word_1_914' title='bbox 3552 5303 3609 5350; x_wconf 88' lang='lat' dir='ltr'><strong>et</strong></span> <span class='ocrx_word' id='word_1_915' title='bbox 3628 5294 3709 5363; x_wconf 74' lang='lat' dir='ltr'><strong>la-</strong></span> 
     </span>
    </p>
   </div>
   <div class='ocr_carea' id='block_1_113' title="bbox 2120 5384 3705 5448">
    <p class='ocr_par' dir='ltr' id='par_1_113' title="bbox 2120 5384 3705 5448">
     <span class='ocr_line' id='line_1_113' title="bbox 2120 5384 3705 5448; baseline -0.006 0"><span class='ocrx_word' id='word_1_916' title='bbox 2120 5393 2264 5448; x_wconf 82' lang='lat' dir='ltr'><strong>troni</strong></span> <span class='ocrx_word' id='word_1_917' title='bbox 2294 5394 2349 5447; x_wconf 92' lang='lat' dir='ltr'><strong>in</strong></span> <span class='ocrx_word' id='word_1_918' title='bbox 2377 5393 2565 5447; x_wconf 92' lang='lat' dir='ltr'><strong>eadem</strong></span> <span class='ocrx_word' id='word_1_919' title='bbox 2609 5389 2886 5446; x_wconf 80' lang='lat' dir='ltr'><strong>conﬁtenti</strong></span> <span class='ocrx_word' id='word_1_920' title='bbox 2926 5388 3128 5443; x_wconf 91' lang='lat' dir='ltr'><strong>dictum</strong></span> <span class='ocrx_word' id='word_1_921' title='bbox 3148 5395 3268 5441; x_wconf 84' lang='lat' dir='ltr'><strong>est:</strong></span> <span class='ocrx_word' id='word_1_922' title='bbox 3299 5404 3318 5437; x_wconf 77' lang='grc' dir='ltr'>ι</span> <span class='ocrx_word' id='word_1_923' title='bbox 3352 5384 3548 5448; x_wconf 81' lang='lat' dir='ltr'><strong>Amen,</strong></span> <span class='ocrx_word' id='word_1_924' title='bbox 3582 5384 3705 5438; x_wconf 85' lang='lat' dir='ltr'><strong>dico</strong></span> 
     </span>
    </p>
   </div>
   <div class='ocr_carea' id='block_1_114' title="bbox 2122 5472 3701 5551">
    <p class='ocr_par' dir='ltr' id='par_1_114' title="bbox 2122 5472 3701 5551">
     <span class='ocr_line' id='line_1_114' title="bbox 2122 5472 3701 5551; baseline -0.008 -12"><span class='ocrx_word' id='word_1_925' title='bbox 2122 5485 2242 5551; x_wconf 88' lang='lat' dir='ltr'><strong>tibi,</strong></span> <span class='ocrx_word' id='word_1_926' title='bbox 2292 5484 2453 5540; x_wconf 88' lang='lat' dir='ltr'><strong>hodie</strong></span> <span class='ocrx_word' id='word_1_927' title='bbox 2495 5497 2705 5537; x_wconf 90' lang='lat' dir='ltr'><strong>mecum</strong></span> <span class='ocrx_word' id='word_1_928' title='bbox 2742 5480 2853 5535; x_wconf 92' lang='lat' dir='ltr'><strong>eris</strong></span> <span class='ocrx_word' id='word_1_929' title='bbox 2898 5480 2951 5533; x_wconf 93' lang='lat' dir='ltr'><strong>in</strong></span> <span class='ocrx_word' id='word_1_930' title='bbox 2999 5476 3252 5549; x_wconf 85' lang='lat' dir='ltr'><strong>paradiso</strong></span> <span class='ocrx_word' id='word_1_931' title='bbox 3297 5472 3701 5546; x_wconf 71' lang='lat' dir='ltr'><strong>(Luc.xxlu).s</strong></span> 
     </span>
    </p>
   </div>
   <div class='ocr_carea' id='block_1_115' title="bbox 2121 5560 3715 5647">
    <p class='ocr_par' dir='ltr' id='par_1_115' title="bbox 2121 5560 3715 5647">
     <span class='ocr_line' id='line_1_115' title="bbox 2121 5560 3715 5647; baseline -0.009 -13"><span class='ocrx_word' id='word_1_932' title='bbox 2121 5578 2276 5647; x_wconf 88' lang='lat' dir='ltr'><strong>Quod</strong></span> <span class='ocrx_word' id='word_1_933' title='bbox 2302 5578 2465 5631; x_wconf 88' lang='lat' dir='ltr'><strong>etiam</strong></span> <span class='ocrx_word' id='word_1_934' title='bbox 2515 5576 2721 5645; x_wconf 89' lang='lat' dir='ltr'><strong>lignum</strong></span> <span class='ocrx_word' id='word_1_935' title='bbox 2758 5588 2917 5628; x_wconf 89' lang='lat' dir='ltr'><strong>secus</strong></span> <span class='ocrx_word' id='word_1_936' title='bbox 2964 5571 3223 5625; x_wconf 87' lang='lat' dir='ltr'><strong>decursus</strong></span> <span class='ocrx_word' id='word_1_937' title='bbox 3254 5581 3518 5637; x_wconf 85' lang='lat' dir='ltr'><strong>aquarum</strong></span> <span class='ocrx_word' id='word_1_938' title='bbox 3560 5560 3715 5635; x_wconf 71' lang='lat' dir='ltr'><strong>posio</strong></span> 
     </span>
    </p>
   </div>
   <div class='ocr_carea' id='block_1_116' title="bbox 2122 5655 3706 5734">
    <p class='ocr_par' dir='ltr' id='par_1_116' title="bbox 2122 5655 3706 5734">
     <span class='ocr_line' id='line_1_116' title="bbox 2122 5655 3706 5734; baseline -0.008 -10"><span class='ocrx_word' id='word_1_939' title='bbox 2122 5672 2256 5733; x_wconf 82' lang='lat' dir='ltr'><strong>tum,</strong></span> <span class='ocrx_word' id='word_1_940' title='bbox 2289 5669 2390 5723; x_wconf 91' lang='lat' dir='ltr'><strong>hoe</strong></span> <span class='ocrx_word' id='word_1_941' title='bbox 2413 5662 2513 5731; x_wconf 79' lang='lat' dir='ltr'><strong>&#39;est,</strong></span> <span class='ocrx_word' id='word_1_942' title='bbox 2547 5664 2699 5734; x_wconf 80' lang='lat' dir='ltr'><strong>juxta</strong></span> <span class='ocrx_word' id='word_1_943' title='bbox 2731 5662 3033 5718; x_wconf 89' lang='lat' dir='ltr'><strong>doctrinam</strong></span> <span class='ocrx_word' id='word_1_944' title='bbox 3072 5659 3363 5715; x_wconf 86' lang='lat' dir='ltr'><strong>salutarem</strong></span> <span class='ocrx_word' id='word_1_945' title='bbox 3406 5656 3577 5726; x_wconf 87' lang='lat' dir='ltr'><strong>ipsius</strong></span> <span class='ocrx_word' id='word_1_946' title='bbox 3599 5655 3706 5711; x_wconf 79' lang='grc' dir='ltr'><strong>Βο·</strong></span> 
     </span>
    </p>
   </div>
   <div class='ocr_carea' id='block_1_117' title="bbox 2124 5747 3706 5829">
    <p class='ocr_par' dir='ltr' id='par_1_117' title="bbox 2124 5747 3706 5829">
     <span class='ocr_line' id='line_1_117' title="bbox 2124 5747 3706 5829; baseline -0.01 -13"><span class='ocrx_word' id='word_1_947' title='bbox 2124 5760 2274 5825; x_wconf 85' lang='lat' dir='ltr'><strong>mini,</strong></span> <span class='ocrx_word' id='word_1_948' title='bbox 2302 5759 2393 5829; x_wconf 90' lang='lat' dir='ltr'><strong>qui</strong></span> <span class='ocrx_word' id='word_1_949' title='bbox 2447 5759 2512 5813; x_wconf 86' lang='lat' dir='ltr'><strong>ad</strong></span> <span class='ocrx_word' id='word_1_950' title='bbox 2561 5756 2960 5812; x_wconf 85' lang='lat' dir='ltr'><strong>Samaritanam</strong></span> <span class='ocrx_word' id='word_1_951' title='bbox 3009 5751 3288 5808; x_wconf 83' lang='lat' dir='ltr'><strong>mulierem</strong></span> <span class='ocrx_word' id='word_1_952' title='bbox 3324 5751 3375 5804; x_wconf 91' lang='lat' dir='ltr'><strong>in</strong></span> <span class='ocrx_word' id='word_1_953' title='bbox 3415 5747 3706 5818; x_wconf 80' lang='lat' dir='ltr'><strong>Evangelio</strong></span> 
     </span>
    </p>
   </div>
  </div>
