3924 6336
195 369 332 424 1037

1075 376 1430 433 (ῙΟΜΜΕΝΤ.
1468 378 1536 433 ΙΝ
1568 378 2026 438 EZECHIELEM.
2059 415 2130 427 —-
2168 386 2294 443 LIB.
2341 390 2479 445 XIX.

3304 403 3441 463 l058

186 479 303 532 ait:
334 496 351 529 ι
389 476 446 533 Si
472 478 642 534 scires
665 482 788 549 quis
815 490 918 546 est,
943 484 1032 553 qui
1061 502 1090 539 a
1118 496 1170 542 te
1198 504 1391 557 aquam
1418 492 1571 560 petit,
1603 491 1767 561 petis-
1794 495 1841 552 Α
1870 495 2120 567 denique
2134 501 2177 554 si
2208 500 2456 558 Jordanis
2487 514 2675 562 auctus
2703 507 2964 568 imbribus
2987 513 3166 582 pisces
3203 518 3328 576 illuc
3353 524 3440 578 in-

185 582 279 623 ses
303 569 373 623 ab
401 582 469 623 eo
504 578 565 623 nt
605 572 759 625 daret
803 573 898 627 tibi
929 589 1122 643 aquam
1167 578 1364 647 vivam,
1396 599 1415 632 ι
1447 589 1551 635 etc.
1581 579 1762 653 (Joan.

185 660 290 729 tv).
319 660 472 714 Dedit
516 658 952 718 fruetnm's'uum
992 666 1047 719 in
1096 676 1339 737 tempore
1384 684 1502 735 suo,
1551 671 1767 741 quando

183 747 463 807 Ecclesias
484 755 766 808 constituit
806 763 1049 827 tempore
1090 762 1442 828 competenti,
1490 762 1545 815 in
1571 763 1766 832 quibus

181 848 371 895 exstat
397 839 922 912 refectio-spiritalis
948 845 1186 901 fidelium
1224 849 1550 905 animarum.
1580 852 1637 905 in
1664 853 1767 907 hoc

182 913 342 979 ligno
374 915 504 969 flia
526 921 804 973 manentia
826 930 973 987 sunt,
1001 923 1130 990 quia
1154 925 1474 983 verba-vlta:
1497 927 1602 984 ﬂxa
1637 933 1782 987 veri-

188 1012 305 1060 tate
322 1006 403 1061 ibi
437 1009 769 1076 consistunt,
788 1014 927 1068 sicut
952 1014 1006 1069 in
1033 1016 1331 1088 Evangelia
1356 1019 1560 1076 dicitur
1580 1039 1600 1077 :
1626 1025 1782 1088 «Co:—

186 1096 304 1151 lnm
326 1108 381 1153 et
405 1108 549 1153 terra
575 1105 906 1165 transibunt.
939 1108 1103 1163 verba
1129 1121 1313 1166 autem
1360 1128 1481 1168 mea
1498 1131 1607 1171 non
1640 1132 1781 1187 prte-

188 1189 444 1245 terthuut
468 1189 679 1261 (Matth.
702 1198 908 1258 nm.)
940 1186 1006 1252 Et
1036 1201 1252 1257 intuere
1271 1202 1487 1261 Domini
1510 1186 1675 1264 verba
1698 1210 1781 1264 fo-

185 1276 284 1333 liis
300 1280 513 1341 arboris
533 1296 883 1355 comparata:
906 1290 1032 1358 quia
1054 1293 1201 1349 sicut
1222 1296 1310 1350 illa
1334 1297 1551 1357 fructus
1569 1310 1780 1372 tegunt,

190 1372 278 1425 sic
300 1376 702 1441 promissiones
720 1394 872 1445 suas,
915 1374 1095 1439 et‘ista
1118 1390 1462 1454 custodiunt.
1512 1392 1637 1451 Haec
1653 1407 1780 1454 sunt

187 1481 352 1533 «quia:
384 1468 682 1535 spiritales,
730 1473 848 1529 haec
895 1477 1017 1532 lolia
1052 1480 1336 1537 salutaria.
1388 1486 1464 1541 De
1490 1490 1691 1557 quibus
1724 1492 1779 1547 in

183 1558 516 1630 Apocalypsi
548 1564 742 1631 beatus
764 1568 1003 1627 Joannes
1025 1573 1192 1630 dicit:
1232 1596 1249 1627 ι
1277 1577 1340 1631 Et
1368 1582 1610 1637 ostendit
1643 1586 1776 1641 mihi

182 1650 392 1707 ﬂumen
440 1671 608 1725 aqua:
648 1661 795 1727 vitae,
857 1664 1210 1733 splendidum
1258 1671 1774 1746 sicutcrystalinm,

179 1746 378 1801 exiens
408 1749 477 1805 de
498 1750 696 1807 throno
744 1754 835 1810 Dei
873 1768 929 1811 et
955 1760 1114 1829 Agni.
1153 1762 1209 1815 lu
1238 1766 1420 1820 medio
1446 1768 1636 1836 plateae
1658 1772 1777 1843 ejus

1872 581 2037 639 ﬂuens
2058 590 2329 658 rapuerit,
2358 594 2538 648 statim
2561 596 2863 651 moriuntur
2892 608 2945 655 et
2964 581 3252 673 pinguibus
3285 613 3442 681 aquis

1868 686 2215 744 supernatant
2231 697 2245 744 ;
2264 696 2385 735 cum
2414 683 2527 739 haec
2548 676 2727 756 itaque
2752 689 2883 743 nihil
2910 692 3158 751 utilitatis
3180 676 3437 769 habeant,

1869 765 2163 834 utsimplex
2178 784 2357 825 sermo
2378 779 2623 839 testatur,
2646 774 2819 844 etiam
2834 778 2879 832 si
2903 778 3039 835 facta
3055 781 3277 848 fuerint,
3293 765 3436 856 quod

1819 908 1825 914 _
1866 851 2030 906 stulta
2053 853 2357 911 Iudaeorum
2386 862 2557 915 credit
2598 867 2924 935 superstitio,
2962 867 3119 937 juxta
3136 851 3440 946 intelligen-

1866 940 1999 994 tiam
2026 943 2323 1011 spiritalem
2370 947 2582 1003 Domini
2632 959 2871 1009 torrente
2898 966 3115 1022 curatur,
3167 940 3439 1018 habebunt

1863 1031 2039 1099 pisces
2084 1033 2363 1104 plurimos,
2411 1048 2466 1093 et
2517 1042 2697 1097 vivent
2746 1046 2945 1111 omnia,
2982 1050 3047 1103 ad
3076 1065 3195 1120 qua:
3226 1061 3436 1110 torrens

1864 1118 1967 1173 iste
1992 1124 2317 1189 pervenerit.
2370 1127 2445 1179 ita
2476 1137 2533 1181 ut
2576 1131 2872 1199 piscatores
2903 1143 3044 1189 stent
3086 1118 3247 1207 super
3290 1142 3433 1211 ripas

1861 1210 1930 1265 ab
1957 1211 2199 1281 Engaddi
2229 1230 2398 1285 usque
2432 1220 2503 1271 ad
2546 1220 2826 1291 Engailim,
2876 1240 3102 1293 quorum
3139 1229 3289 1297 prius
3318 1210 3434 1285 fon-

1860 1309 1968 1359 tem
2015 1304 2129 1358 sive
2158 1306 2366 1359 oculum
2409 1309 2575 1371 hwdi,
2625 1328 2853 1381 sequens
2908 1315 3111 1370 fontem
3168 1321 3434 1375 oculumve

1858 1390 2139 1445 vitulorum
2185 1404 2362 1449 sonat.
2421 1398 2679 1468 Engailim
2724 1403 2781 1455 in
2832 1405 3093 1473 principio
3137 1410 3220 1460 eSt
3269 1409 3434 1464 maris

1859 1480 2076 1547 Mortui,
2107 1484 2194 1537 ubi
2240 1483 2492 1542 Iordanis
2535 1491 2869 1561 ingreditur:
2906 1494 3146 1563 Engaddi
3191 1511 3317 1551 vero
3344 1498 3433 1551 ubi

1858 1569 2042 1625 ﬁnitur
2054 1582 2213 1641 atque
2240 1580 2571 1633 consumitur
2597 1598 2608 1632 :
2639 1597 2789 1637 mare
2806 1590 2985 1638 autem
3010 1584 3275 1641 Mortuum
3301 1589 3432 1642 illud

1854 1670 2129 1728 puto-esse
2158 1665 2230 1724 de
2255 1680 2363 1733 quo
2393 1667 2683 1725 Zacharias
2728 1670 2963 1741 loquitur
3000 1691 3012 1726 :
3046 1691 3065 1724 ι
3112 1675 3169 1729 in
3210 1677 3296 1730 die
3338 1678 3429 1732 illa

1853 1749 2156 1818 egredietur
2178 1767 2317 1821 aqua
2344 1755 2529 1810 vivens
2550 1758 2618 1812 de
2636 1757 2928 1815 Jerusalem
2955 1760 3138 1834 (Zach.
3166 1764 3295 1837 xiv),
3320 1786 3339 1818 ι
3375 1775 3431 1821 et

179 1848 241 1893 et
265 1856 332 1894 ex
361 1851 597 1914 utraque
615 1856 767 1914 parte
790 1848 1034 1906 ﬂuminis
1055 1852 1309 1909 arborem
1333 1857 1484 1921 vitae,
1503 1876 1625 1930 quae
1644 1840 1831 1919 facitB
1859 1840 2092 1930 medium
2141 1840 2258 1911 eius
2295 1844 2347 1898 in
2397 1861 2545 1901 mare
2598 1849 2852 1919 primum
2905 1852 3094 1908 Daniel
3123 1869 3335 1925 quoque
3375 1859 3427 1911 i“

178 1933 427 1989 frt'ictum
452 1938 767 2004 duodecies,
802 1944 1035 2010 singulis
1065 1948 1351 2002 mensibus
1390 1951 1629 2007 reddens
1657 1954 1773 2009 fru-

168 2017 324 2063 ctum
352 2025 533 2076 suum,
577 2022 632 2067 et
655 2012 778 2069 folia
808 2017 1018 2071 arboris
1046 2017 1189 2072 illius
1212 2026 1339 2073 sunt
1366 2022 1435 2073 ad
1473 2030 1758 2081 sanitatem

166 2097 413 2171 gentium
435 2102 687 2169 deputata
723 2102 903 2174 (Apoc.
928 2106 1123 2184 xxn).i
1161 2107 1374 2179 (Βράιι.)
1396 2108 1452 2162 lu
1476 2109 1755 2165 duodecim

168 2188 450 2243 mensibus
503 2205 661 2245 omne
699 2201 916 2262 tempus
935 2194 1175 2251 insinuat
1200 2198 1345 2263 vitae,
1383 2197 1590 2253 scilicet
1614 2198 1755 2254 illius

167 2276 260 2330 ubi
284 2277 511 2332 dicitur:
542 2300 560 2332 ι
590 2282 658 2335 Et
681 2284 808 2337 anni
832 2285 909 2339 tui
931 2301 1036 2341 non
1063 2286 1312 2343 deﬁcient
1334 2286 1505 2361 (Paul.
1528 2290 1623 2361 οι).
1645 2290 1755 2345 {Et

164 2366 367 2422 iterum
395 2388 407 2422 :
438 2390 456 2421 ‹
492 2371 609 2426 Erit
631 2374 832 2431 mensis
852 2389 915 2429 ex
946 2391 1134 2432 mense
1157 2387 1213 2433 et
1238 2379 1523 2433 sabbatum
1548 2395 1615 2435 ex
1636 2381 1753 2436 sab-

163 2455 297 2512 bato
351 2456 485 2530 (Ira.
528 2463 694 2533 uvr).
744 2483 763 2516 ι
828 2464 929 2520 Ubi
981 2482 1223 2536 praesens
1285 2467 1497 2523 Domini
1551 2468 1752 2536 vultus,

162 2556 373 2601 aeterna
409 2551 631 2617 sanitas,
660 2556 1067 2615 aeternus.va
1125 2558 1280 2617 cibus
1329 2567 1428 2614 est.
1486 2559 1671 2615 Potest
1698 2570 1754 2616 et

163 2637 489 2705 simpliciter
530 2642 752 2713 intelligi
786 2647 943 2714 quod
990 2662 1084 2716 per
1113 2649 1414 2712 doctrinam
1468 2650 1752 2708 duodecim

161 2725 550 2795 Apostolorum
573 2747 708 2786 crux
740 2733 942 2804 Christi
970 2735 1297 2793 frnctilicet:
1326 2758 1349 2790 ι
1367 2740 1447 2793 Et
1468 2739 1595 2794 folia
1620 2741 1749 2813 ligni

162 2817 255 2870 ad‘
285 2820 573 2874 sanitatem
626 2824 925 2892 gentium.»
976 2825 1034 2880 Si
1082 2826 1291 2886 fructus
1344 2843 1554 2885 merces
1580 2829 1753 2887 beata:

166 2910 597 2968 immortalitatis
616 2915 902 2991 accipitur,
933 2915 1080 2972 recte
1120 2918 1245 2976 folia
1275 2930 1566 2993 perpetuus
1592 2922 1751 2981 intel-

162 2999 354 3069 .igitur
381 3013 592 3069 cantus,
645 2990 789 3075 quod
840 3005 893 3060 in
926 3005 1213 3062 sanitatem
1254 2990 1416 3085 cadat
1440 3012 1612 3068 "felici
1635 3014 1751 3084 jam

166 3100 320 3146 sorte
372 3094 727 3164 canentibus;
767 3096 839 3150 ibi
885 3097 1031 3151 enim
1057 3099 1299 3169 gentium
1345 3104 1555 3158 curatio
1597 3119 1748 3171 vera,

1814 3074 1820 3079 ο
1855 3017 1992 3085 rabit
2014 3027 2135 3086 post
2163 3019 2297 3074 duos
2341 3021 2490 3076 dies:

1860 1927 1974 1982 bzee
2024 1930 2188 1984 verba
2237 1936 2538 1989 consentit:
2573 1954 2591 1987 ‹
2646 1937 2920 2003 Videbam,
2967 1950 3171 1997 cteccc
3202 1954 3430 2012 quatuor

1856 2018 2001 2071 venti
2040 2019 2159 2073 caeli
2203 2022 2568 2081 innitebantur
2600 2025 2652 2079 in
2687 2029 2823 2095 mari
2855 2045 3048 2101 magno
3078 2032 3236 2093 (Dan.
3264 2034 3380 2104 νιι).
3405 2055 3424 2087 ι

1855 2106 1923 2160 Ει
1943 2106 2109 2162 David
2133 2127 2145 2163 :
2176 2129 2193 2160 ι
2226 2109 2498 2167 Mirabiles
2517 2114 2839 2172 elevationes
2866 2121 3029 2174 maris
3052 2119 3219 2190 (Psal.
3240 2130 3424 2195 seu)»

1854 2194 1921 2249 Et
1950 2213 2015 2252 ex
2053 2214 2284 2267 persona
2326 2200 2623 2259 Salvatoris
2654 2207 2704 2259 in
2736 2208 2977 2276 psalmo:
3010 2230 3027 2261 ι
3066 2212 3198 2266 Veni
3228 2214 3277 2267 in
3306 2194 3429 2283 pro-

1854 2288 2078 2343 fundum
2125 2291 2294 2346 maris
2350 2301 2407 2346 et
2461 2302 2751 2364 tempestas
2809 2298 3065 2353 demersit
3114 2318 3198 2357 me
3254 2302 3451 2375 (Psalu

1854 2378 2063 2448 vam).
2080 2399 2096 2427 ι
2119 2378 2231 2433 Rex
2259 2395 2474 2451 quoque
2495 2382 2712 2454 Egypti
2731 2382 2885 2452 juxta
2909 2388 3155 2443 eumdem
3178 2391 3424 2449 Ezechiel

1855 2466 2016 2519 draco
2044 2467 2343 2536 appellatur
2365 2468 2579 2539 (Ezeclr.
2604 2472 2797 2544 xxx"),
2827 2475 2916 2542 qui
2948 2476 3154 2532 habitat
3176 2480 3228 2533 in
3263 2484 3423 2548 mari,

1855 2564 1908 2610 et
1948 2558 2169 2612 ventilat
2208 2558 2536 2627 ﬂuminibus,
2576 2564 2727 2632 quasi
2772 2566 3027 2623 cornibus
3068 2568 3199 2625 suis.
3242 2572 3307 2625 Et
3328 2574 3427 2628 ite-

1856 2668 2007 2707 rum:
2032 2674 2049 2705 ι
2084 2654 2198 2710 Hoc
2226 2672 2378 2712 mare
2401 2674 2650 2729 magnum
2672 2670 2725 2714 et
2744 2662 3035 2730 spatiosum
3057 2662 3380 2740 (Prohcnr).
3403 2688 3422 2720 ι

1854 2744 2005 2810 Quod
2035 2748 2272 2815 quandiu
2309 2763 2413 2802 non
2461 2750 2751 2823 susceperit
2786 2752 2839 2809 in
2878 2768 2935 2810 se
2977 2769 3145 2825 aquas
3194 2756 3425 2818 ﬂuminis

1854 2850 1966 2889 sive
1996 2839 2269 2905 torrentis,
2301 2855 2459 2898 omne
2505 2846 2644 2913 quod
2680 2846 2732 2900 in
2786 2863 2843 2902 se
2887 2849 3065 2915 habet,
3116 2853 3423 2919 mortificat,

1854 2926 1946 2982 sed
1978 2928 2235 2985 Dominus
2264 2933 2329 2986 de
2365 2948 2470 3001 quo
2502 2934 2704 2989 dictum
2730 2944 2849 2989 est:
2882 2954 2900 2987 ι
2950 2936 3221 2995 Percutiet
3250 2950 3303 2996 et
3327 2958 3420 2996 eu-

2576 3031 2631 3077 et
2677 3024 2729 3077 in
2773 3024 2858 3079 die
2903 3027 3072 3082 tertio
3150 3042 3427 3097 surgemus

1854 3116 1909 3161 et
1934 3110 2178 3165 vivemus
2221 3112 2273 3165 in
2306 3123 2599 3183 conspectu
2648 3115 2762 3183 ejus
2804 3116 2949 3188 (Ose.
2987 3118 3141 3190 Vl);)
3186 3122 3299 3191 ipse
3350 3123 3428 3178 lo-

163 3183 469 3253 redemptio
504 3183 681 3252 plena,
706 3183 937 3241 felicitas
964 3189 1314 3257 sempiterna.
1346 3190 1616 3266 (Ηὶενοιι.)
1646 3194 1751 3250 Do-
1780 3211 1827 3275 C
1859 3199 2044 3265 quitur
2088 3201 2143 3255 in
2199 3203 2385 3257 eodem
2431 3206 2687 3273 propheta
2734 3183 2868 3262 Osee
2908 3222 2923 3262 :
2967 3226 2985 3259 ι
3016 3183 3130 3278 Ego
3181 3183 3426 3283 colligavi

162 3280 362 3342 cetque
381 3275 698 3344 prophetam
720 3275 912 3330 ductor
929 3277 1163 3345 praavius
1176 3288 1233 3332 et
1249 3280 1505 3351 magister
1519 3290 1575 3337 et
1587 3283 1747 3338 dicit:

165 3362 336 3433 Aqua
351 3363 470 3418 ista:
489 3377 608 3433 qua:
627 3366 979 3435 egrediuntur
1001 3367 1081 3422 vel
1107 3369 1161 3422 in
1179 3369 1455 3425 Galilaeam
1486 3374 1747 3443 gentium,

163 3453 316 3522 juxta
342 3451 712 3524 Septuaginta,
744 3455 848 3521 vel,
884 3464 941 3509 ut
968 3458 1147 3514 verius
1170 3458 1223 3516 in
1254 3459 1483 3517 Hebraeo
1502 3465 1750 3539 contine-

165 3555 275 3610 tur,
295 3546 363 3599 ad
388 3546 619 3601 tumulos
634 3548 806 3602 sabuli
830 3549 1108 3604 orientalis
1131 3561 1185 3605 et
1203 3552 1534 3608 descendunt
1556 3556 1625 3610 ad
1638 3556 1751 3625 pla-

165 3654 232 3689 na
263 3638 484 3703 deserti,
512 3637 598 3693 vel
640 3639 708 3692 ad
734 3639 1013 3707 Arabiam,
1047 3642 1325 3697 intrabunt
1353 3633 1541 3713 mare,
1568 3648 1654 3702 vel
1682 3649 1750 3704 ad

164 3729 347 3782 exitus
376 3729 564 3794 maris,
591 3737 646 3783 et
680 3731 1016 3785 sanabuntur
1064 3746 1255 3801 aquae:
1308 3748 1476 3800 aquas
1513 3736 1598 3790 vel
1650 3737 1749 3791 ba-

166 3819 353 3890 ptismi
372 3820 598 3890 gratiam
621 3819 704 3875 vel
718 3819 1096 3891 Evangelicam
1117 3821 1423 3891 significare
1445 3825 1747 3881 doctrinam

165 3910 370 3967 dudum
392 3910 628 3965 diximus
657 3927 673 3965 :
701 3928 823 3981 qua:
848 3912 892 3966 si
923 3910 1276 3981 egrediantur
1305 3913 1371 3969 de
1400 3916 1587 3971 limine
1619 3925 1751 3972 tem-

165 4000 261 4071 pii,
298 4010 356 4056 et
380 4002 733 4070 Apostolicam
764 4011 977 4056 teneant
1001 4003 1361 4074 disciplinam,
1390 3990 1626 4062 tumulos
1658 4024 1746 4063 sa-

167 4094 281 4150 buli
305 4094 517 4149 steriles
537 4094 687 4164 prins
707 4104 761 4148 et
787 4095 1051 4151 infertiles
1072 4096 1276 4152 faciunt
1296 4112 1417 4155 esse
1440 4098 1745 4177 frugiferos,

165 4196 224 4241 et
252 4186 434 4241 omnia
463 4186 620 4255 plana
646 4195 808 4255 atque
843 4188 1055 4244 deserta
1092 4189 1166 4242 ita
1198 4189 1507 4259 irrigantur,
1551 4200 1612 4245 ut
1653 4206 1746 4246 ex-

167 4277 409 4349 primant
472 4277 525 4330 in
582 4290 642 4331 se
686 4276 1046 4331 Jericbuntini
1111 4277 1274 4333 fontis
1326 4289 1745 4347 sacramentum,

166 4383 332 4438 quem
358 4368 583 4423 Elizmus
620 4369 933 4438 evangelica
974 4376 1028 4423 et
1080 4370 1377 4439 apostolico
1402 4373 1612 4426 curavit
1636 4371 1749 4427 sale

169 4458 279 4529 (IV
314 4458 442 4529 Reg.
468 4458 550 4530 ιι),
582 4460 637 4513 in
665 4467 871 4513 tantum
902 4467 959 4513 ut
986 4459 1074 4514 ubi
1106 4460 1261 4529 prius
1280 4461 1536 4517 sterilitas
1571 4461 1749 4517 fuerat

1854 3286 2135 3355 Ephraim,
2163 3294 2373 3361 suscepi
2396 3308 2515 3347 eum
2541 3296 2593 3348 in
2622 3298 2841 3352 brachio
2869 3313 2989 3354 meo
3016 3308 3202 3355 etnon
3227 3317 3425 3372 cogno-

1853 3386 2047 3431 verunt
2082 3381 2206 3446 quia
2243 3382 2427 3435 sanavi
2452 3398 2544 3437 eos
2574 3385 2625 3439 iu
2681 3388 3029 3457 corruptione
3068 3388 3427 3461 hominis,qui

1852 3467 2166 3523 vulneratus
2200 3480 2283 3525 est
2311 3484 2531 3542 propter
2561 3485 2778 3543 peccata
2813 3484 3019 3543 nostra,
3048 3486 3103 3534 et
3126 3478 3426 3537 inﬁrmatus

1852 3571 1950 3627 pro
1978 3557 2354 3627 iniquitatibus
2390 3564 2607 3628 nostris,
2639 3565 2915 3635 disciplina
2942 3561 3091 3636 pacis
3126 3567 3242 3636 ejus
3266 3586 3427 3641 super

1852 3660 2082 3714 eum,—et
2104 3652 2272 3707 livore
2299 3653 2414 3723 ejus
2435 3655 2604 3709 sanati
2629 3671 2814 3709 sumus
2836 3655 2979 3727 (Ose.
3008 3673 3086 3723 ιι,
3108 3657 3218 3714 Ira.
3238 3660 3374 3733 un).
3400 3680 3418 3713 ι

1842 3735 1965 3807 ,ιρεε
1985 3738 2127 3792 istud
2155 3756 2301 3794 mare
2326 3744 2464 3811 quod
2492 3751 2571 3797 est
2608 3745 2961 3799 salsissimum
2990 3755 3045 3801 et
3090 3748 3254 3803 nimia
3279 3766 3425 3805 ama-

1851 3828 2083 3883 ritudine
2112 3840 2399 3897 mortuum,
2426 3848 2521 3886 sua
2571 3844 2743 3888 morte
2792 3836 3022 3901 sanavit,
3065 3838 3156 3907 qui
3182 3838 3306 3894 dicit
3328 3856 3426 3910 per

1808 3998 1809 4001 η
1848 3920 2074 3976 lsaiam:
2114 3942 2131 3972 ι
2171 3921 2403 3992 Spiritus
2439 3925 2643 3978 Domini
2696 3942 2857 3995 super
2898 3944 2984 3982 me
3014 3938 3234 3998 propter
3277 3932 3421 4001 quod

1849 4013 2004 4065 unxit
2030 4028 2148 4077 me;
2179 4016 2547 4085 evangelizare
2568 4018 2892 4085 pauperibus
2921 4020 3068 4073 misit
3099 4036 3205 4086 me,
3232 4038 3427 4081 sanare

1848 4119 1940 4159 eos
1972 4105 2061 4172 qui
2089 4106 2305 4160 contriti
2351 4115 2477 4161 sunt
2500 4107 2661 4162 corde
2692 4108 2826 4178 (Isa.
2859 4111 2991 4182 LXI).
3020 4130 3037 4162 ι
3071 4112 3219 4167 Unde
3242 4123 3294 4168 et
3327 4130 3426 4185 per

1848 4195 2172 4250 Hieremiam
2201 4197 2474 4251 clamitat:
2505 4196 2940 4262 «Convertimini,
2969 4200 3085 4266 lilii,
3106 4213 3423 4259 converten-

1837 4295 1951 4350 tes,
1970 4295 2025 4341 et
2052 4286 2254 4340 sanabo
2277 4287 2624 4341 contritiones
2650 4296 2855 4343 vestras
2872 4289 3003 4359 (ler.
3024 4290 3127 4360 ιιι).
3152 4311 3168 4341 ι
3203 4290 3423 4347 Dixerat

1846 4377 1989 4431 enim
2014 4375 2239 4446 populus
2278 4376 2579 4445 impatiens,
2614 4384 2669 4431 et
2698 4376 2936 4432 dolorem
2978 4379 3265 4435 vulnerum
3295 4398 3426 4446 suos

1848 4482 1965 4520 rum
1992 4467 2191 4520 diutius
2220 4465 2359 4520 ferre
2390 4482 2492 4520 non
2528 4468 2835 4522 sustinens:
2869 4488 2889 4521 ι
2939 4468 3210 4527 Transivit
3235 4481 3424 4547 aestas,

168 4560 226 4605 et
250 4566 417 4615 mors,
434 4549 506 4603 ibi
537 4550 755 4604 ubertas
789 4558 931 4606 esset
952 4558 1008 4605 et
1034 4552 1179 4617 vita;
1206 4566 1307 4607 nec
1333 4552 1507 4607 solum
1534 4534 1749 4609 deserta
1776 4555 1828 4614 D
1852 4556 2166 4626 pertransiit
2193 4556 2402 4619 messis,
2434 4555 2617 4611 et'nos
2672 4557 2859 4611 salvati
2915 4574 3020 4613 non
3066 4575 3251 4616 sumus
3287 4560 3420 4635 (Jer,

170 4649 437 4697 sanarunt
475 4641 567 4696 sed
592 4642 799 4695 intrant
832 4654 981 4695 mare
1008 4640 1294 4709 orientale,
1323 4643 1753 4711 mareyideiicet

174 4735 472 4798 Mortuum,
503 4733 557 4789 in
587 4748 693 4801 quo
724 4732 858 4786 n‘nil
888 4740 1101 4800 poterat
1125 4748 1249 4789 esse
1290 4733 1474 4800 vitale,
1504 4742 1559 4789 et
1599 4748 1753 4789 mare

172 4824 597 4887 amarissimum,
624 4822 765 4891 quod
814 4822 998 4877 Graece
1022 4825 1124 4896 τὴν
1162 4823 1336 4893 λίμνην
1389 4822 1644 4896 ἀσφάλτου
1697 4824 1751 4879 id

172 4926 280 4979 est,
316 4913 575 4985 Stagnum
613 4913 879 4966 bituminis
932 4912 1147 4968 vocant.
1199 4912 1501 4982 Mirumque
1550 4914 1605 4967 in
1639 4929 1753 4969 mos

173 5006 306 5061 dum
328 5003 486 5073 aquis
513 5001 839 5071 evangelicis
869 5017 1020 5071 aqua:
1056 5010 1315 5057 sanantur
1354 5011 1603 5066 mortua,
1632 5014 1752 5071 quae

173 5094 245 5149 ab
271 5109 359 5157 eo,
374 5092 515 5163 quod
538 5091 673 5146 nihil
704 5092 756 5144 in
794 5105 852 5145 se
883 5090 1043 5145 vitale
1066 5090 1316 5154 habeant,
1340 5105 1537 5145 nomen
1562 5093 1752 5145 mortis

174 5186 384 5242 sortita:
442 5190 586 5237 sunt.
645 5180 761 5235 Non
810 5177 951 5235 enim
1005 5186 1267 5233 noverant
1310 5180 1550 5248 eumqui
1581 5180 1747 5235 dicit:

181 5298 202 5330 ‹
239 5277 352 5347 Ego
382 5288 500 5327 smn
520 5273 628 5325 vita
644 5270 989 5342 (Joan.txv).i
1024 5269 1091 5321 Et
1115 5283 1303 5323 revera
1324 5269 1479 5338 juxta
1514 5269 1747 5325 litteram

176 5369 288 5425 huc
313 5380 485 5434 usque
520 5364 654 5419 nihil
685 5366 828 5433 quod
856 5362 1021 5431 spiret
1050 5369 1105 5414 et
1149 5361 1318 5430 possit
1363 5361 1616 5416 incedere
1638 5376 1750 5431 prae

176 5456 543 5514 amaritudine
570 5456 735 5509 nimia
767 5455 819 5508 in
855 5454 957 5507 hoc
984 5451 1117 5506 mari
1160 5451 1384 5520 reperiri
1412 5460 1609 5521 potest,
1650 5467 1752 5508 nec

179 5545 473 5604 cocbicolae
502 5544 715 5614 quidem
743 5543 1001 5613 parvique
1042 5541 1301 5595 vernicnli
1328 5550 1399 5597 et
1424 5541 1673 5611 anguilla
1697 5550 1753 5595 et

179 5644 377 5692 cetera
404 5634 772 5697 animantium,
799 5633 911 5685 sive
931 5630 1256 5699 serpentium
1282 5645 1499 5700 genera,
1522 5648 1752 5700 quorum

182 5726 360 5795 magis
397 5724 709 5803 corpuscula
755 5736 1038 5792 possumus
1085 5736 1243 5775 nosse
1280 5736 1441 5789 quam
1480 5723 1698 5777 nomina
1736 5742 1750 5779 τ

1851 4646 1991 4719 vin).
2013 4666 2032 4698 ι
2062 4645 2213 4700 Unde
2236 4647 2511 4715 respondit
2533 4646 2583 4701 ei
2631 4646 2925 4703 Dominus:
2962 4667 2979 4699 ι
3015 4648 3263 4719 Nunquid
3294 4653 3429 4708 ηείηι

1851 4751 1921 4790 na
1941 4750 2046 4789 non
2075 4743 2157 4789 est
2184 4736 2236 4788 in
2260 4734 2483 4800 Galaad,
2510 4745 2601 4790 aut
2623 4738 2813 4792 medici
2836 4754 2941 4793 non
2966 4746 3090 4793 sunt
3117 4739 3224 4795 ibi?
3256 4756 3427 4812 quare

1851 4842 1957 4884 non
1980 4827 2241 4882 ascendit
2268 4828 2479 4882 sanatio
2520 4827 2641 4883 lilia:
2666 4830 2843 4899 populi
2870 4830 3012 4885 mei?
3032 4850 3050 4883 ι
3080 4832 3146 4885 Ει
3179 4832 3293 4902 ipse
3332 4832 3423 4890 Ie:

1852 4916 2407 4976 remias.vociferatur
2439 4928 2492 4973 et
2512 4920 2674 4974 dicit:
2706 4940 2724 4971 ι
2759 4920 2900 4975 Sana
2937 4938 3043 4987 me,
3088 4922 3332 4988 Domine,
3367 4935 3424 4985 et

1854 5013 2118 5078 sanabor;
2144 5011 2351 5066 salvum
2378 5026 2461 5065 me
2486 5009 2670 5077 facies,
2688 5020 2743 5066 et
2765 5012 2943 5067 salvus
2967 5028 3060 5067 ero
3081 5012 3214 5084 (Jer.
3233 5015 3416 5085 xv").-

1853 5101 2095 5171 Denique
2117 5100 2311 5171 angeli,
2339 5100 2427 5169 qui
2454 5100 2709 5168 prmsides
2732 5108 2887 5155 erant
2910 5101 3089 5171 populi
3114 5100 3419 5159 Iudaeorum

1852 5198 2187 5258 eo‘tempore
2217 5189 2431 5259 quando
2467 5188 2720 5249 clamavit
2753 5188 3039 5244 multitudo
3083 5190 3339 5260 insipiens
3366 5204 3421 5248 et

1856 5280 1966 5334 ait:
2004 5298 2021 5331 ι
2054 5279 2283 5349 Sanguis
2303 5280 2416 5349 ejus
2443 5293 2604 5347 super
2638 5292 2734 5333 nos
2755 5286 2811 5331 et
2844 5294 3007 5347 super
3044 5278 3181 5334 filios
3209 5290 3421 5335 nostros

1856 5368 2068 5439 (Matth.
2097 5369 2297 5439 xxvu);
2328 5388 2345 5418 ι
2394 5376 2467 5431 et,
2499 5366 2686 5421 Velum
2732 5368 2917 5436 templi
2954 5368 3180 5423 scissum
3231 5378 3335 5434 est,
3366 5380 3421 5429 et

1854 5459 2032 5512 omnia
2062 5456 2407 5512 Hebraeorum
2438 5466 2771 5511 sacramenta
2809 5466 3082 5512 reserata:
3132 5459 3423 5527 respondes

1857 5555 1981 5600 runt
2025 5545 2353 5615 praecipienti
2404 5544 2630 5600 Domino
2666 5556 2827 5613 atque
2874 5545 3162 5600 dixerunt:
3202 5564 3219 5597 ι
3252 5544 3422 5601 Cura-

1855 5635 2030 5689 vimus
2064 5634 2387 5704 Babylonem
2434 5643 2488 5688 et
2530 5650 2634 5688 non
2676 5643 2757 5688 est
2798 5644 3011 5700 sanata,
3057 5635 3422 5703 relinquamus

1855 5738 1975 5778 eam
2005 5724 2139 5794 (Jer.
2160 5732 2289 5796 1.1),»
2311 5725 2497 5780 urbem
2518 5722 2767 5778 videlicet
2794 5724 3124 5780 confusionis
3150 5732 3310 5792 atque
3338 5723 3423 5776 νίς
