  <div class='ocr_page' id='page_1' title='image "/cluster/home/n/w/nwhite01/storage/ocr_20150623/110/uva.x000827066/537.png"; bbox 0 0 3924 6358; ppageno 0'>
   <div class='ocr_carea' id='block_1_1' title="bbox 450 356 614 415">
    <p class='ocr_par' dir='ltr' id='par_1_1' title="bbox 450 356 614 415">
     <span class='ocr_line' id='line_1_1' title="bbox 450 356 614 415; baseline 0.018 -6"><span class='ocrx_word' id='word_1_1' title='bbox 450 406 451 409; x_wconf 20' lang='lat'><strong>.</strong></span> <span class='ocrx_word' id='word_1_2' title='bbox 475 356 614 415; x_wconf 73' lang='grc'>1059</span> 
     </span>
    </p>
   </div>
   <div class='ocr_carea' id='block_1_2' title="bbox 1114 315 3074 397">
    <p class='ocr_par' dir='ltr' id='par_1_2' title="bbox 1114 315 3074 397">
     <span class='ocr_line' id='line_1_2' title="bbox 1114 315 3074 397; baseline -0.014 0"><span class='ocrx_word' id='word_1_3' title='bbox 1114 342 1174 397; x_wconf 87' lang='grc' dir='ltr'><strong>Β.</strong></span> <span class='ocrx_word' id='word_1_4' title='bbox 1214 336 1467 396; x_wconf 76' lang='lat' dir='ltr'><strong>RABANI</strong></span> <span class='ocrx_word' id='word_1_5' title='bbox 1502 330 1725 391; x_wconf 81' lang='lat' dir='ltr'><strong>MAURI</strong></span> <span class='ocrx_word' id='word_1_6' title='bbox 1760 325 2082 386; x_wconf 80' lang='lat' dir='ltr'><strong>ARCHIEP.</strong></span> <span class='ocrx_word' id='word_1_7' title='bbox 2123 321 2434 381; x_wconf 69' lang='lat' dir='ltr'><strong>MOGUIVT.</strong></span> <span class='ocrx_word' id='word_1_8' title='bbox 2473 316 2755 377; x_wconf 78' lang='lat' dir='ltr'><strong>OPERUM</strong></span> <span class='ocrx_word' id='word_1_9' title='bbox 2794 315 2975 373; x_wconf 81' lang='lat' dir='ltr'><strong>PARS</strong></span> <span class='ocrx_word' id='word_1_10' title='bbox 3012 315 3074 371; x_wconf 88' lang='lat' dir='ltr'><strong>II.</strong></span> 
     </span>
    </p>
   </div>
   <div class='ocr_carea' id='block_1_3' title="bbox 3613 314 3739 370">
    <p class='ocr_par' dir='ltr' id='par_1_3' title="bbox 3613 314 3739 370">
     <span class='ocr_line' id='line_1_3' title="bbox 3613 314 3739 370; baseline 0.024 -3"><span class='ocrx_word' id='word_1_11' title='bbox 3613 314 3739 370; x_wconf 72' lang='lat'><strong>1060</strong></span> 
     </span>
    </p>
   </div>
   <div class='ocr_carea' id='block_1_4' title="bbox 468 419 3745 527">
    <p class='ocr_par' dir='ltr' id='par_1_4' title="bbox 468 419 3745 527">
     <span class='ocr_line' id='line_1_4' title="bbox 468 419 3745 527; baseline -0.012 -2"><span class='ocrx_word' id='word_1_12' title='bbox 468 470 690 527; x_wconf 86' lang='lat' dir='ltr'><strong>tiorum.</strong></span> <span class='ocrx_word' id='word_1_13' title='bbox 738 460 891 519; x_wconf 88' lang='lat' dir='ltr'><strong>Unde</strong></span> <span class='ocrx_word' id='word_1_14' title='bbox 921 464 977 513; x_wconf 90' lang='lat' dir='ltr'><strong>et</strong></span> <span class='ocrx_word' id='word_1_15' title='bbox 1022 451 1371 524; x_wconf 82' lang='lat' dir='ltr'><strong>Josephus‘in</strong></span> <span class='ocrx_word' id='word_1_16' title='bbox 1417 464 1513 504; x_wconf 90' lang='lat' dir='ltr'><strong>sua</strong></span> <span class='ocrx_word' id='word_1_17' title='bbox 1557 453 1748 502; x_wconf 76' lang='lat' dir='ltr'><strong>narrat</strong></span> <span class='ocrx_word' id='word_1_18' title='bbox 1795 442 2054 509; x_wconf 85' lang='lat' dir='ltr'><strong>Ilistoria,</strong></span> <span class='ocrx_word' id='word_1_19' title='bbox 2087 447 2134 504; x_wconf 86' lang='grc' dir='ltr'>Λ</span> <span class='ocrx_word' id='word_1_20' title='bbox 2166 440 2296 495; x_wconf 88' lang='lat' dir='ltr'><strong>urbs</strong></span> <span class='ocrx_word' id='word_1_21' title='bbox 2323 447 2445 509; x_wconf 90' lang='lat' dir='ltr'><strong>post</strong></span> <span class='ocrx_word' id='word_1_22' title='bbox 2473 419 2683 491; x_wconf 86' lang='lat' dir='ltr'><strong>ruinam</strong></span> <span class='ocrx_word' id='word_1_23' title='bbox 2717 434 2829 491; x_wconf 90' lang='lat' dir='ltr'><strong>sale</strong></span> <span class='ocrx_word' id='word_1_24' title='bbox 2858 447 3149 503; x_wconf 82' lang='lat' dir='ltr'><strong>conspersa</strong></span> <span class='ocrx_word' id='word_1_25' title='bbox 3184 430 3543 488; x_wconf 75' lang='lat' dir='ltr'><strong>demonstrat.</strong></span> <span class='ocrx_word' id='word_1_26' title='bbox 3574 428 3745 500; x_wconf 82' lang='lat' dir='ltr'><strong>Super</strong></span> 
     </span>
    </p>
   </div>
   <div class='ocr_carea' id='block_1_5' title="bbox 470 534 2054 631">
    <p class='ocr_par' dir='ltr' id='par_1_5' title="bbox 470 534 2054 631">
     <span class='ocr_line' id='line_1_5' title="bbox 470 534 2054 631; baseline -0.018 -17"><span class='ocrx_word' id='word_1_27' title='bbox 470 557 616 631; x_wconf 84' lang='lat' dir='ltr'><strong>quod</strong></span> <span class='ocrx_word' id='word_1_28' title='bbox 661 561 947 624; x_wconf 73' lang='lat' dir='ltr'><strong>postquam</strong></span> <span class='ocrx_word' id='word_1_29' title='bbox 983 545 1245 602; x_wconf 84' lang='lat' dir='ltr'><strong>Dominus</strong></span> <span class='ocrx_word' id='word_1_30' title='bbox 1296 540 1586 597; x_wconf 71' lang='lat' dir='ltr'><strong>crucifixus</strong></span> <span class='ocrx_word' id='word_1_31' title='bbox 1630 544 1732 597; x_wconf 78' lang='lat' dir='ltr'><strong>est,</strong></span> <span class='ocrx_word' id='word_1_32' title='bbox 1779 543 1833 589; x_wconf 90' lang='lat' dir='ltr'><strong>et</strong></span> <span class='ocrx_word' id='word_1_33' title='bbox 1874 534 2054 589; x_wconf 87' lang='lat' dir='ltr'><strong>velum</strong></span> 
     </span>
    </p>
   </div>
   <div class='ocr_carea' id='block_1_6' title="bbox 476 625 2051 719">
    <p class='ocr_par' dir='ltr' id='par_1_6' title="bbox 476 625 2051 719">
     <span class='ocr_line' id='line_1_6' title="bbox 476 625 2051 719; baseline -0.018 -16"><span class='ocrx_word' id='word_1_34' title='bbox 476 625 658 719; x_wconf 55' lang='lat' dir='ltr'><strong>t-empli</strong></span> <span class='ocrx_word' id='word_1_35' title='bbox 683 644 946 708; x_wconf 67' lang='lat' dir='ltr'><strong>scissum,‘</strong></span> <span class='ocrx_word' id='word_1_36' title='bbox 958 640 1073 695; x_wconf 87' lang='lat' dir='ltr'><strong>sive</strong></span> <span class='ocrx_word' id='word_1_37' title='bbox 1094 636 1344 691; x_wconf 91' lang='lat' dir='ltr'><strong>liminare</strong></span> <span class='ocrx_word' id='word_1_38' title='bbox 1371 631 1555 700; x_wconf 79' lang='lat' dir='ltr'><strong>templi</strong></span> <span class='ocrx_word' id='word_1_39' title='bbox 1582 628 1811 683; x_wconf 81' lang='lat' dir='ltr'><strong>fractum</strong></span> <span class='ocrx_word' id='word_1_40' title='bbox 1830 625 2051 685; x_wconf 88' lang='lat' dir='ltr'><strong>corruit,</strong></span> 
     </span>
    </p>
   </div>
   <div class='ocr_carea' id='block_1_7' title="bbox 478 716 2053 799">
    <p class='ocr_par' dir='ltr' id='par_1_7' title="bbox 478 716 2053 799">
     <span class='ocr_line' id='line_1_7' title="bbox 478 716 2053 799; baseline -0.018 -2"><span class='ocrx_word' id='word_1_41' title='bbox 478 716 660 799; x_wconf 82' lang='lat' dir='ltr'><strong>audita</strong></span> <span class='ocrx_word' id='word_1_42' title='bbox 682 736 753 792; x_wconf 86' lang='lat' dir='ltr'><strong>sit</strong></span> <span class='ocrx_word' id='word_1_43' title='bbox 780 749 886 789; x_wconf 76' lang='lat' dir='ltr'><strong>vox</strong></span> <span class='ocrx_word' id='word_1_44' title='bbox 916 732 971 786; x_wconf 90' lang='lat' dir='ltr'><strong>in</strong></span> <span class='ocrx_word' id='word_1_45' title='bbox 992 729 1170 799; x_wconf 80' lang='lat' dir='ltr'><strong>adytis</strong></span> <span class='ocrx_word' id='word_1_46' title='bbox 1202 725 1384 795; x_wconf 85' lang='lat' dir='ltr'><strong>templi</strong></span> <span class='ocrx_word' id='word_1_47' title='bbox 1417 724 1679 777; x_wconf 90' lang='lat' dir='ltr'><strong>virtutum</strong></span> <span class='ocrx_word' id='word_1_48' title='bbox 1710 716 2015 773; x_wconf 71' lang='lat' dir='ltr'><strong>caelestium</strong></span> <span class='ocrx_word' id='word_1_49' title='bbox 2041 731 2053 768; x_wconf 92' lang='lat'>:</span> 
     </span>
    </p>
   </div>
   <div class='ocr_carea' id='block_1_8' title="bbox 483 812 2060 886">
    <p class='ocr_par' dir='ltr' id='par_1_8' title="bbox 483 812 2060 886">
     <span class='ocr_line' id='line_1_8' title="bbox 483 812 2060 886; baseline -0.016 -2"><span class='ocrx_word' id='word_1_50' title='bbox 483 852 501 884; x_wconf 75' lang='grc' dir='ltr'><strong>ι</strong></span> <span class='ocrx_word' id='word_1_51' title='bbox 535 831 903 886; x_wconf 82' lang='lat' dir='ltr'><strong>Transeamus</strong></span> <span class='ocrx_word' id='word_1_52' title='bbox 924 838 992 879; x_wconf 74' lang='lat' dir='ltr'><strong>ex</strong></span> <span class='ocrx_word' id='word_1_53' title='bbox 1024 822 1109 876; x_wconf 93' lang='lat' dir='ltr'><strong>his</strong></span> <span class='ocrx_word' id='word_1_54' title='bbox 1138 818 1378 874; x_wconf 88' lang='lat' dir='ltr'><strong>sedibus.</strong></span> <span class='ocrx_word' id='word_1_55' title='bbox 1403 834 1421 866; x_wconf 77' lang='grc' dir='ltr'><strong>ι</strong></span> <span class='ocrx_word' id='word_1_56' title='bbox 1454 812 1569 867; x_wconf 83' lang='lat' dir='ltr'><strong>Hoc</strong></span> <span class='ocrx_word' id='word_1_57' title='bbox 1614 818 1785 865; x_wconf 92' lang='lat' dir='ltr'><strong>totum</strong></span> <span class='ocrx_word' id='word_1_58' title='bbox 1814 822 1920 862; x_wconf 90' lang='lat' dir='ltr'><strong>non</strong></span> <span class='ocrx_word' id='word_1_59' title='bbox 1970 820 2060 860; x_wconf 54' lang='lat' dir='ltr'><strong>su.</strong></span> 
     </span>
    </p>
   </div>
   <div class='ocr_carea' id='block_1_9' title="bbox 477 893 2060 993">
    <p class='ocr_par' dir='ltr' id='par_1_9' title="bbox 477 893 2060 993">
     <span class='ocr_line' id='line_1_9' title="bbox 477 893 2060 993; baseline -0.018 -16"><span class='ocrx_word' id='word_1_60' title='bbox 477 919 707 993; x_wconf 91' lang='lat' dir='ltr'><strong>perﬂuo.</strong></span> <span class='ocrx_word' id='word_1_61' title='bbox 741 915 836 972; x_wconf 89' lang='lat' dir='ltr'><strong>sed</strong></span> <span class='ocrx_word' id='word_1_62' title='bbox 886 910 1194 969; x_wconf 89' lang='lat' dir='ltr'><strong>necessario</strong></span> <span class='ocrx_word' id='word_1_63' title='bbox 1216 907 1423 962; x_wconf 89' lang='lat' dir='ltr'><strong>dictum</strong></span> <span class='ocrx_word' id='word_1_64' title='bbox 1448 903 1539 968; x_wconf 86' lang='lat' dir='ltr'><strong>sit,</strong></span> <span class='ocrx_word' id='word_1_65' title='bbox 1568 900 1696 972; x_wconf 89' lang='lat' dir='ltr'><strong>quia</strong></span> <span class='ocrx_word' id='word_1_66' title='bbox 1735 910 1885 952; x_wconf 89' lang='lat' dir='ltr'><strong>mare</strong></span> <span class='ocrx_word' id='word_1_67' title='bbox 1914 893 2060 950; x_wconf 86' lang='lat' dir='ltr'><strong>Mor-</strong></span> 
     </span>
    </p>
   </div>
   <div class='ocr_carea' id='block_1_10' title="bbox 483 991 2065 1069">
    <p class='ocr_par' dir='ltr' id='par_1_10' title="bbox 483 991 2065 1069">
     <span class='ocr_line' id='line_1_10' title="bbox 483 991 2065 1069; baseline -0.019 0"><span class='ocrx_word' id='word_1_68' title='bbox 483 991 637 1069; x_wconf 79' lang='lat' dir='ltr'><strong>tuum</strong></span> <span class='ocrx_word' id='word_1_69' title='bbox 666 1011 924 1065; x_wconf 83' lang='lat' dir='ltr'><strong>inﬂuente</strong></span> <span class='ocrx_word' id='word_1_70' title='bbox 948 1004 1002 1059; x_wconf 90' lang='lat' dir='ltr'><strong>in</strong></span> <span class='ocrx_word' id='word_1_71' title='bbox 1025 1018 1083 1058; x_wconf 90' lang='lat' dir='ltr'><strong>se</strong></span> <span class='ocrx_word' id='word_1_72' title='bbox 1104 1000 1322 1054; x_wconf 88' lang='lat' dir='ltr'><strong>ﬂumine</strong></span> <span class='ocrx_word' id='word_1_73' title='bbox 1350 993 1584 1059; x_wconf 85' lang='lat' dir='ltr'><strong>Domini,</strong></span> <span class='ocrx_word' id='word_1_74' title='bbox 1603 991 1801 1048; x_wconf 91' lang='lat' dir='ltr'><strong>dicitur</strong></span> <span class='ocrx_word' id='word_1_75' title='bbox 1821 1002 1947 1049; x_wconf 88' lang='lat' dir='ltr'><strong>esse</strong></span> <span class='ocrx_word' id='word_1_76' title='bbox 1971 1001 2065 1041; x_wconf 91' lang='lat' dir='ltr'><strong>cu-</strong></span> 
     </span>
    </p>
   </div>
   <div class='ocr_carea' id='block_1_11' title="bbox 484 1076 2065 1168">
    <p class='ocr_par' dir='ltr' id='par_1_11' title="bbox 484 1076 2065 1168">
     <span class='ocr_line' id='line_1_11' title="bbox 484 1076 2065 1168; baseline -0.02 -9"><span class='ocrx_word' id='word_1_77' title='bbox 484 1114 681 1158; x_wconf 90' lang='lat' dir='ltr'><strong>ratum.</strong></span> <span class='ocrx_word' id='word_1_78' title='bbox 729 1099 905 1168; x_wconf 84' lang='lat' dir='ltr'><strong>Super</strong></span> <span class='ocrx_word' id='word_1_79' title='bbox 944 1097 1046 1149; x_wconf 92' lang='lat' dir='ltr'><strong>hoc</strong></span> <span class='ocrx_word' id='word_1_80' title='bbox 1084 1107 1234 1147; x_wconf 85' lang='lat' dir='ltr'><strong>mare</strong></span> <span class='ocrx_word' id='word_1_81' title='bbox 1255 1090 1321 1144; x_wconf 91' lang='lat' dir='ltr'><strong>ab</strong></span> <span class='ocrx_word' id='word_1_82' title='bbox 1352 1083 1621 1156; x_wconf 86' lang='lat' dir='ltr'><strong>Engaddi,</strong></span> <span class='ocrx_word' id='word_1_83' title='bbox 1649 1079 1807 1136; x_wconf 91' lang='lat' dir='ltr'><strong>oculo</strong></span> <span class='ocrx_word' id='word_1_84' title='bbox 1839 1088 1893 1132; x_wconf 91' lang='lat' dir='ltr'><strong>et</strong></span> <span class='ocrx_word' id='word_1_85' title='bbox 1918 1076 2065 1168; x_wconf 83' lang='lat' dir='ltr'><strong>fonte</strong></span> 
     </span>
    </p>
   </div>
   <div class='ocr_carea' id='block_1_12' title="bbox 488 1166 2067 1259">
    <p class='ocr_par' dir='ltr' id='par_1_12' title="bbox 488 1166 2067 1259">
     <span class='ocr_line' id='line_1_12' title="bbox 488 1166 2067 1259; baseline -0.017 -12"><span class='ocrx_word' id='word_1_86' title='bbox 488 1192 645 1254; x_wconf 76' lang='lat' dir='ltr'><strong>haedi,</strong></span> <span class='ocrx_word' id='word_1_87' title='bbox 699 1189 791 1259; x_wconf 92' lang='lat' dir='ltr'><strong>qui</strong></span> <span class='ocrx_word' id='word_1_88' title='bbox 812 1166 931 1259; x_wconf 28' lang='lat' dir='ltr'><strong>&quot;pro</strong></span> <span class='ocrx_word' id='word_1_89' title='bbox 979 1184 1218 1255; x_wconf 83' lang='lat' dir='ltr'><strong>peccatis</strong></span> <span class='ocrx_word' id='word_1_90' title='bbox 1266 1192 1481 1247; x_wconf 83' lang='lat' dir='ltr'><strong>semper</strong></span> <span class='ocrx_word' id='word_1_91' title='bbox 1507 1172 1751 1237; x_wconf 76' lang='lat' dir='ltr'><strong>offertur,</strong></span> <span class='ocrx_word' id='word_1_92' title='bbox 1804 1184 1977 1237; x_wconf 88' lang='lat' dir='ltr'><strong>usque</strong></span> <span class='ocrx_word' id='word_1_93' title='bbox 2000 1166 2067 1221; x_wconf 90' lang='lat' dir='ltr'><strong>ad</strong></span> 
     </span>
    </p>
   </div>
   <div class='ocr_carea' id='block_1_13' title="bbox 486 1260 2066 1353">
    <p class='ocr_par' dir='ltr' id='par_1_13' title="bbox 486 1260 2066 1353">
     <span class='ocr_line' id='line_1_13' title="bbox 486 1260 2066 1353; baseline -0.016 -16"><span class='ocrx_word' id='word_1_94' title='bbox 486 1280 751 1353; x_wconf 85' lang='lat' dir='ltr'><strong>Engallim</strong></span> <span class='ocrx_word' id='word_1_95' title='bbox 783 1278 985 1333; x_wconf 81' lang='lat' dir='ltr'><strong>fontem</strong></span> <span class='ocrx_word' id='word_1_96' title='bbox 1011 1274 1322 1336; x_wconf 85' lang='lat' dir='ltr'><strong>vitulorum,</strong></span> <span class='ocrx_word' id='word_1_97' title='bbox 1353 1269 1443 1339; x_wconf 90' lang='lat' dir='ltr'><strong>qui</strong></span> <span class='ocrx_word' id='word_1_98' title='bbox 1488 1272 1794 1321; x_wconf 83' lang='lat' dir='ltr'><strong>mactantur</strong></span> <span class='ocrx_word' id='word_1_99' title='bbox 1818 1260 2066 1324; x_wconf 90' lang='lat' dir='ltr'><strong>Domino,</strong></span> 
     </span>
    </p>
   </div>
   <div class='ocr_carea' id='block_1_14' title="bbox 487 1351 2068 1428">
    <p class='ocr_par' dir='ltr' id='par_1_14' title="bbox 487 1351 2068 1428">
     <span class='ocr_line' id='line_1_14' title="bbox 487 1351 2068 1428; baseline -0.016 -1"><span class='ocrx_word' id='word_1_100' title='bbox 487 1351 850 1428; x_wconf 36' lang='lat' dir='ltr'><strong>eti—mitantur</strong></span> <span class='ocrx_word' id='word_1_101' title='bbox 878 1367 1108 1422; x_wconf 90' lang='lat' dir='ltr'><strong>vitulum</strong></span> <span class='ocrx_word' id='word_1_102' title='bbox 1154 1376 1358 1420; x_wconf 87' lang='lat' dir='ltr'><strong>cornua</strong></span> <span class='ocrx_word' id='word_1_103' title='bbox 1388 1358 1702 1414; x_wconf 72' lang='lat' dir='ltr'><strong>offerentem</strong></span> <span class='ocrx_word' id='word_1_104' title='bbox 1739 1362 1793 1410; x_wconf 92' lang='lat' dir='ltr'><strong>et</strong></span> <span class='ocrx_word' id='word_1_105' title='bbox 1822 1351 2068 1422; x_wconf 87' lang='lat' dir='ltr'><strong>ungulas,</strong></span> 
     </span>
    </p>
   </div>
   <div class='ocr_carea' id='block_1_15' title="bbox 488 1448 2073 1531">
    <p class='ocr_par' dir='ltr' id='par_1_15' title="bbox 488 1448 2073 1531">
     <span class='ocr_line' id='line_1_15' title="bbox 488 1448 2073 1531; baseline -0.013 -17"><span class='ocrx_word' id='word_1_106' title='bbox 488 1462 578 1531; x_wconf 90' lang='lat' dir='ltr'><strong>qui</strong></span> <span class='ocrx_word' id='word_1_107' title='bbox 632 1460 686 1513; x_wconf 92' lang='lat' dir='ltr'><strong>in</strong></span> <span class='ocrx_word' id='word_1_108' title='bbox 739 1468 864 1530; x_wconf 78' lang='lat' dir='ltr'><strong>typo</strong></span> <span class='ocrx_word' id='word_1_109' title='bbox 914 1455 1215 1512; x_wconf 89' lang='lat' dir='ltr'><strong>Salvatoris</strong></span> <span class='ocrx_word' id='word_1_110' title='bbox 1259 1451 1326 1507; x_wconf 93' lang='lat' dir='ltr'><strong>ad</strong></span> <span class='ocrx_word' id='word_1_111' title='bbox 1378 1449 1550 1503; x_wconf 89' lang='lat' dir='ltr'><strong>altare</strong></span> <span class='ocrx_word' id='word_1_112' title='bbox 1578 1452 1866 1508; x_wconf 84' lang='lat' dir='ltr'><strong>mactatur,</strong></span> <span class='ocrx_word' id='word_1_113' title='bbox 1913 1448 2073 1497; x_wconf 85' lang='lat' dir='ltr'><strong>erunt</strong></span> 
     </span>
    </p>
   </div>
   <div class='ocr_carea' id='block_1_16' title="bbox 489 1536 2071 1623">
    <p class='ocr_par' dir='ltr' id='par_1_16' title="bbox 489 1536 2071 1623">
     <span class='ocr_line' id='line_1_16' title="bbox 489 1536 2071 1623; baseline -0.013 -16"><span class='ocrx_word' id='word_1_114' title='bbox 489 1554 788 1623; x_wconf 81' lang='lat' dir='ltr'><strong>piscatores</strong></span> <span class='ocrx_word' id='word_1_115' title='bbox 816 1550 1013 1619; x_wconf 84' lang='lat' dir='ltr'><strong>quibus</strong></span> <span class='ocrx_word' id='word_1_116' title='bbox 1051 1546 1291 1615; x_wconf 86' lang='lat' dir='ltr'><strong>loquitur</strong></span> <span class='ocrx_word' id='word_1_117' title='bbox 1328 1540 1525 1597; x_wconf 82' lang='lat' dir='ltr'><strong>Jesus:</strong></span> <span class='ocrx_word' id='word_1_118' title='bbox 1564 1557 1582 1590; x_wconf 84' lang='grc'><strong>‹</strong></span> <span class='ocrx_word' id='word_1_119' title='bbox 1628 1536 1819 1594; x_wconf 87' lang='lat' dir='ltr'><strong>Venite</strong></span> <span class='ocrx_word' id='word_1_120' title='bbox 1864 1536 1934 1589; x_wconf 88' lang='lat' dir='ltr'><strong>ad</strong></span> <span class='ocrx_word' id='word_1_121' title='bbox 1965 1548 2071 1596; x_wconf 90' lang='lat' dir='ltr'><strong>me,</strong></span> 
     </span>
    </p>
   </div>
   <div class='ocr_carea' id='block_1_17' title="bbox 492 1622 2075 1709">
    <p class='ocr_par' dir='ltr' id='par_1_17' title="bbox 492 1622 2075 1709">
     <span class='ocr_line' id='line_1_17' title="bbox 492 1622 2075 1709; baseline -0.015 -11"><span class='ocrx_word' id='word_1_122' title='bbox 492 1622 687 1698; x_wconf 81' lang='lat' dir='ltr'><strong>I‘aciam</strong></span> <span class='ocrx_word' id='word_1_123' title='bbox 740 1656 838 1695; x_wconf 74' lang='lat' dir='ltr'><strong>vos</strong></span> <span class='ocrx_word' id='word_1_124' title='bbox 885 1640 1183 1709; x_wconf 78' lang='lat' dir='ltr'><strong>piscatores</strong></span> <span class='ocrx_word' id='word_1_125' title='bbox 1226 1634 1503 1689; x_wconf 87' lang='lat' dir='ltr'><strong>hominum</strong></span> <span class='ocrx_word' id='word_1_126' title='bbox 1561 1628 1775 1701; x_wconf 82' lang='lat' dir='ltr'><strong>(Matth.</strong></span> <span class='ocrx_word' id='word_1_127' title='bbox 1810 1630 1948 1695; x_wconf 73' lang='lat' dir='ltr'><strong>1V).)</strong></span> <span class='ocrx_word' id='word_1_128' title='bbox 1999 1622 2075 1675; x_wconf 92' lang='lat' dir='ltr'><strong>De</strong></span> 
     </span>
    </p>
   </div>
   <div class='ocr_carea' id='block_1_18' title="bbox 493 1714 2073 1803">
    <p class='ocr_par' dir='ltr' id='par_1_18' title="bbox 493 1714 2073 1803">
     <span class='ocr_line' id='line_1_18' title="bbox 493 1714 2073 1803; baseline -0.011 -19"><span class='ocrx_word' id='word_1_129' title='bbox 493 1731 689 1803; x_wconf 79' lang='lat' dir='ltr'><strong>quibus</strong></span> <span class='ocrx_word' id='word_1_130' title='bbox 746 1738 803 1785; x_wconf 90' lang='lat' dir='ltr'><strong>et</strong></span> <span class='ocrx_word' id='word_1_131' title='bbox 848 1728 1151 1783; x_wconf 73' lang='lat' dir='ltr'><strong>Jeremnas:</strong></span> <span class='ocrx_word' id='word_1_132' title='bbox 1200 1744 1219 1776; x_wconf 74' lang='grc' dir='ltr'><strong>ι</strong></span> <span class='ocrx_word' id='word_1_133' title='bbox 1254 1724 1393 1779; x_wconf 87' lang='lat' dir='ltr'><strong>Ecce</strong></span> <span class='ocrx_word' id='word_1_134' title='bbox 1439 1736 1562 1793; x_wconf 82' lang='lat' dir='ltr'><strong>ego,</strong></span> <span class='ocrx_word' id='word_1_135' title='bbox 1616 1717 1807 1787; x_wconf 87' lang='lat' dir='ltr'><strong>inquit,</strong></span> <span class='ocrx_word' id='word_1_136' title='bbox 1859 1714 2073 1769; x_wconf 83' lang='lat' dir='ltr'><strong>mittam</strong></span> 
     </span>
    </p>
   </div>
   <div class='ocr_carea' id='block_1_19' title="bbox 2162 520 3747 592">
    <p class='ocr_par' dir='ltr' id='par_1_19' title="bbox 2162 520 3747 592">
     <span class='ocr_line' id='line_1_19' title="bbox 2162 520 3747 592; baseline -0.004 -9"><span class='ocrx_word' id='word_1_137' title='bbox 2162 537 2457 585; x_wconf 87' lang='lat' dir='ltr'><strong>torrentem</strong></span> <span class='ocrx_word' id='word_1_138' title='bbox 2487 540 2617 581; x_wconf 89' lang='lat' dir='ltr'><strong>vero</strong></span> <span class='ocrx_word' id='word_1_139' title='bbox 2645 526 2760 580; x_wconf 84' lang='lat' dir='ltr'><strong>sive</strong></span> <span class='ocrx_word' id='word_1_140' title='bbox 2796 522 3017 577; x_wconf 87' lang='lat' dir='ltr'><strong>ﬂuvium</strong></span> <span class='ocrx_word' id='word_1_141' title='bbox 3043 522 3251 577; x_wconf 87' lang='lat' dir='ltr'><strong>orietur</strong></span> <span class='ocrx_word' id='word_1_142' title='bbox 3282 521 3337 575; x_wconf 91' lang='lat' dir='ltr'><strong>in</strong></span> <span class='ocrx_word' id='word_1_143' title='bbox 3365 522 3499 592; x_wconf 88' lang='lat' dir='ltr'><strong>ripis</strong></span> <span class='ocrx_word' id='word_1_144' title='bbox 3534 520 3651 589; x_wconf 86' lang='lat' dir='ltr'><strong>ejus</strong></span> <span class='ocrx_word' id='word_1_145' title='bbox 3680 538 3747 577; x_wconf 73' lang='lat' dir='ltr'><strong>ex</strong></span> 
     </span>
    </p>
   </div>
   <div class='ocr_carea' id='block_1_20' title="bbox 2160 610 3750 687">
    <p class='ocr_par' dir='ltr' id='par_1_20' title="bbox 2160 610 3750 687">
     <span class='ocr_line' id='line_1_20' title="bbox 2160 610 3750 687; baseline -0.006 -14"><span class='ocrx_word' id='word_1_146' title='bbox 2160 627 2391 687; x_wconf 89' lang='lat' dir='ltr'><strong>utraque</strong></span> <span class='ocrx_word' id='word_1_147' title='bbox 2433 622 2591 687; x_wconf 91' lang='lat' dir='ltr'><strong>parte</strong></span> <span class='ocrx_word' id='word_1_148' title='bbox 2615 628 2775 669; x_wconf 92' lang='lat' dir='ltr'><strong>omne</strong></span> <span class='ocrx_word' id='word_1_149' title='bbox 2803 611 3007 683; x_wconf 80' lang='lat' dir='ltr'><strong>lignum</strong></span> <span class='ocrx_word' id='word_1_150' title='bbox 3037 610 3385 681; x_wconf 83' lang='lat' dir='ltr'><strong>pomiferum,</strong></span> <span class='ocrx_word' id='word_1_151' title='bbox 3410 612 3525 666; x_wconf 88' lang='lat' dir='ltr'><strong>sive</strong></span> <span class='ocrx_word' id='word_1_152' title='bbox 3556 620 3615 665; x_wconf 91' lang='lat' dir='ltr'><strong>ut</strong></span> <span class='ocrx_word' id='word_1_153' title='bbox 3634 627 3750 667; x_wconf 82' lang='lat' dir='ltr'><strong>om-</strong></span> 
     </span>
    </p>
   </div>
   <div class='ocr_carea' id='block_1_21' title="bbox 2163 701 3752 777">
    <p class='ocr_par' dir='ltr' id='par_1_21' title="bbox 2163 701 3752 777">
     <span class='ocr_line' id='line_1_21' title="bbox 2163 701 3752 777; baseline -0.006 -13"><span class='ocrx_word' id='word_1_154' title='bbox 2163 723 2259 764; x_wconf 89' lang='lat' dir='ltr'><strong>nes</strong></span> <span class='ocrx_word' id='word_1_155' title='bbox 2283 722 2415 763; x_wconf 93' lang='lat' dir='ltr'><strong>voce</strong></span> <span class='ocrx_word' id='word_1_156' title='bbox 2434 720 2671 761; x_wconf 89' lang='lat' dir='ltr'><strong>consona</strong></span> <span class='ocrx_word' id='word_1_157' title='bbox 2696 701 3086 759; x_wconf 83' lang='lat' dir='ltr'><strong>transtulerunt</strong></span> <span class='ocrx_word' id='word_1_158' title='bbox 3102 702 3308 777; x_wconf 79' lang='grc' dir='ltr'><strong>βρῶμα,</strong></span> <span class='ocrx_word' id='word_1_159' title='bbox 3333 702 3477 770; x_wconf 89' lang='lat' dir='ltr'><strong>quod</strong></span> <span class='ocrx_word' id='word_1_160' title='bbox 3492 701 3675 758; x_wconf 86' lang='lat' dir='ltr'><strong>cibum</strong></span> <span class='ocrx_word' id='word_1_161' title='bbox 3696 710 3752 756; x_wconf 89' lang='lat' dir='ltr'><strong>et</strong></span> 
     </span>
    </p>
   </div>
   <div class='ocr_carea' id='block_1_22' title="bbox 2163 790 3757 863">
    <p class='ocr_par' dir='ltr' id='par_1_22' title="bbox 2163 790 3757 863">
     <span class='ocr_line' id='line_1_22' title="bbox 2163 790 3757 863; baseline -0.006 -9"><span class='ocrx_word' id='word_1_162' title='bbox 2163 814 2342 855; x_wconf 88' lang='lat' dir='ltr'><strong>escam</strong></span> <span class='ocrx_word' id='word_1_163' title='bbox 2398 796 2588 852; x_wconf 87' lang='lat' dir='ltr'><strong>tribuit</strong></span> <span class='ocrx_word' id='word_1_164' title='bbox 2628 804 2685 849; x_wconf 88' lang='lat' dir='ltr'><strong>et</strong></span> <span class='ocrx_word' id='word_1_165' title='bbox 2712 793 2855 863; x_wconf 89' lang='lat' dir='ltr'><strong>quod</strong></span> <span class='ocrx_word' id='word_1_166' title='bbox 2902 792 3083 846; x_wconf 88' lang='lat' dir='ltr'><strong>mandi</strong></span> <span class='ocrx_word' id='word_1_167' title='bbox 3123 798 3319 861; x_wconf 87' lang='lat' dir='ltr'><strong>potest,</strong></span> <span class='ocrx_word' id='word_1_168' title='bbox 3345 790 3757 861; x_wconf 80' lang='lat' dir='ltr'><strong>appellaturquc</strong></span> 
     </span>
    </p>
   </div>
   <div class='ocr_carea' id='block_1_23' title="bbox 2165 882 3754 959">
    <p class='ocr_par' dir='ltr' id='par_1_23' title="bbox 2165 882 3754 959">
     <span class='ocr_line' id='line_1_23' title="bbox 2165 882 3754 959; baseline -0.008 -14"><span class='ocrx_word' id='word_1_169' title='bbox 2165 891 2346 959; x_wconf 82' lang='lat' dir='ltr'><strong>lingua</strong></span> <span class='ocrx_word' id='word_1_170' title='bbox 2363 886 2626 943; x_wconf 83' lang='lat' dir='ltr'><strong>Hebraica</strong></span> <span class='ocrx_word' id='word_1_171' title='bbox 2649 882 2881 937; x_wconf 78' lang='lat' dir='ltr'><strong>Mue/ml.</strong></span> <span class='ocrx_word' id='word_1_172' title='bbox 2903 902 2920 934; x_wconf 80' lang='grc' dir='ltr'><strong>ι</strong></span> <span class='ocrx_word' id='word_1_173' title='bbox 2943 883 3009 937; x_wconf 85' lang='lat' dir='ltr'><strong>Et</strong></span> <span class='ocrx_word' id='word_1_174' title='bbox 3030 884 3184 945; x_wconf 87' lang='lat' dir='ltr'><strong>nihil,</strong></span> <span class='ocrx_word' id='word_1_175' title='bbox 3202 882 3357 952; x_wconf 81' lang='lat' dir='ltr'><strong>juxta</strong></span> <span class='ocrx_word' id='word_1_176' title='bbox 3377 882 3754 952; x_wconf 76' lang='lat' dir='ltr'><strong>Septuaginta,</strong></span> 
     </span>
    </p>
   </div>
   <div class='ocr_carea' id='block_1_24' title="bbox 2170 971 3761 1043">
    <p class='ocr_par' dir='ltr' id='par_1_24' title="bbox 2170 971 3761 1043">
     <span class='ocr_line' id='line_1_24' title="bbox 2170 971 3761 1043; baseline -0.006 -8"><span class='ocrx_word' id='word_1_177' title='bbox 2170 988 2471 1036; x_wconf 88' lang='lat' dir='ltr'><strong>veterescet</strong></span> <span class='ocrx_word' id='word_1_178' title='bbox 2512 979 2564 1032; x_wconf 93' lang='lat' dir='ltr'><strong>in</strong></span> <span class='ocrx_word' id='word_1_179' title='bbox 2614 991 2698 1042; x_wconf 89' lang='lat' dir='ltr'><strong>eo,</strong></span> <span class='ocrx_word' id='word_1_180' title='bbox 2743 995 2762 1028; x_wconf 75' lang='grc' dir='ltr'><strong>ι</strong></span> <span class='ocrx_word' id='word_1_181' title='bbox 2799 975 2893 1029; x_wconf 86' lang='lat' dir='ltr'><strong>sed</strong></span> <span class='ocrx_word' id='word_1_182' title='bbox 2937 974 3178 1043; x_wconf 87' lang='lat' dir='ltr'><strong>quotidie</strong></span> <span class='ocrx_word' id='word_1_183' title='bbox 3205 974 3607 1029; x_wconf 86' lang='lat' dir='ltr'><strong>innovabuntur</strong></span> <span class='ocrx_word' id='word_1_184' title='bbox 3642 971 3761 1027; x_wconf 65' lang='lat' dir='ltr'><strong>im</strong></span> 
     </span>
    </p>
   </div>
   <div class='ocr_carea' id='block_1_25' title="bbox 2169 1061 3763 1142">
    <p class='ocr_par' dir='ltr' id='par_1_25' title="bbox 2169 1061 3763 1142">
     <span class='ocr_line' id='line_1_25' title="bbox 2169 1061 3763 1142; baseline -0.008 -16"><span class='ocrx_word' id='word_1_185' title='bbox 2169 1086 2263 1142; x_wconf 88' lang='lat' dir='ltr'><strong>ges</strong></span> <span class='ocrx_word' id='word_1_186' title='bbox 2287 1068 2427 1138; x_wconf 89' lang='lat' dir='ltr'><strong>ejus,</strong></span> <span class='ocrx_word' id='word_1_187' title='bbox 2452 1068 2565 1123; x_wconf 89' lang='lat' dir='ltr'><strong>sive</strong></span> <span class='ocrx_word' id='word_1_188' title='bbox 2601 1084 2619 1117; x_wconf 80' lang='grc' dir='ltr'><strong>ι</strong></span> <span class='ocrx_word' id='word_1_189' title='bbox 2660 1080 2763 1120; x_wconf 91' lang='lat' dir='ltr'><strong>non</strong></span> <span class='ocrx_word' id='word_1_190' title='bbox 2793 1064 2993 1118; x_wconf 76' lang='lat' dir='ltr'><strong>detinet</strong></span> <span class='ocrx_word' id='word_1_191' title='bbox 3030 1061 3216 1117; x_wconf 81' lang='lat' dir='ltr'><strong>folium</strong></span> <span class='ocrx_word' id='word_1_192' title='bbox 3247 1078 3313 1117; x_wconf 75' lang='lat' dir='ltr'><strong>ex</strong></span> <span class='ocrx_word' id='word_1_193' title='bbox 3341 1078 3426 1125; x_wconf 86' lang='lat' dir='ltr'><strong>eo,</strong></span> <span class='ocrx_word' id='word_1_194' title='bbox 3452 1070 3505 1117; x_wconf 90' lang='lat' dir='ltr'><strong>et</strong></span> <span class='ocrx_word' id='word_1_195' title='bbox 3539 1078 3644 1116; x_wconf 91' lang='lat' dir='ltr'><strong>non</strong></span> <span class='ocrx_word' id='word_1_196' title='bbox 3671 1062 3763 1117; x_wconf 85' lang='lat' dir='ltr'><strong>de-</strong></span> 
     </span>
    </p>
   </div>
   <div class='ocr_carea' id='block_1_26' title="bbox 2172 1155 3764 1227">
    <p class='ocr_par' dir='ltr' id='par_1_26' title="bbox 2172 1155 3764 1227">
     <span class='ocr_line' id='line_1_26' title="bbox 2172 1155 3764 1227; baseline -0.006 -10"><span class='ocrx_word' id='word_1_197' title='bbox 2172 1163 2314 1218; x_wconf 86' lang='lat' dir='ltr'><strong>ﬂciet</strong></span> <span class='ocrx_word' id='word_1_198' title='bbox 2337 1160 2544 1216; x_wconf 78' lang='lat' dir='ltr'><strong>fructus</strong></span> <span class='ocrx_word' id='word_1_199' title='bbox 2559 1158 2693 1227; x_wconf 90' lang='lat' dir='ltr'><strong>ejus,</strong></span> <span class='ocrx_word' id='word_1_200' title='bbox 2732 1178 2750 1210; x_wconf 76' lang='grc' dir='ltr'><strong>ι</strong></span> <span class='ocrx_word' id='word_1_201' title='bbox 2776 1156 2931 1226; x_wconf 80' lang='lat' dir='ltr'><strong>juxta</strong></span> <span class='ocrx_word' id='word_1_202' title='bbox 2961 1156 3089 1210; x_wconf 90' lang='lat' dir='ltr'><strong>illud</strong></span> <span class='ocrx_word' id='word_1_203' title='bbox 3113 1156 3256 1225; x_wconf 88' lang='lat' dir='ltr'><strong>quod</strong></span> <span class='ocrx_word' id='word_1_204' title='bbox 3280 1157 3332 1211; x_wconf 91' lang='lat' dir='ltr'><strong>in</strong></span> <span class='ocrx_word' id='word_1_205' title='bbox 3356 1156 3532 1224; x_wconf 91' lang='lat' dir='ltr'><strong>primo</strong></span> <span class='ocrx_word' id='word_1_206' title='bbox 3551 1155 3764 1225; x_wconf 81' lang='lat' dir='ltr'><strong>psalmo</strong></span> 
     </span>
    </p>
   </div>
   <div class='ocr_carea' id='block_1_27' title="bbox 2172 1246 3764 1323">
    <p class='ocr_par' dir='ltr' id='par_1_27' title="bbox 2172 1246 3764 1323">
     <span class='ocr_line' id='line_1_27' title="bbox 2172 1246 3764 1323; baseline -0.006 -15"><span class='ocrx_word' id='word_1_207' title='bbox 2172 1254 2431 1323; x_wconf 89' lang='lat' dir='ltr'><strong>scriptum</strong></span> <span class='ocrx_word' id='word_1_208' title='bbox 2466 1260 2549 1307; x_wconf 91' lang='lat' dir='ltr'><strong>est</strong></span> <span class='ocrx_word' id='word_1_209' title='bbox 2583 1266 2597 1304; x_wconf 90' lang='lat'><strong>:</strong></span> <span class='ocrx_word' id='word_1_210' title='bbox 2630 1268 2649 1300; x_wconf 77' lang='grc' dir='ltr'><strong>ι</strong></span> <span class='ocrx_word' id='word_1_211' title='bbox 2684 1249 2751 1302; x_wconf 88' lang='lat' dir='ltr'><strong>Et</strong></span> <span class='ocrx_word' id='word_1_212' title='bbox 2776 1248 2881 1301; x_wconf 87' lang='lat' dir='ltr'><strong>erit</strong></span> <span class='ocrx_word' id='word_1_213' title='bbox 2911 1259 3165 1317; x_wconf 85' lang='lat' dir='ltr'><strong>tanquam</strong></span> <span class='ocrx_word' id='word_1_214' title='bbox 3200 1246 3402 1317; x_wconf 82' lang='lat' dir='ltr'><strong>lignum</strong></span> <span class='ocrx_word' id='word_1_215' title='bbox 3430 1247 3571 1316; x_wconf 79' lang='lat' dir='ltr'><strong>quod</strong></span> <span class='ocrx_word' id='word_1_216' title='bbox 3609 1246 3764 1315; x_wconf 82' lang='lat' dir='ltr'><strong>plan-</strong></span> 
     </span>
    </p>
   </div>
   <div class='ocr_carea' id='block_1_28' title="bbox 2174 1337 3764 1409">
    <p class='ocr_par' dir='ltr' id='par_1_28' title="bbox 2174 1337 3764 1409">
     <span class='ocr_line' id='line_1_28' title="bbox 2174 1337 3764 1409; baseline -0.008 -8"><span class='ocrx_word' id='word_1_217' title='bbox 2174 1355 2345 1401; x_wconf 81' lang='lat' dir='ltr'><strong>tatum</strong></span> <span class='ocrx_word' id='word_1_218' title='bbox 2381 1352 2464 1399; x_wconf 90' lang='lat' dir='ltr'><strong>est</strong></span> <span class='ocrx_word' id='word_1_219' title='bbox 2505 1358 2661 1398; x_wconf 90' lang='lat' dir='ltr'><strong>secus</strong></span> <span class='ocrx_word' id='word_1_220' title='bbox 2701 1341 2962 1395; x_wconf 80' lang='lat' dir='ltr'><strong>decursus</strong></span> <span class='ocrx_word' id='word_1_221' title='bbox 3004 1354 3301 1408; x_wconf 85' lang='lat' dir='ltr'><strong>aquarum,</strong></span> <span class='ocrx_word' id='word_1_222' title='bbox 3338 1339 3481 1409; x_wconf 87' lang='lat' dir='ltr'><strong>quod</strong></span> <span class='ocrx_word' id='word_1_223' title='bbox 3527 1337 3764 1393; x_wconf 82' lang='lat' dir='ltr'><strong>fructum</strong></span> 
     </span>
    </p>
   </div>
   <div class='ocr_carea' id='block_1_29' title="bbox 2175 1426 3768 1499">
    <p class='ocr_par' dir='ltr' id='par_1_29' title="bbox 2175 1426 3768 1499">
     <span class='ocr_line' id='line_1_29' title="bbox 2175 1426 3768 1499; baseline -0.005 -11"><span class='ocrx_word' id='word_1_224' title='bbox 2175 1449 2330 1489; x_wconf 92' lang='lat' dir='ltr'><strong>suum</strong></span> <span class='ocrx_word' id='word_1_225' title='bbox 2360 1432 2510 1487; x_wconf 90' lang='lat' dir='ltr'><strong>dabit</strong></span> <span class='ocrx_word' id='word_1_226' title='bbox 2557 1431 2609 1487; x_wconf 87' lang='lat' dir='ltr'><strong>in</strong></span> <span class='ocrx_word' id='word_1_227' title='bbox 2653 1438 2896 1499; x_wconf 88' lang='lat' dir='ltr'><strong>tempore</strong></span> <span class='ocrx_word' id='word_1_228' title='bbox 2938 1444 3057 1492; x_wconf 89' lang='lat' dir='ltr'><strong>suo,</strong></span> <span class='ocrx_word' id='word_1_229' title='bbox 3101 1435 3154 1483; x_wconf 90' lang='lat' dir='ltr'><strong>et</strong></span> <span class='ocrx_word' id='word_1_230' title='bbox 3184 1426 3368 1482; x_wconf 71' lang='lat' dir='ltr'><strong>Iulium</strong></span> <span class='ocrx_word' id='word_1_231' title='bbox 3398 1426 3515 1495; x_wconf 86' lang='lat' dir='ltr'><strong>ejus</strong></span> <span class='ocrx_word' id='word_1_232' title='bbox 3537 1444 3641 1480; x_wconf 82' lang='lat' dir='ltr'><strong>non</strong></span> <span class='ocrx_word' id='word_1_233' title='bbox 3676 1427 3768 1481; x_wconf 86' lang='lat' dir='ltr'><strong>de—</strong></span> 
     </span>
    </p>
   </div>
   <div class='ocr_carea' id='block_1_30' title="bbox 2176 1515 3769 1590">
    <p class='ocr_par' dir='ltr' id='par_1_30' title="bbox 2176 1515 3769 1590">
     <span class='ocr_line' id='line_1_30' title="bbox 2176 1515 3769 1590; baseline -0.006 -12"><span class='ocrx_word' id='word_1_234' title='bbox 2176 1523 2323 1578; x_wconf 88' lang='lat' dir='ltr'><strong>ﬂuet.</strong></span> <span class='ocrx_word' id='word_1_235' title='bbox 2377 1540 2396 1574; x_wconf 77' lang='grc' dir='ltr'><strong>ι</strong></span> <span class='ocrx_word' id='word_1_236' title='bbox 2444 1520 2548 1575; x_wconf 90' lang='lat' dir='ltr'><strong>Per</strong></span> <span class='ocrx_word' id='word_1_237' title='bbox 2594 1519 2856 1590; x_wconf 82' lang='lat' dir='ltr'><strong>singulos,</strong></span> <span class='ocrx_word' id='word_1_238' title='bbox 2907 1519 3103 1588; x_wconf 87' lang='lat' dir='ltr'><strong>inquit,</strong></span> <span class='ocrx_word' id='word_1_239' title='bbox 3162 1534 3377 1572; x_wconf 91' lang='lat' dir='ltr'><strong>menses</strong></span> <span class='ocrx_word' id='word_1_240' title='bbox 3426 1516 3613 1571; x_wconf 72' lang='lat' dir='ltr'><strong>aﬂ‘erct</strong></span> <span class='ocrx_word' id='word_1_241' title='bbox 3660 1515 3769 1583; x_wconf 71' lang='lat' dir='ltr'><strong>pri~</strong></span> 
     </span>
    </p>
   </div>
   <div class='ocr_carea' id='block_1_31' title="bbox 2176 1605 3771 1680">
    <p class='ocr_par' dir='ltr' id='par_1_31' title="bbox 2176 1605 3771 1680">
     <span class='ocr_line' id='line_1_31' title="bbox 2176 1605 3771 1680; baseline -0.008 -11"><span class='ocrx_word' id='word_1_242' title='bbox 2176 1605 2385 1677; x_wconf 88' lang='lat' dir='ltr'><strong>mitiva,</strong></span> <span class='ocrx_word' id='word_1_243' title='bbox 2422 1610 2534 1666; x_wconf 86' lang='lat' dir='ltr'><strong>sive</strong></span> <span class='ocrx_word' id='word_1_244' title='bbox 2568 1619 2626 1665; x_wconf 93' lang='lat' dir='ltr'><strong>ut</strong></span> <span class='ocrx_word' id='word_1_245' title='bbox 2656 1611 2710 1662; x_wconf 89' lang='lat' dir='ltr'><strong>in</strong></span> <span class='ocrx_word' id='word_1_246' title='bbox 2746 1609 3095 1680; x_wconf 84' lang='lat' dir='ltr'><strong>Septuaginta</strong></span> <span class='ocrx_word' id='word_1_247' title='bbox 3123 1609 3381 1678; x_wconf 84' lang='lat' dir='ltr'><strong>scriptum</strong></span> <span class='ocrx_word' id='word_1_248' title='bbox 3416 1616 3499 1662; x_wconf 89' lang='lat' dir='ltr'><strong>est</strong></span> <span class='ocrx_word' id='word_1_249' title='bbox 3533 1625 3545 1659; x_wconf 93' lang='lat'>:</span> <span class='ocrx_word' id='word_1_250' title='bbox 3586 1624 3603 1657; x_wconf 88' lang='grc'><strong>‹</strong></span> <span class='ocrx_word' id='word_1_251' title='bbox 3640 1605 3771 1659; x_wconf 77' lang='lat' dir='ltr'><strong>r‘m-</strong></span> 
     </span>
    </p>
   </div>
   <div class='ocr_carea' id='block_1_32' title="bbox 2181 1695 3769 1773">
    <p class='ocr_par' dir='ltr' id='par_1_32' title="bbox 2181 1695 3769 1773">
     <span class='ocr_line' id='line_1_32' title="bbox 2181 1695 3769 1773; baseline -0.006 -16"><span class='ocrx_word' id='word_1_252' title='bbox 2181 1710 2300 1758; x_wconf 89' lang='lat' dir='ltr'><strong>ctus</strong></span> <span class='ocrx_word' id='word_1_253' title='bbox 2325 1702 2443 1773; x_wconf 86' lang='lat' dir='ltr'><strong>ejus</strong></span> <span class='ocrx_word' id='word_1_254' title='bbox 2489 1700 2544 1755; x_wconf 91' lang='lat' dir='ltr'><strong>in</strong></span> <span class='ocrx_word' id='word_1_255' title='bbox 2587 1699 2936 1754; x_wconf 88' lang='lat' dir='ltr'><strong>renovatione</strong></span> <span class='ocrx_word' id='word_1_256' title='bbox 2987 1698 3068 1752; x_wconf 91' lang='lat' dir='ltr'><strong>sui</strong></span> <span class='ocrx_word' id='word_1_257' title='bbox 3108 1698 3382 1766; x_wconf 83' lang='lat' dir='ltr'><strong>primitiva</strong></span> <span class='ocrx_word' id='word_1_258' title='bbox 3409 1695 3593 1759; x_wconf 86' lang='lat' dir='ltr'><strong>dabit;</strong></span> <span class='ocrx_word' id='word_1_259' title='bbox 3657 1714 3675 1745; x_wconf 75' lang='grc' dir='ltr'><strong>ι</strong></span> <span class='ocrx_word' id='word_1_260' title='bbox 3714 1704 3769 1748; x_wconf 91' lang='lat' dir='ltr'><strong>ut</strong></span> 
     </span>
    </p>
   </div>
   <div class='ocr_carea' id='block_1_33' title="bbox 491 1786 3771 1893">
    <p class='ocr_par' dir='ltr' id='par_1_33' title="bbox 491 1786 3771 1893">
     <span class='ocr_line' id='line_1_33' title="bbox 491 1786 3771 1893; baseline -0.01 -20"><span class='ocrx_word' id='word_1_261' title='bbox 491 1786 793 1893; x_wconf 65' lang='lat' dir='ltr'><strong>piscatores</strong></span> <span class='ocrx_word' id='word_1_262' title='bbox 820 1817 955 1890; x_wconf 81' lang='lat' dir='ltr'><strong>(Jer.</strong></span> <span class='ocrx_word' id='word_1_263' title='bbox 978 1819 1114 1888; x_wconf 81' lang='lat' dir='ltr'><strong>xvi).</strong></span> <span class='ocrx_word' id='word_1_264' title='bbox 1142 1836 1159 1868; x_wconf 77' lang='grc' dir='ltr'><strong>ι</strong></span> <span class='ocrx_word' id='word_1_265' title='bbox 1199 1815 1264 1869; x_wconf 89' lang='lat' dir='ltr'><strong>Et</strong></span> <span class='ocrx_word' id='word_1_266' title='bbox 1286 1786 1531 1885; x_wconf 64' lang='lat' dir='ltr'><strong>plurimae</strong></span> <span class='ocrx_word' id='word_1_267' title='bbox 1551 1786 1779 1879; x_wconf 83' lang='lat' dir='ltr'><strong>species,</strong></span> <span class='ocrx_word' id='word_1_268' title='bbox 1834 1805 1943 1859; x_wconf 92' lang='lat' dir='ltr'><strong>imo</strong></span> <span class='ocrx_word' id='word_1_269' title='bbox 1986 1818 2077 1873; x_wconf 88' lang='lat' dir='ltr'><strong>ge-</strong></span> <span class='ocrx_word' id='word_1_270' title='bbox 2110 1808 2155 1867; x_wconf 81' lang='grc' dir='ltr'><strong>Β</strong></span> <span class='ocrx_word' id='word_1_271' title='bbox 2183 1795 2360 1851; x_wconf 89' lang='lat' dir='ltr'><strong>omnis</strong></span> <span class='ocrx_word' id='word_1_272' title='bbox 2385 1793 2719 1849; x_wconf 89' lang='lat' dir='ltr'><strong>credentium</strong></span> <span class='ocrx_word' id='word_1_273' title='bbox 2762 1789 2971 1845; x_wconf 82' lang='lat' dir='ltr'><strong>fructus</strong></span> <span class='ocrx_word' id='word_1_274' title='bbox 3015 1788 3269 1859; x_wconf 77' lang='lat' dir='ltr'><strong>primitia:</strong></span> <span class='ocrx_word' id='word_1_275' title='bbox 3306 1789 3439 1851; x_wconf 89' lang='lat' dir='ltr'><strong>sint,</strong></span> <span class='ocrx_word' id='word_1_276' title='bbox 3482 1796 3537 1840; x_wconf 90' lang='lat' dir='ltr'><strong>et</strong></span> <span class='ocrx_word' id='word_1_277' title='bbox 3576 1786 3771 1856; x_wconf 81' lang='lat' dir='ltr'><strong>singuli</strong></span> 
     </span>
    </p>
   </div>
   <div class='ocr_carea' id='block_1_34' title="bbox 494 1902 2079 1982">
    <p class='ocr_par' dir='ltr' id='par_1_34' title="bbox 494 1902 2079 1982">
     <span class='ocr_line' id='line_1_34' title="bbox 494 1902 2079 1982; baseline -0.011 -16"><span class='ocrx_word' id='word_1_278' title='bbox 494 1928 627 1967; x_wconf 89' lang='lat' dir='ltr'><strong>nera</strong></span> <span class='ocrx_word' id='word_1_279' title='bbox 654 1911 885 1982; x_wconf 90' lang='lat' dir='ltr'><strong>piscium</strong></span> <span class='ocrx_word' id='word_1_280' title='bbox 916 1917 1076 1963; x_wconf 87' lang='lat' dir='ltr'><strong>erunt</strong></span> <span class='ocrx_word' id='word_1_281' title='bbox 1099 1908 1151 1962; x_wconf 91' lang='lat' dir='ltr'><strong>in</strong></span> <span class='ocrx_word' id='word_1_282' title='bbox 1181 1906 1320 1960; x_wconf 88' lang='lat' dir='ltr'><strong>mari</strong></span> <span class='ocrx_word' id='word_1_283' title='bbox 1349 1902 1623 1973; x_wconf 90' lang='lat' dir='ltr'><strong>quondam</strong></span> <span class='ocrx_word' id='word_1_284' title='bbox 1652 1907 1867 1954; x_wconf 90' lang='lat' dir='ltr'><strong>mortuo</strong></span> <span class='ocrx_word' id='word_1_285' title='bbox 1892 1914 1905 1950; x_wconf 90' lang='lat'>:</span> <span class='ocrx_word' id='word_1_286' title='bbox 1941 1910 2079 1965; x_wconf 90' lang='lat' dir='ltr'><strong>quos</strong></span> 
     </span>
    </p>
   </div>
   <div class='ocr_carea' id='block_1_35' title="bbox 494 1982 2086 2075">
    <p class='ocr_par' dir='ltr' id='par_1_35' title="bbox 494 1982 2086 2075">
     <span class='ocr_line' id='line_1_35' title="bbox 494 1982 2086 2075; baseline -0.011 -18"><span class='ocrx_word' id='word_1_287' title='bbox 494 2005 675 2075; x_wconf 90' lang='lat' dir='ltr'><strong>pisces</strong></span> <span class='ocrx_word' id='word_1_288' title='bbox 702 2001 769 2055; x_wconf 87' lang='lat' dir='ltr'><strong>ad</strong></span> <span class='ocrx_word' id='word_1_289' title='bbox 797 1999 1073 2055; x_wconf 78' lang='lat' dir='ltr'><strong>dexteram</strong></span> <span class='ocrx_word' id='word_1_290' title='bbox 1111 1982 1321 2065; x_wconf 77' lang='lat' dir='ltr'><strong>partem</strong></span> <span class='ocrx_word' id='word_1_291' title='bbox 1336 1993 1564 2064; x_wconf 88' lang='lat' dir='ltr'><strong>jubentc</strong></span> <span class='ocrx_word' id='word_1_292' title='bbox 1592 1988 1820 2044; x_wconf 89' lang='lat' dir='ltr'><strong>Domino</strong></span> <span class='ocrx_word' id='word_1_293' title='bbox 1845 1986 2086 2042; x_wconf 73' lang='lat' dir='ltr'><strong>extrahit</strong></span> 
     </span>
    </p>
   </div>
   <div class='ocr_carea' id='block_1_36' title="bbox 496 2077 2083 2161">
    <p class='ocr_par' dir='ltr' id='par_1_36' title="bbox 496 2077 2083 2161">
     <span class='ocr_line' id='line_1_36' title="bbox 496 2077 2083 2161; baseline -0.012 -14"><span class='ocrx_word' id='word_1_294' title='bbox 496 2093 690 2148; x_wconf 86' lang='lat' dir='ltr'><strong>Petrus</strong></span> <span class='ocrx_word' id='word_1_295' title='bbox 746 2088 928 2161; x_wconf 83' lang='lat' dir='ltr'><strong>(Joan.</strong></span> <span class='ocrx_word' id='word_1_296' title='bbox 955 2086 1093 2158; x_wconf 65' lang='grc' dir='ltr'>χχι),</span> <span class='ocrx_word' id='word_1_297' title='bbox 1142 2094 1199 2139; x_wconf 91' lang='lat' dir='ltr'><strong>et</strong></span> <span class='ocrx_word' id='word_1_298' title='bbox 1240 2091 1400 2138; x_wconf 88' lang='lat' dir='ltr'><strong>erant</strong></span> <span class='ocrx_word' id='word_1_299' title='bbox 1445 2090 1663 2137; x_wconf 87' lang='lat' dir='ltr'><strong>centum</strong></span> <span class='ocrx_word' id='word_1_300' title='bbox 1694 2077 2083 2149; x_wconf 79' lang='lat' dir='ltr'><strong>quinquaginta</strong></span> 
     </span>
    </p>
   </div>
   <div class='ocr_carea' id='block_1_37' title="bbox 500 2175 2087 2250">
    <p class='ocr_par' dir='ltr' id='par_1_37' title="bbox 500 2175 2087 2250">
     <span class='ocr_line' id='line_1_37' title="bbox 500 2175 2087 2250; baseline -0.009 -11"><span class='ocrx_word' id='word_1_301' title='bbox 500 2194 629 2247; x_wconf 88' lang='lat' dir='ltr'><strong>tres,</strong></span> <span class='ocrx_word' id='word_1_302' title='bbox 657 2183 733 2236; x_wconf 87' lang='lat' dir='ltr'><strong>ita</strong></span> <span class='ocrx_word' id='word_1_303' title='bbox 754 2188 813 2235; x_wconf 92' lang='lat' dir='ltr'><strong>ut</strong></span> <span class='ocrx_word' id='word_1_304' title='bbox 841 2195 953 2250; x_wconf 78' lang='lat' dir='ltr'><strong>pra:</strong></span> <span class='ocrx_word' id='word_1_305' title='bbox 998 2178 1341 2233; x_wconf 86' lang='lat' dir='ltr'><strong>multitudine</strong></span> <span class='ocrx_word' id='word_1_306' title='bbox 1365 2190 1553 2232; x_wconf 88' lang='lat' dir='ltr'><strong>eorum</strong></span> <span class='ocrx_word' id='word_1_307' title='bbox 1601 2175 1738 2228; x_wconf 86' lang='lat' dir='ltr'><strong>retia</strong></span> <span class='ocrx_word' id='word_1_308' title='bbox 1774 2185 2087 2242; x_wconf 85' lang='lat' dir='ltr'><strong>rumperen—</strong></span> 
     </span>
    </p>
   </div>
   <div class='ocr_carea' id='block_1_38' title="bbox 503 2265 2087 2342">
    <p class='ocr_par' dir='ltr' id='par_1_38' title="bbox 503 2265 2087 2342">
     <span class='ocr_line' id='line_1_38' title="bbox 503 2265 2087 2342; baseline -0.011 -9"><span class='ocrx_word' id='word_1_309' title='bbox 503 2286 608 2333; x_wconf 86' lang='lat' dir='ltr'><strong>tur.</strong></span> <span class='ocrx_word' id='word_1_310' title='bbox 646 2276 811 2330; x_wconf 77' lang='lat' dir='ltr'><strong>Aiunt</strong></span> <span class='ocrx_word' id='word_1_311' title='bbox 835 2275 999 2339; x_wconf 90' lang='lat' dir='ltr'><strong>enim,</strong></span> <span class='ocrx_word' id='word_1_312' title='bbox 1040 2273 1134 2342; x_wconf 90' lang='lat' dir='ltr'><strong>qui</strong></span> <span class='ocrx_word' id='word_1_313' title='bbox 1178 2271 1247 2326; x_wconf 92' lang='lat' dir='ltr'><strong>de</strong></span> <span class='ocrx_word' id='word_1_314' title='bbox 1298 2267 1652 2324; x_wconf 89' lang='lat' dir='ltr'><strong>animantium</strong></span> <span class='ocrx_word' id='word_1_315' title='bbox 1688 2265 1957 2335; x_wconf 86' lang='lat' dir='ltr'><strong>scripsere</strong></span> <span class='ocrx_word' id='word_1_316' title='bbox 1991 2278 2087 2317; x_wconf 86' lang='lat' dir='ltr'><strong>na-</strong></span> 
     </span>
    </p>
   </div>
   <div class='ocr_carea' id='block_1_39' title="bbox 505 2355 2085 2437">
    <p class='ocr_par' dir='ltr' id='par_1_39' title="bbox 505 2355 2085 2437">
     <span class='ocr_line' id='line_1_39' title="bbox 505 2355 2085 2437; baseline -0.009 -15"><span class='ocrx_word' id='word_1_317' title='bbox 505 2369 641 2424; x_wconf 88' lang='lat' dir='ltr'><strong>turis</strong></span> <span class='ocrx_word' id='word_1_318' title='bbox 674 2376 728 2421; x_wconf 87' lang='lat' dir='ltr'><strong>et</strong></span> <span class='ocrx_word' id='word_1_319' title='bbox 758 2366 1089 2437; x_wconf 89' lang='lat' dir='ltr'><strong>proprietate</strong></span> <span class='ocrx_word' id='word_1_320' title='bbox 1108 2404 1121 2428; x_wconf 88' lang='lat'><strong>,</strong></span> <span class='ocrx_word' id='word_1_321' title='bbox 1154 2362 1246 2431; x_wconf 92' lang='lat' dir='ltr'><strong>qui</strong></span> <span class='ocrx_word' id='word_1_322' title='bbox 1274 2361 1535 2417; x_wconf 74' lang='grc' dir='ltr'><strong>ἁλιευτικὰ</strong></span> <span class='ocrx_word' id='word_1_323' title='bbox 1565 2367 1673 2412; x_wconf 90' lang='lat' dir='ltr'><strong>tam</strong></span> <span class='ocrx_word' id='word_1_324' title='bbox 1700 2355 1893 2410; x_wconf 89' lang='lat' dir='ltr'><strong>Latino</strong></span> <span class='ocrx_word' id='word_1_325' title='bbox 1922 2369 2085 2425; x_wconf 89' lang='lat' dir='ltr'><strong>quam</strong></span> 
     </span>
    </p>
   </div>
   <div class='ocr_carea' id='block_1_40' title="bbox 503 2444 2092 2522">
    <p class='ocr_par' dir='ltr' id='par_1_40' title="bbox 503 2444 2092 2522">
     <span class='ocr_line' id='line_1_40' title="bbox 503 2444 2092 2522; baseline -0.009 -9"><span class='ocrx_word' id='word_1_326' title='bbox 503 2457 696 2514; x_wconf 65' lang='lat' dir='ltr'><strong>Graeco</strong></span> <span class='ocrx_word' id='word_1_327' title='bbox 734 2456 971 2511; x_wconf 89' lang='lat' dir='ltr'><strong>didicere</strong></span> <span class='ocrx_word' id='word_1_328' title='bbox 995 2468 1244 2509; x_wconf 89' lang='lat' dir='ltr'><strong>sermone</strong></span> <span class='ocrx_word' id='word_1_329' title='bbox 1262 2450 1350 2522; x_wconf 91' lang='lat' dir='ltr'><strong>(de</strong></span> <span class='ocrx_word' id='word_1_330' title='bbox 1377 2450 1573 2521; x_wconf 88' lang='lat' dir='ltr'><strong>quibus</strong></span> <span class='ocrx_word' id='word_1_331' title='bbox 1601 2447 1932 2517; x_wconf 86' lang='lat' dir='ltr'><strong>Appianicus</strong></span> <span class='ocrx_word' id='word_1_332' title='bbox 1953 2444 2092 2501; x_wconf 77' lang='lat' dir='ltr'><strong>Cilix</strong></span> 
     </span>
    </p>
   </div>
   <div class='ocr_carea' id='block_1_41' title="bbox 509 2536 2093 2617">
    <p class='ocr_par' dir='ltr' id='par_1_41' title="bbox 509 2536 2093 2617">
     <span class='ocr_line' id='line_1_41' title="bbox 509 2536 2093 2617; baseline -0.006 -18"><span class='ocrx_word' id='word_1_333' title='bbox 509 2544 638 2617; x_wconf 67' lang='lat' dir='ltr'><strong>[.ll.,</strong></span> <span class='ocrx_word' id='word_1_334' title='bbox 665 2542 826 2615; x_wconf 82' lang='lat' dir='ltr'><strong>Cilix]</strong></span> <span class='ocrx_word' id='word_1_335' title='bbox 853 2552 938 2598; x_wconf 88' lang='lat' dir='ltr'><strong>est</strong></span> <span class='ocrx_word' id='word_1_336' title='bbox 962 2549 1121 2613; x_wconf 90' lang='lat' dir='ltr'><strong>poeta</strong></span> <span class='ocrx_word' id='word_1_337' title='bbox 1159 2539 1526 2612; x_wconf 87' lang='lat' dir='ltr'><strong>doctissimus)</strong></span> <span class='ocrx_word' id='word_1_338' title='bbox 1575 2546 1797 2593; x_wconf 90' lang='lat' dir='ltr'><strong>centum</strong></span> <span class='ocrx_word' id='word_1_339' title='bbox 1821 2536 2093 2606; x_wconf 90' lang='lat' dir='ltr'><strong>quinqua-</strong></span> 
     </span>
    </p>
   </div>
   <div class='ocr_carea' id='block_1_42' title="bbox 506 2628 2093 2707">
    <p class='ocr_par' dir='ltr' id='par_1_42' title="bbox 506 2628 2093 2707">
     <span class='ocr_line' id='line_1_42' title="bbox 506 2628 2093 2707; baseline -0.005 -18"><span class='ocrx_word' id='word_1_340' title='bbox 506 2637 654 2707; x_wconf 89' lang='lat' dir='ltr'><strong>ginta</strong></span> <span class='ocrx_word' id='word_1_341' title='bbox 684 2634 783 2689; x_wconf 88' lang='lat' dir='ltr'><strong>tria</strong></span> <span class='ocrx_word' id='word_1_342' title='bbox 832 2648 953 2689; x_wconf 91' lang='lat' dir='ltr'><strong>esse</strong></span> <span class='ocrx_word' id='word_1_343' title='bbox 1003 2646 1201 2704; x_wconf 87' lang='lat' dir='ltr'><strong>genera</strong></span> <span class='ocrx_word' id='word_1_344' title='bbox 1251 2632 1503 2703; x_wconf 89' lang='lat' dir='ltr'><strong>piscium,</strong></span> <span class='ocrx_word' id='word_1_345' title='bbox 1555 2645 1676 2700; x_wconf 81' lang='lat' dir='ltr'><strong>quae</strong></span> <span class='ocrx_word' id='word_1_346' title='bbox 1720 2628 1902 2684; x_wconf 88' lang='lat' dir='ltr'><strong>omnia</strong></span> <span class='ocrx_word' id='word_1_347' title='bbox 1930 2636 2093 2696; x_wconf 91' lang='lat' dir='ltr'><strong>capta</strong></span> 
     </span>
    </p>
   </div>
   <div class='ocr_carea' id='block_1_43' title="bbox 509 2722 2095 2794">
    <p class='ocr_par' dir='ltr' id='par_1_43' title="bbox 509 2722 2095 2794">
     <span class='ocr_line' id='line_1_43' title="bbox 509 2722 2095 2794; baseline -0.003 -13"><span class='ocrx_word' id='word_1_348' title='bbox 509 2736 635 2781; x_wconf 91' lang='lat' dir='ltr'><strong>sunt</strong></span> <span class='ocrx_word' id='word_1_349' title='bbox 662 2727 729 2781; x_wconf 92' lang='lat' dir='ltr'><strong>ab</strong></span> <span class='ocrx_word' id='word_1_350' title='bbox 752 2726 1031 2794; x_wconf 88' lang='lat' dir='ltr'><strong>apostolis,</strong></span> <span class='ocrx_word' id='word_1_351' title='bbox 1064 2734 1118 2779; x_wconf 91' lang='lat' dir='ltr'><strong>et</strong></span> <span class='ocrx_word' id='word_1_352' title='bbox 1146 2725 1277 2779; x_wconf 91' lang='lat' dir='ltr'><strong>nihil</strong></span> <span class='ocrx_word' id='word_1_353' title='bbox 1309 2725 1571 2780; x_wconf 90' lang='lat' dir='ltr'><strong>remansit</strong></span> <span class='ocrx_word' id='word_1_354' title='bbox 1614 2723 1910 2793; x_wconf 91' lang='lat' dir='ltr'><strong>incaptum,</strong></span> <span class='ocrx_word' id='word_1_355' title='bbox 1966 2722 2095 2777; x_wconf 90' lang='lat' dir='ltr'><strong>dum</strong></span> 
     </span>
    </p>
   </div>
   <div class='ocr_carea' id='block_1_44' title="bbox 510 2814 2099 2886">
    <p class='ocr_par' dir='ltr' id='par_1_44' title="bbox 510 2814 2099 2886">
     <span class='ocr_line' id='line_1_44' title="bbox 510 2814 2099 2886; baseline -0.006 -13"><span class='ocrx_word' id='word_1_356' title='bbox 510 2828 567 2873; x_wconf 88' lang='lat' dir='ltr'><strong>et</strong></span> <span class='ocrx_word' id='word_1_357' title='bbox 595 2816 802 2872; x_wconf 89' lang='lat' dir='ltr'><strong>nobiles</strong></span> <span class='ocrx_word' id='word_1_358' title='bbox 847 2823 898 2871; x_wconf 87' lang='lat' dir='ltr'><strong>et</strong></span> <span class='ocrx_word' id='word_1_359' title='bbox 962 2814 1247 2886; x_wconf 85' lang='lat' dir='ltr'><strong>ignobiles,</strong></span> <span class='ocrx_word' id='word_1_360' title='bbox 1291 2823 1346 2869; x_wconf 92' lang='lat' dir='ltr'><strong>et</strong></span> <span class='ocrx_word' id='word_1_361' title='bbox 1376 2814 1572 2869; x_wconf 85' lang='lat' dir='ltr'><strong>divites</strong></span> <span class='ocrx_word' id='word_1_362' title='bbox 1599 2820 1652 2868; x_wconf 89' lang='lat' dir='ltr'><strong>et</strong></span> <span class='ocrx_word' id='word_1_363' title='bbox 1700 2826 1994 2883; x_wconf 79' lang='lat' dir='ltr'><strong>pauperes,</strong></span> <span class='ocrx_word' id='word_1_364' title='bbox 2044 2818 2099 2865; x_wconf 86' lang='lat' dir='ltr'><strong>et</strong></span> 
     </span>
    </p>
   </div>
   <div class='ocr_carea' id='block_1_45' title="bbox 511 2902 2099 2976">
    <p class='ocr_par' dir='ltr' id='par_1_45' title="bbox 511 2902 2099 2976">
     <span class='ocr_line' id='line_1_45' title="bbox 511 2902 2099 2976; baseline -0.006 -14"><span class='ocrx_word' id='word_1_365' title='bbox 511 2919 673 2962; x_wconf 89' lang='lat' dir='ltr'><strong>omne</strong></span> <span class='ocrx_word' id='word_1_366' title='bbox 701 2920 883 2976; x_wconf 83' lang='lat' dir='ltr'><strong>genus</strong></span> <span class='ocrx_word' id='word_1_367' title='bbox 910 2905 1189 2959; x_wconf 89' lang='lat' dir='ltr'><strong>hominum</strong></span> <span class='ocrx_word' id='word_1_368' title='bbox 1231 2904 1298 2959; x_wconf 90' lang='lat' dir='ltr'><strong>de</strong></span> <span class='ocrx_word' id='word_1_369' title='bbox 1327 2904 1465 2958; x_wconf 88' lang='lat' dir='ltr'><strong>mari</strong></span> <span class='ocrx_word' id='word_1_370' title='bbox 1508 2903 1669 2973; x_wconf 89' lang='lat' dir='ltr'><strong>hujus</strong></span> <span class='ocrx_word' id='word_1_371' title='bbox 1698 2902 1884 2957; x_wconf 75' lang='lat' dir='ltr'><strong>szeculi</strong></span> <span class='ocrx_word' id='word_1_372' title='bbox 1905 2908 2099 2955; x_wconf 81' lang='lat' dir='ltr'><strong>extra—</strong></span> 
     </span>
    </p>
   </div>
   <div class='ocr_carea' id='block_1_46' title="bbox 513 2990 2103 3063">
    <p class='ocr_par' dir='ltr' id='par_1_46' title="bbox 513 2990 2103 3063">
     <span class='ocr_line' id='line_1_46' title="bbox 513 2990 2103 3063; baseline -0.006 -9"><span class='ocrx_word' id='word_1_373' title='bbox 513 3000 664 3055; x_wconf 90' lang='lat' dir='ltr'><strong>hitur</strong></span> <span class='ocrx_word' id='word_1_374' title='bbox 697 2997 766 3053; x_wconf 83' lang='lat' dir='ltr'><strong>ad</strong></span> <span class='ocrx_word' id='word_1_375' title='bbox 792 2996 1038 3052; x_wconf 87' lang='lat' dir='ltr'><strong>salutem.</strong></span> <span class='ocrx_word' id='word_1_376' title='bbox 1074 2994 1227 3063; x_wconf 84' lang='lat' dir='ltr'><strong>Quod</strong></span> <span class='ocrx_word' id='word_1_377' title='bbox 1276 3002 1456 3050; x_wconf 91' lang='lat' dir='ltr'><strong>autem</strong></span> <span class='ocrx_word' id='word_1_378' title='bbox 1502 2993 1782 3063; x_wconf 90' lang='lat' dir='ltr'><strong>sequitur:</strong></span> <span class='ocrx_word' id='word_1_379' title='bbox 1812 3010 1831 3044; x_wconf 83' lang='grc'><strong>‹</strong></span> <span class='ocrx_word' id='word_1_380' title='bbox 1870 2993 1929 3047; x_wconf 91' lang='lat' dir='ltr'><strong>In</strong></span> <span class='ocrx_word' id='word_1_381' title='bbox 1955 2990 2103 3046; x_wconf 87' lang='lat' dir='ltr'><strong>litto-</strong></span> 
     </span>
    </p>
   </div>
   <div class='ocr_carea' id='block_1_47' title="bbox 516 3082 2100 3157">
    <p class='ocr_par' dir='ltr' id='par_1_47' title="bbox 516 3082 2100 3157">
     <span class='ocr_line' id='line_1_47' title="bbox 516 3082 2100 3157; baseline -0.009 -10"><span class='ocrx_word' id='word_1_382' title='bbox 516 3092 666 3147; x_wconf 88' lang='lat' dir='ltr'><strong>ribus</strong></span> <span class='ocrx_word' id='word_1_383' title='bbox 687 3087 825 3157; x_wconf 90' lang='lat' dir='ltr'><strong>ejus,</strong></span> <span class='ocrx_word' id='word_1_384' title='bbox 856 3096 913 3143; x_wconf 91' lang='lat' dir='ltr'><strong>et</strong></span> <span class='ocrx_word' id='word_1_385' title='bbox 941 3087 996 3140; x_wconf 90' lang='lat' dir='ltr'><strong>in</strong></span> <span class='ocrx_word' id='word_1_386' title='bbox 1028 3084 1379 3155; x_wconf 85' lang='lat' dir='ltr'><strong>palustribus,</strong></span> <span class='ocrx_word' id='word_1_387' title='bbox 1408 3105 1425 3137; x_wconf 76' lang='grc' dir='ltr'><strong>ι</strong></span> <span class='ocrx_word' id='word_1_388' title='bbox 1468 3085 1583 3139; x_wconf 89' lang='lat' dir='ltr'><strong>sive</strong></span> <span class='ocrx_word' id='word_1_389' title='bbox 1607 3084 1661 3137; x_wconf 93' lang='lat' dir='ltr'><strong>in</strong></span> <span class='ocrx_word' id='word_1_390' title='bbox 1689 3082 1773 3137; x_wconf 90' lang='lat' dir='ltr'><strong>his</strong></span> <span class='ocrx_word' id='word_1_391' title='bbox 1804 3098 1924 3151; x_wconf 70' lang='lat' dir='ltr'><strong>qua:</strong></span> <span class='ocrx_word' id='word_1_392' title='bbox 1944 3089 2100 3136; x_wconf 84' lang='lat' dir='ltr'><strong>extra</strong></span> 
     </span>
    </p>
   </div>
   <div class='ocr_carea' id='block_1_48' title="bbox 2183 1875 3774 1955">
    <p class='ocr_par' dir='ltr' id='par_1_48' title="bbox 2183 1875 3774 1955">
     <span class='ocr_line' id='line_1_48' title="bbox 2183 1875 3774 1955; baseline -0.008 -14"><span class='ocrx_word' id='word_1_393' title='bbox 2183 1899 2399 1941; x_wconf 89' lang='lat' dir='ltr'><strong>menses</strong></span> <span class='ocrx_word' id='word_1_394' title='bbox 2455 1882 2682 1955; x_wconf 88' lang='lat' dir='ltr'><strong>singulis</strong></span> <span class='ocrx_word' id='word_1_395' title='bbox 2729 1880 2989 1952; x_wconf 87' lang='lat' dir='ltr'><strong>apostolis</strong></span> <span class='ocrx_word' id='word_1_396' title='bbox 3034 1880 3377 1949; x_wconf 83' lang='lat' dir='ltr'><strong>deputentur.</strong></span> <span class='ocrx_word' id='word_1_397' title='bbox 3429 1875 3543 1931; x_wconf 85' lang='lat' dir='ltr'><strong>iloe</strong></span> <span class='ocrx_word' id='word_1_398' title='bbox 3592 1884 3774 1930; x_wconf 87' lang='lat' dir='ltr'><strong>autem</strong></span> 
     </span>
    </p>
   </div>
   <div class='ocr_carea' id='block_1_49' title="bbox 2185 1966 3775 2044">
    <p class='ocr_par' dir='ltr' id='par_1_49' title="bbox 2185 1966 3775 2044">
     <span class='ocr_line' id='line_1_49' title="bbox 2185 1966 3775 2044; baseline -0.01 -11"><span class='ocrx_word' id='word_1_399' title='bbox 2185 1976 2421 2042; x_wconf 85' lang='lat' dir='ltr'><strong>eveniet,</strong></span> <span class='ocrx_word' id='word_1_400' title='bbox 2475 1994 2491 2025; x_wconf 81' lang='grc' dir='ltr'><strong>ι</strong></span> <span class='ocrx_word' id='word_1_401' title='bbox 2546 1974 2799 2044; x_wconf 90' lang='lat' dir='ltr'><strong>quoniam</strong></span> <span class='ocrx_word' id='word_1_402' title='bbox 2830 1986 2986 2039; x_wconf 67' lang='lat' dir='ltr'><strong>aqua:</strong></span> <span class='ocrx_word' id='word_1_403' title='bbox 3016 1969 3132 2038; x_wconf 89' lang='lat' dir='ltr'><strong>ejus</strong></span> <span class='ocrx_word' id='word_1_404' title='bbox 3173 1968 3239 2023; x_wconf 89' lang='lat' dir='ltr'><strong>de</strong></span> <span class='ocrx_word' id='word_1_405' title='bbox 3281 1966 3592 2023; x_wconf 87' lang='lat' dir='ltr'><strong>sanetuario</strong></span> <span class='ocrx_word' id='word_1_406' title='bbox 3620 1980 3775 2035; x_wconf 83' lang='lat' dir='ltr'><strong>egre-</strong></span> 
     </span>
    </p>
   </div>
   <div class='ocr_carea' id='block_1_50' title="bbox 2186 2059 3777 2135">
    <p class='ocr_par' dir='ltr' id='par_1_50' title="bbox 2186 2059 3777 2135">
     <span class='ocr_line' id='line_1_50' title="bbox 2186 2059 3777 2135; baseline -0.01 -10"><span class='ocrx_word' id='word_1_407' title='bbox 2186 2071 2423 2125; x_wconf 85' lang='lat' dir='ltr'><strong>dientur.</strong></span> <span class='ocrx_word' id='word_1_408' title='bbox 2456 2087 2475 2119; x_wconf 73' lang='grc' dir='ltr'><strong>ι</strong></span> <span class='ocrx_word' id='word_1_409' title='bbox 2493 2066 2570 2121; x_wconf 88' lang='lat' dir='ltr'><strong>Ne</strong></span> <span class='ocrx_word' id='word_1_410' title='bbox 2599 2074 2850 2135; x_wconf 88' lang='lat' dir='ltr'><strong>putemus</strong></span> <span class='ocrx_word' id='word_1_411' title='bbox 2876 2064 3113 2133; x_wconf 85' lang='lat' dir='ltr'><strong>riparum</strong></span> <span class='ocrx_word' id='word_1_412' title='bbox 3139 2075 3261 2116; x_wconf 89' lang='lat' dir='ltr'><strong>esse</strong></span> <span class='ocrx_word' id='word_1_413' title='bbox 3291 2059 3371 2114; x_wconf 90' lang='lat' dir='ltr'><strong>vel</strong></span> <span class='ocrx_word' id='word_1_414' title='bbox 3395 2060 3652 2113; x_wconf 88' lang='lat' dir='ltr'><strong>arborum</strong></span> <span class='ocrx_word' id='word_1_415' title='bbox 3684 2065 3777 2124; x_wconf 75' lang='lat' dir='ltr'><strong>apt</strong></span> 
     </span>
    </p>
   </div>
   <div class='ocr_carea' id='block_1_51' title="bbox 2187 2150 3777 2227">
    <p class='ocr_par' dir='ltr' id='par_1_51' title="bbox 2187 2150 3777 2227">
     <span class='ocr_line' id='line_1_51' title="bbox 2187 2150 3777 2227; baseline -0.011 -9"><span class='ocrx_word' id='word_1_416' title='bbox 2187 2162 2454 2217; x_wconf 89' lang='lat' dir='ltr'><strong>mensium</strong></span> <span class='ocrx_word' id='word_1_417' title='bbox 2514 2168 2791 2214; x_wconf 88' lang='lat' dir='ltr'><strong>tantarum</strong></span> <span class='ocrx_word' id='word_1_418' title='bbox 2847 2156 3060 2227; x_wconf 82' lang='lat' dir='ltr'><strong>frugum</strong></span> <span class='ocrx_word' id='word_1_419' title='bbox 3114 2152 3549 2213; x_wconf 88' lang='lat' dir='ltr'><strong>abundantiam,</strong></span> <span class='ocrx_word' id='word_1_420' title='bbox 3600 2150 3777 2204; x_wconf 79' lang='lat' dir='ltr'><strong>reddit</strong></span> 
     </span>
    </p>
   </div>
   <div class='ocr_carea' id='block_1_52' title="bbox 2188 2243 3779 2316">
    <p class='ocr_par' dir='ltr' id='par_1_52' title="bbox 2188 2243 3779 2316">
     <span class='ocr_line' id='line_1_52' title="bbox 2188 2243 3779 2316; baseline -0.009 -7"><span class='ocrx_word' id='word_1_421' title='bbox 2188 2268 2378 2309; x_wconf 87' lang='lat' dir='ltr'><strong>causas</strong></span> <span class='ocrx_word' id='word_1_422' title='bbox 2401 2250 2666 2307; x_wconf 89' lang='lat' dir='ltr'><strong>ubertatis</strong></span> <span class='ocrx_word' id='word_1_423' title='bbox 2687 2257 2741 2305; x_wconf 92' lang='lat' dir='ltr'><strong>et</strong></span> <span class='ocrx_word' id='word_1_424' title='bbox 2772 2248 2954 2313; x_wconf 82' lang='lat' dir='ltr'><strong>infert,</strong></span> <span class='ocrx_word' id='word_1_425' title='bbox 2976 2246 3101 2316; x_wconf 87' lang='lat' dir='ltr'><strong>quia</strong></span> <span class='ocrx_word' id='word_1_426' title='bbox 3121 2260 3275 2315; x_wconf 66' lang='lat' dir='ltr'><strong>aquae</strong></span> <span class='ocrx_word' id='word_1_427' title='bbox 3305 2243 3423 2313; x_wconf 91' lang='lat' dir='ltr'><strong>ejus</strong></span> <span class='ocrx_word' id='word_1_428' title='bbox 3442 2244 3509 2298; x_wconf 93' lang='lat' dir='ltr'><strong>de</strong></span> <span class='ocrx_word' id='word_1_429' title='bbox 3530 2250 3779 2298; x_wconf 80' lang='lat' dir='ltr'><strong>sanctua-</strong></span> 
     </span>
    </p>
   </div>
   <div class='ocr_carea' id='block_1_53' title="bbox 2191 2335 3777 2419">
    <p class='ocr_par' dir='ltr' id='par_1_53' title="bbox 2191 2335 3777 2419">
     <span class='ocr_line' id='line_1_53' title="bbox 2191 2335 3777 2419; baseline -0.009 -16"><span class='ocrx_word' id='word_1_430' title='bbox 2191 2349 2273 2404; x_wconf 89' lang='lat' dir='ltr'><strong>rio</strong></span> <span class='ocrx_word' id='word_1_431' title='bbox 2297 2346 2660 2419; x_wconf 87' lang='lat' dir='ltr'><strong>egredientur.</strong></span> <span class='ocrx_word' id='word_1_432' title='bbox 2690 2362 2707 2395; x_wconf 75' lang='grc' dir='ltr'><strong>ι</strong></span> <span class='ocrx_word' id='word_1_433' title='bbox 2738 2342 2853 2397; x_wconf 86' lang='lat' dir='ltr'><strong>Non</strong></span> <span class='ocrx_word' id='word_1_434' title='bbox 2883 2355 3012 2411; x_wconf 87' lang='lat' dir='ltr'><strong>ergo</strong></span> <span class='ocrx_word' id='word_1_435' title='bbox 3034 2339 3267 2394; x_wconf 89' lang='lat' dir='ltr'><strong>volentis</strong></span> <span class='ocrx_word' id='word_1_436' title='bbox 3293 2352 3468 2409; x_wconf 85' lang='lat' dir='ltr'><strong>neque</strong></span> <span class='ocrx_word' id='word_1_437' title='bbox 3489 2335 3777 2398; x_wconf 88' lang='lat' dir='ltr'><strong>currentis,</strong></span> 
     </span>
    </p>
   </div>
   <div class='ocr_carea' id='block_1_54' title="bbox 2154 2424 3779 2501">
    <p class='ocr_par' dir='ltr' id='par_1_54' title="bbox 2154 2424 3779 2501">
     <span class='ocr_line' id='line_1_54' title="bbox 2154 2424 3779 2501; baseline -0.01 -7"><span class='ocrx_word' id='word_1_438' title='bbox 2154 2448 2158 2453; x_wconf 83' lang='lat'>‘</span> <span class='ocrx_word' id='word_1_439' title='bbox 2192 2438 2285 2493; x_wconf 90' lang='lat' dir='ltr'><strong>sed</strong></span> <span class='ocrx_word' id='word_1_440' title='bbox 2314 2434 2624 2491; x_wconf 90' lang='lat' dir='ltr'><strong>miserentis</strong></span> <span class='ocrx_word' id='word_1_441' title='bbox 2649 2441 2734 2487; x_wconf 89' lang='lat' dir='ltr'><strong>est</strong></span> <span class='ocrx_word' id='word_1_442' title='bbox 2776 2431 2874 2485; x_wconf 90' lang='lat' dir='ltr'><strong>Dei</strong></span> <span class='ocrx_word' id='word_1_443' title='bbox 2912 2429 3092 2501; x_wconf 83' lang='lat' dir='ltr'><strong>(Rom.</strong></span> <span class='ocrx_word' id='word_1_444' title='bbox 3120 2427 3219 2493; x_wconf 78' lang='lat' dir='ltr'><strong>ix).</strong></span> <span class='ocrx_word' id='word_1_445' title='bbox 3258 2447 3275 2479; x_wconf 73' lang='grc' dir='ltr'><strong>ι</strong></span> <span class='ocrx_word' id='word_1_446' title='bbox 3310 2427 3513 2482; x_wconf 83' lang='lat' dir='ltr'><strong>Horum</strong></span> <span class='ocrx_word' id='word_1_447' title='bbox 3538 2424 3779 2480; x_wconf 89' lang='lat' dir='ltr'><strong>omnium</strong></span> 
     </span>
    </p>
   </div>
   <div class='ocr_carea' id='block_1_55' title="bbox 2192 2514 3781 2601">
    <p class='ocr_par' dir='ltr' id='par_1_55' title="bbox 2192 2514 3781 2601">
     <span class='ocr_line' id='line_1_55' title="bbox 2192 2514 3781 2601; baseline -0.01 -18"><span class='ocrx_word' id='word_1_448' title='bbox 2192 2530 2459 2601; x_wconf 89' lang='lat' dir='ltr'><strong>lignorum</strong></span> <span class='ocrx_word' id='word_1_449' title='bbox 2485 2526 2851 2598; x_wconf 89' lang='lat' dir='ltr'><strong>principatum</strong></span> <span class='ocrx_word' id='word_1_450' title='bbox 2894 2529 3041 2577; x_wconf 89' lang='lat' dir='ltr'><strong>tenet</strong></span> <span class='ocrx_word' id='word_1_451' title='bbox 3074 2521 3277 2591; x_wconf 89' lang='lat' dir='ltr'><strong>lignum</strong></span> <span class='ocrx_word' id='word_1_452' title='bbox 3314 2519 3455 2580; x_wconf 68' lang='lat' dir='ltr'><strong>vitae,</strong></span> <span class='ocrx_word' id='word_1_453' title='bbox 3512 2516 3656 2585; x_wconf 90' lang='lat' dir='ltr'><strong>quod</strong></span> <span class='ocrx_word' id='word_1_454' title='bbox 3701 2514 3781 2571; x_wconf 76' lang='lat' dir='ltr'><strong>in-</strong></span> 
     </span>
    </p>
   </div>
   <div class='ocr_carea' id='block_1_56' title="bbox 2196 2606 3776 2693">
    <p class='ocr_par' dir='ltr' id='par_1_56' title="bbox 2196 2606 3776 2693">
     <span class='ocr_line' id='line_1_56' title="bbox 2196 2606 3776 2693; baseline -0.011 -18"><span class='ocrx_word' id='word_1_455' title='bbox 2196 2620 2455 2693; x_wconf 91' lang='lat' dir='ltr'><strong>telligitur</strong></span> <span class='ocrx_word' id='word_1_456' title='bbox 2495 2615 2783 2688; x_wconf 87' lang='lat' dir='ltr'><strong>sapientia,</strong></span> <span class='ocrx_word' id='word_1_457' title='bbox 2816 2614 2883 2669; x_wconf 88' lang='lat' dir='ltr'><strong>de</strong></span> <span class='ocrx_word' id='word_1_458' title='bbox 2914 2627 3019 2683; x_wconf 91' lang='lat' dir='ltr'><strong>qua</strong></span> <span class='ocrx_word' id='word_1_459' title='bbox 3050 2612 3310 2681; x_wconf 89' lang='lat' dir='ltr'><strong>scriptum</strong></span> <span class='ocrx_word' id='word_1_460' title='bbox 3339 2616 3459 2663; x_wconf 88' lang='lat' dir='ltr'><strong>est:</strong></span> <span class='ocrx_word' id='word_1_461' title='bbox 3498 2625 3517 2658; x_wconf 85' lang='grc'><em>‹</em></span> <span class='ocrx_word' id='word_1_462' title='bbox 3552 2606 3776 2677; x_wconf 84' lang='lat' dir='ltr'><strong>Lignum</strong></span> 
     </span>
    </p>
   </div>
   <div class='ocr_carea' id='block_1_57' title="bbox 2197 2693 3777 2771">
    <p class='ocr_par' dir='ltr' id='par_1_57' title="bbox 2197 2693 3777 2771">
     <span class='ocr_line' id='line_1_57' title="bbox 2197 2693 3777 2771; baseline -0.014 -2"><span class='ocrx_word' id='word_1_463' title='bbox 2197 2715 2320 2769; x_wconf 69' lang='lat' dir='ltr'><strong>vitae</strong></span> <span class='ocrx_word' id='word_1_464' title='bbox 2344 2720 2427 2767; x_wconf 89' lang='lat' dir='ltr'><strong>est</strong></span> <span class='ocrx_word' id='word_1_465' title='bbox 2458 2710 2711 2766; x_wconf 89' lang='lat' dir='ltr'><strong>omnibus</strong></span> <span class='ocrx_word' id='word_1_466' title='bbox 2739 2693 3087 2762; x_wconf 77' lang='lat' dir='ltr'><strong>credentibus</strong></span> <span class='ocrx_word' id='word_1_467' title='bbox 3122 2704 3175 2757; x_wconf 92' lang='lat' dir='ltr'><strong>in</strong></span> <span class='ocrx_word' id='word_1_468' title='bbox 3203 2718 3268 2757; x_wconf 88' lang='lat' dir='ltr'><strong>ea</strong></span> <span class='ocrx_word' id='word_1_469' title='bbox 3299 2698 3484 2771; x_wconf 84' lang='lat' dir='ltr'><strong>(Prov.</strong></span> <span class='ocrx_word' id='word_1_470' title='bbox 3513 2699 3617 2769; x_wconf 88' lang='grc' dir='ltr'>ιιι).</span> <span class='ocrx_word' id='word_1_471' title='bbox 3658 2716 3679 2749; x_wconf 77' lang='grc' dir='ltr'><strong>ι</strong></span> <span class='ocrx_word' id='word_1_472' title='bbox 3713 2695 3777 2751; x_wconf 86' lang='grc'><strong>11-</strong></span> 
     </span>
    </p>
   </div>
   <div class='ocr_carea' id='block_1_58' title="bbox 2198 2786 3779 2875">
    <p class='ocr_par' dir='ltr' id='par_1_58' title="bbox 2198 2786 3779 2875">
     <span class='ocr_line' id='line_1_58' title="bbox 2198 2786 3779 2875; baseline -0.014 -14"><span class='ocrx_word' id='word_1_473' title='bbox 2198 2806 2395 2875; x_wconf 89' lang='lat' dir='ltr'><strong>ludque</strong></span> <span class='ocrx_word' id='word_1_474' title='bbox 2423 2802 2565 2873; x_wconf 92' lang='lat' dir='ltr'><strong>quod</strong></span> <span class='ocrx_word' id='word_1_475' title='bbox 2588 2800 2825 2856; x_wconf 89' lang='lat' dir='ltr'><strong>dicitur:</strong></span> <span class='ocrx_word' id='word_1_476' title='bbox 2864 2817 2880 2848; x_wconf 85' lang='grc'><strong>‹</strong></span> <span class='ocrx_word' id='word_1_477' title='bbox 2928 2796 2995 2849; x_wconf 84' lang='lat' dir='ltr'><strong>Et</strong></span> <span class='ocrx_word' id='word_1_478' title='bbox 3023 2800 3186 2848; x_wconf 89' lang='lat' dir='ltr'><strong>erunt</strong></span> <span class='ocrx_word' id='word_1_479' title='bbox 3233 2790 3442 2846; x_wconf 83' lang='lat' dir='ltr'><strong>fructus</strong></span> <span class='ocrx_word' id='word_1_480' title='bbox 3468 2788 3586 2856; x_wconf 87' lang='lat' dir='ltr'><strong>ejus</strong></span> <span class='ocrx_word' id='word_1_481' title='bbox 3606 2789 3664 2841; x_wconf 92' lang='lat' dir='ltr'><strong>in</strong></span> <span class='ocrx_word' id='word_1_482' title='bbox 3704 2786 3779 2841; x_wconf 56' lang='lat' dir='ltr'><strong>civ</strong></span> 
     </span>
    </p>
   </div>
   <div class='ocr_carea' id='block_1_59' title="bbox 2199 2878 3783 2963">
    <p class='ocr_par' dir='ltr' id='par_1_59' title="bbox 2199 2878 3783 2963">
     <span class='ocr_line' id='line_1_59' title="bbox 2199 2878 3783 2963; baseline -0.014 -9"><span class='ocrx_word' id='word_1_483' title='bbox 2199 2900 2346 2963; x_wconf 89' lang='lat' dir='ltr'><strong>bum,</strong></span> <span class='ocrx_word' id='word_1_484' title='bbox 2374 2905 2431 2951; x_wconf 90' lang='lat' dir='ltr'><strong>et</strong></span> <span class='ocrx_word' id='word_1_485' title='bbox 2471 2894 2659 2949; x_wconf 81' lang='lat' dir='ltr'><strong>folium</strong></span> <span class='ocrx_word' id='word_1_486' title='bbox 2685 2890 2802 2960; x_wconf 91' lang='lat' dir='ltr'><strong>ejus</strong></span> <span class='ocrx_word' id='word_1_487' title='bbox 2822 2888 2889 2943; x_wconf 90' lang='lat' dir='ltr'><strong>ad</strong></span> <span class='ocrx_word' id='word_1_488' title='bbox 2920 2878 3268 2947; x_wconf 82' lang='lat' dir='ltr'><strong>medicinam,</strong></span> <span class='ocrx_word' id='word_1_489' title='bbox 3324 2901 3343 2935; x_wconf 74' lang='grc' dir='ltr'><strong>ι</strong></span> <span class='ocrx_word' id='word_1_490' title='bbox 3374 2881 3685 2936; x_wconf 87' lang='lat' dir='ltr'><strong>divinorum</strong></span> <span class='ocrx_word' id='word_1_491' title='bbox 3723 2878 3783 2932; x_wconf 76' lang='lat' dir='ltr'><strong>li-</strong></span> 
     </span>
    </p>
   </div>
   <div class='ocr_carea' id='block_1_60' title="bbox 2200 2972 3783 3048">
    <p class='ocr_par' dir='ltr' id='par_1_60' title="bbox 2200 2972 3783 3048">
     <span class='ocr_line' id='line_1_60' title="bbox 2200 2972 3783 3048; baseline -0.015 0"><span class='ocrx_word' id='word_1_492' title='bbox 2200 2993 2423 3048; x_wconf 89' lang='lat' dir='ltr'><strong>brorum</strong></span> <span class='ocrx_word' id='word_1_493' title='bbox 2466 2990 2805 3043; x_wconf 86' lang='lat' dir='ltr'><strong>sacramenta</strong></span> <span class='ocrx_word' id='word_1_494' title='bbox 2852 2983 3213 3042; x_wconf 88' lang='lat' dir='ltr'><strong>demonstrat,</strong></span> <span class='ocrx_word' id='word_1_495' title='bbox 3262 2990 3497 3047; x_wconf 89' lang='lat' dir='ltr'><strong>quorum</strong></span> <span class='ocrx_word' id='word_1_496' title='bbox 3558 2972 3783 3027; x_wconf 87' lang='lat' dir='ltr'><strong>alterum</strong></span> 
     </span>
    </p>
   </div>
   <div class='ocr_carea' id='block_1_61' title="bbox 2200 3064 3785 3154">
    <p class='ocr_par' dir='ltr' id='par_1_61' title="bbox 2200 3064 3785 3154">
     <span class='ocr_line' id='line_1_61' title="bbox 2200 3064 3785 3154; baseline -0.014 -16"><span class='ocrx_word' id='word_1_497' title='bbox 2200 3084 2437 3154; x_wconf 77' lang='lat' dir='ltr'><strong>pertinet</strong></span> <span class='ocrx_word' id='word_1_498' title='bbox 2466 3079 2533 3135; x_wconf 90' lang='lat' dir='ltr'><strong>ad</strong></span> <span class='ocrx_word' id='word_1_499' title='bbox 2562 3078 2818 3138; x_wconf 89' lang='lat' dir='ltr'><strong>litteram,</strong></span> <span class='ocrx_word' id='word_1_500' title='bbox 2860 3073 3091 3126; x_wconf 86' lang='lat' dir='ltr'><strong>alterum</strong></span> <span class='ocrx_word' id='word_1_501' title='bbox 3137 3070 3205 3125; x_wconf 92' lang='lat' dir='ltr'><strong>ad</strong></span> <span class='ocrx_word' id='word_1_502' title='bbox 3228 3067 3503 3139; x_wconf 89' lang='lat' dir='ltr'><strong>spiritum,</strong></span> <span class='ocrx_word' id='word_1_503' title='bbox 3539 3074 3599 3119; x_wconf 89' lang='lat' dir='ltr'><strong>ut</strong></span> <span class='ocrx_word' id='word_1_504' title='bbox 3624 3064 3785 3117; x_wconf 86' lang='lat' dir='ltr'><strong>verba</strong></span> 
     </span>
    </p>
   </div>
   <div class='ocr_carea' id='block_1_62' title="bbox 514 3156 3784 3248">
    <p class='ocr_par' dir='ltr' id='par_1_62' title="bbox 514 3156 3784 3248">
     <span class='ocr_line' id='line_1_62' title="bbox 514 3156 3784 3248; baseline -0.009 -13"><span class='ocrx_word' id='word_1_505' title='bbox 514 3156 755 3235; x_wconf 43' lang='lat' dir='ltr'><strong>littora}</strong></span> <span class='ocrx_word' id='word_1_506' title='bbox 793 3176 1163 3248; x_wconf 85' lang='lat' dir='ltr'><strong>egrediuntur,</strong></span> <span class='ocrx_word' id='word_1_507' title='bbox 1199 3190 1351 3244; x_wconf 62' lang='lat' dir='ltr'><strong>aqua:</strong></span> <span class='ocrx_word' id='word_1_508' title='bbox 1389 3190 1494 3229; x_wconf 90' lang='lat' dir='ltr'><strong>non</strong></span> <span class='ocrx_word' id='word_1_509' title='bbox 1533 3174 1889 3238; x_wconf 88' lang='lat' dir='ltr'><strong>sanabuntur,</strong></span> <span class='ocrx_word' id='word_1_510' title='bbox 1922 3190 1941 3222; x_wconf 73' lang='grc' dir='ltr'><strong>ι</strong></span> <span class='ocrx_word' id='word_1_511' title='bbox 1971 3169 2099 3224; x_wconf 89' lang='lat' dir='ltr'><strong>illud</strong></span> <span class='ocrx_word' id='word_1_512' title='bbox 2128 3186 2172 3247; x_wconf 73' lang='grc' dir='ltr'><strong>ρ</strong></span> <span class='ocrx_word' id='word_1_513' title='bbox 2205 3170 2467 3240; x_wconf 88' lang='lat' dir='ltr'><strong>simplicia</strong></span> <span class='ocrx_word' id='word_1_514' title='bbox 2526 3166 2889 3236; x_wconf 84' lang='lat' dir='ltr'><strong>intelligamus</strong></span> <span class='ocrx_word' id='word_1_515' title='bbox 2947 3162 3000 3215; x_wconf 91' lang='lat' dir='ltr'><strong>in</strong></span> <span class='ocrx_word' id='word_1_516' title='bbox 3052 3159 3214 3223; x_wconf 78' lang='lat' dir='ltr'><strong>foliis,</strong></span> <span class='ocrx_word' id='word_1_517' title='bbox 3274 3159 3329 3213; x_wconf 88' lang='lat' dir='ltr'><strong>in</strong></span> <span class='ocrx_word' id='word_1_518' title='bbox 3358 3156 3626 3211; x_wconf 82' lang='lat' dir='ltr'><strong>fructibus</strong></span> <span class='ocrx_word' id='word_1_519' title='bbox 3662 3168 3784 3207; x_wconf 83' lang='lat' dir='ltr'><strong>vero</strong></span> 
     </span>
    </p>
   </div>
   <div class='ocr_carea' id='block_1_63' title="bbox 517 3260 2097 3337">
    <p class='ocr_par' dir='ltr' id='par_1_63' title="bbox 517 3260 2097 3337">
     <span class='ocr_line' id='line_1_63' title="bbox 517 3260 2097 3337; baseline -0.008 -11"><span class='ocrx_word' id='word_1_520' title='bbox 517 3272 753 3326; x_wconf 89' lang='lat' dir='ltr'><strong>latenter</strong></span> <span class='ocrx_word' id='word_1_521' title='bbox 779 3268 1036 3334; x_wconf 90' lang='lat' dir='ltr'><strong>ostendit,</strong></span> <span class='ocrx_word' id='word_1_522' title='bbox 1078 3267 1223 3335; x_wconf 93' lang='lat' dir='ltr'><strong>quod</strong></span> <span class='ocrx_word' id='word_1_523' title='bbox 1247 3267 1339 3337; x_wconf 93' lang='lat' dir='ltr'><strong>qui</strong></span> <span class='ocrx_word' id='word_1_524' title='bbox 1389 3267 1443 3319; x_wconf 93' lang='lat' dir='ltr'><strong>in</strong></span> <span class='ocrx_word' id='word_1_525' title='bbox 1469 3263 1581 3319; x_wconf 84' lang='grc' dir='ltr'><strong>Νοέ</strong></span> <span class='ocrx_word' id='word_1_526' title='bbox 1610 3279 1738 3317; x_wconf 89' lang='lat' dir='ltr'><strong>area</strong></span> <span class='ocrx_word' id='word_1_527' title='bbox 1771 3277 1876 3317; x_wconf 90' lang='lat' dir='ltr'><strong>non</strong></span> <span class='ocrx_word' id='word_1_528' title='bbox 1912 3260 2097 3325; x_wconf 81' lang='lat' dir='ltr'><strong>fuerit,</strong></span> 
     </span>
    </p>
   </div>
   <div class='ocr_carea' id='block_1_64' title="bbox 521 3352 2105 3431">
    <p class='ocr_par' dir='ltr' id='par_1_64' title="bbox 521 3352 2105 3431">
     <span class='ocr_line' id='line_1_64' title="bbox 521 3352 2105 3431; baseline -0.006 -16"><span class='ocrx_word' id='word_1_529' title='bbox 521 3368 705 3431; x_wconf 88' lang='lat' dir='ltr'><strong>pereat</strong></span> <span class='ocrx_word' id='word_1_530' title='bbox 746 3368 1008 3429; x_wconf 88' lang='lat' dir='ltr'><strong>regnante</strong></span> <span class='ocrx_word' id='word_1_531' title='bbox 1037 3357 1257 3423; x_wconf 89' lang='lat' dir='ltr'><strong>diluvio,</strong></span> <span class='ocrx_word' id='word_1_532' title='bbox 1284 3364 1339 3412; x_wconf 90' lang='lat' dir='ltr'><strong>et</strong></span> <span class='ocrx_word' id='word_1_533' title='bbox 1373 3370 1507 3424; x_wconf 91' lang='lat' dir='ltr'><strong>quos</strong></span> <span class='ocrx_word' id='word_1_534' title='bbox 1535 3355 1636 3409; x_wconf 90' lang='lat' dir='ltr'><strong>iste</strong></span> <span class='ocrx_word' id='word_1_535' title='bbox 1663 3352 1854 3407; x_wconf 89' lang='lat' dir='ltr'><strong>ﬂuvius</strong></span> <span class='ocrx_word' id='word_1_536' title='bbox 1884 3366 1989 3407; x_wconf 91' lang='lat' dir='ltr'><strong>non</strong></span> <span class='ocrx_word' id='word_1_537' title='bbox 2021 3359 2105 3405; x_wconf 86' lang='lat' dir='ltr'><strong>at-</strong></span> 
     </span>
    </p>
   </div>
   <div class='ocr_carea' id='block_1_65' title="bbox 520 3443 2099 3523">
    <p class='ocr_par' dir='ltr' id='par_1_65' title="bbox 520 3443 2099 3523">
     <span class='ocr_line' id='line_1_65' title="bbox 520 3443 2099 3523; baseline -0.005 -19"><span class='ocrx_word' id='word_1_538' title='bbox 520 3450 727 3523; x_wconf 86' lang='lat' dir='ltr'><strong>tigerit,</strong></span> <span class='ocrx_word' id='word_1_539' title='bbox 752 3459 858 3504; x_wconf 83' lang='lat' dir='ltr'><strong>non</strong></span> <span class='ocrx_word' id='word_1_540' title='bbox 898 3448 1192 3517; x_wconf 87' lang='lat' dir='ltr'><strong>suscipiant</strong></span> <span class='ocrx_word' id='word_1_541' title='bbox 1243 3447 1553 3503; x_wconf 88' lang='lat' dir='ltr'><strong>sanitatem.</strong></span> <span class='ocrx_word' id='word_1_542' title='bbox 1584 3463 1601 3495; x_wconf 87' lang='grc'><strong><em>‹</em></strong></span> <span class='ocrx_word' id='word_1_543' title='bbox 1657 3443 1762 3499; x_wconf 89' lang='lat' dir='ltr'><strong>Sed</strong></span> <span class='ocrx_word' id='word_1_544' title='bbox 1794 3443 1847 3497; x_wconf 92' lang='lat' dir='ltr'><strong>in</strong></span> <span class='ocrx_word' id='word_1_545' title='bbox 1878 3443 2099 3507; x_wconf 87' lang='lat' dir='ltr'><strong>salinas,</strong></span> 
     </span>
    </p>
   </div>
   <div class='ocr_carea' id='block_1_66' title="bbox 523 3536 2099 3611">
    <p class='ocr_par' dir='ltr' id='par_1_66' title="bbox 523 3536 2099 3611">
     <span class='ocr_line' id='line_1_66' title="bbox 523 3536 2099 3611; baseline -0.003 -15"><span class='ocrx_word' id='word_1_546' title='bbox 523 3543 719 3611; x_wconf 89' lang='lat' dir='ltr'><strong>inquit,</strong></span> <span class='ocrx_word' id='word_1_547' title='bbox 752 3540 1059 3605; x_wconf 84' lang='lat' dir='ltr'><strong>dabuntur;</strong></span> <span class='ocrx_word' id='word_1_548' title='bbox 1091 3560 1109 3593; x_wconf 78' lang='grc' dir='ltr'><strong>ι</strong></span> <span class='ocrx_word' id='word_1_549' title='bbox 1154 3540 1307 3611; x_wconf 81' lang='lat' dir='ltr'><strong>juxta</strong></span> <span class='ocrx_word' id='word_1_550' title='bbox 1358 3538 1487 3592; x_wconf 90' lang='lat' dir='ltr'><strong>illud</strong></span> <span class='ocrx_word' id='word_1_551' title='bbox 1528 3536 1669 3607; x_wconf 90' lang='lat' dir='ltr'><strong>quod</strong></span> <span class='ocrx_word' id='word_1_552' title='bbox 1700 3536 1958 3606; x_wconf 87' lang='lat' dir='ltr'><strong>scriptum</strong></span> <span class='ocrx_word' id='word_1_553' title='bbox 1982 3546 2099 3592; x_wconf 90' lang='lat' dir='ltr'><strong>est:</strong></span> 
     </span>
    </p>
   </div>
   <div class='ocr_carea' id='block_1_67' title="bbox 529 3628 2104 3703">
    <p class='ocr_par' dir='ltr' id='par_1_67' title="bbox 529 3628 2104 3703">
     <span class='ocr_line' id='line_1_67' title="bbox 529 3628 2104 3703; baseline 0.001 -20"><span class='ocrx_word' id='word_1_554' title='bbox 529 3650 547 3683; x_wconf 74' lang='grc' dir='ltr'><strong>ι</strong></span> <span class='ocrx_word' id='word_1_555' title='bbox 582 3631 872 3687; x_wconf 88' lang='lat' dir='ltr'><strong>Pestilente</strong></span> <span class='ocrx_word' id='word_1_556' title='bbox 922 3630 1202 3703; x_wconf 88' lang='lat' dir='ltr'><strong>ﬂagellato,</strong></span> <span class='ocrx_word' id='word_1_557' title='bbox 1248 3632 1441 3687; x_wconf 89' lang='lat' dir='ltr'><strong>stultus</strong></span> <span class='ocrx_word' id='word_1_558' title='bbox 1468 3631 1762 3701; x_wconf 84' lang='lat' dir='ltr'><strong>sapientior</strong></span> <span class='ocrx_word' id='word_1_559' title='bbox 1788 3630 1892 3683; x_wconf 90' lang='lat' dir='ltr'><strong>erit</strong></span> <span class='ocrx_word' id='word_1_560' title='bbox 1923 3628 2104 3701; x_wconf 87' lang='lat' dir='ltr'><strong>(Prov.</strong></span> 
     </span>
    </p>
   </div>
   <div class='ocr_carea' id='block_1_68' title="bbox 526 3720 2100 3793">
    <p class='ocr_par' dir='ltr' id='par_1_68' title="bbox 526 3720 2100 3793">
     <span class='ocr_line' id='line_1_68' title="bbox 526 3720 2100 3793; baseline -0.001 -18"><span class='ocrx_word' id='word_1_561' title='bbox 526 3722 662 3793; x_wconf 72' lang='lat' dir='ltr'><strong>XIX),</strong></span> <span class='ocrx_word' id='word_1_562' title='bbox 686 3740 705 3773; x_wconf 77' lang='grc' dir='ltr'><strong>ι</strong></span> <span class='ocrx_word' id='word_1_563' title='bbox 740 3723 996 3778; x_wconf 90' lang='lat' dir='ltr'><strong>erudiunt</strong></span> <span class='ocrx_word' id='word_1_564' title='bbox 1022 3724 1165 3777; x_wconf 89' lang='lat' dir='ltr'><strong>enim</strong></span> <span class='ocrx_word' id='word_1_565' title='bbox 1212 3724 1380 3777; x_wconf 89' lang='lat' dir='ltr'><strong>bonos</strong></span> <span class='ocrx_word' id='word_1_566' title='bbox 1407 3722 1650 3792; x_wconf 76' lang='lat' dir='ltr'><strong>exempla</strong></span> <span class='ocrx_word' id='word_1_567' title='bbox 1678 3721 1941 3792; x_wconf 87' lang='lat' dir='ltr'><strong>pejorum.</strong></span> <span class='ocrx_word' id='word_1_568' title='bbox 1975 3720 2100 3775; x_wconf 86' lang='lat' dir='ltr'><strong>Sive</strong></span> 
     </span>
    </p>
   </div>
   <div class='ocr_carea' id='block_1_69' title="bbox 528 3809 2102 3879">
    <p class='ocr_par' dir='ltr' id='par_1_69' title="bbox 528 3809 2102 3879">
     <span class='ocr_line' id='line_1_69' title="bbox 528 3809 2102 3879; baseline -0.002 -14"><span class='ocrx_word' id='word_1_569' title='bbox 528 3812 581 3865; x_wconf 83' lang='lat' dir='ltr'><strong>in</strong></span> <span class='ocrx_word' id='word_1_570' title='bbox 633 3811 835 3867; x_wconf 85' lang='lat' dir='ltr'><strong>salinas</strong></span> <span class='ocrx_word' id='word_1_571' title='bbox 866 3813 1162 3866; x_wconf 88' lang='lat' dir='ltr'><strong>dabuntur</strong></span> <span class='ocrx_word' id='word_1_572' title='bbox 1192 3809 1345 3879; x_wconf 76' lang='lat' dir='ltr'><strong>juxta</strong></span> <span class='ocrx_word' id='word_1_573' title='bbox 1375 3810 1503 3864; x_wconf 87' lang='lat' dir='ltr'><strong>illud</strong></span> <span class='ocrx_word' id='word_1_574' title='bbox 1554 3811 1696 3879; x_wconf 89' lang='lat' dir='ltr'><strong>quod</strong></span> <span class='ocrx_word' id='word_1_575' title='bbox 1722 3810 1776 3863; x_wconf 90' lang='lat' dir='ltr'><strong>in</strong></span> <span class='ocrx_word' id='word_1_576' title='bbox 1813 3809 2102 3879; x_wconf 84' lang='lat' dir='ltr'><strong>Evangelio</strong></span> 
     </span>
    </p>
   </div>
   <div class='ocr_carea' id='block_1_70' title="bbox 528 3899 2103 3972">
    <p class='ocr_par' dir='ltr' id='par_1_70' title="bbox 528 3899 2103 3972">
     <span class='ocr_line' id='line_1_70' title="bbox 528 3899 2103 3972; baseline -0.002 -15"><span class='ocrx_word' id='word_1_577' title='bbox 528 3902 787 3972; x_wconf 87' lang='lat' dir='ltr'><strong>scriptum</strong></span> <span class='ocrx_word' id='word_1_578' title='bbox 821 3910 941 3958; x_wconf 86' lang='lat' dir='ltr'><strong>est:</strong></span> <span class='ocrx_word' id='word_1_579' title='bbox 976 3922 993 3954; x_wconf 79' lang='grc' dir='ltr'><strong>ι</strong></span> <span class='ocrx_word' id='word_1_580' title='bbox 1038 3903 1241 3958; x_wconf 89' lang='lat' dir='ltr'><strong>Bonum</strong></span> <span class='ocrx_word' id='word_1_581' title='bbox 1284 3913 1367 3957; x_wconf 89' lang='lat' dir='ltr'><strong>est</strong></span> <span class='ocrx_word' id='word_1_582' title='bbox 1411 3903 1510 3966; x_wconf 87' lang='lat' dir='ltr'><strong>sal,</strong></span> <span class='ocrx_word' id='word_1_583' title='bbox 1565 3902 1609 3956; x_wconf 89' lang='lat' dir='ltr'><strong>si</strong></span> <span class='ocrx_word' id='word_1_584' title='bbox 1652 3909 1833 3956; x_wconf 91' lang='lat' dir='ltr'><strong>autem</strong></span> <span class='ocrx_word' id='word_1_585' title='bbox 1860 3900 1939 3955; x_wconf 91' lang='lat' dir='ltr'><strong>sal</strong></span> <span class='ocrx_word' id='word_1_586' title='bbox 1966 3899 2103 3954; x_wconf 86' lang='lat' dir='ltr'><strong>infa—</strong></span> 
     </span>
    </p>
   </div>
   <div class='ocr_carea' id='block_1_71' title="bbox 532 3989 2106 4063">
    <p class='ocr_par' dir='ltr' id='par_1_71' title="bbox 532 3989 2106 4063">
     <span class='ocr_line' id='line_1_71' title="bbox 532 3989 2106 4063; baseline 0.001 -20"><span class='ocrx_word' id='word_1_587' title='bbox 532 3993 741 4045; x_wconf 84' lang='lat' dir='ltr'><strong>tuaium</strong></span> <span class='ocrx_word' id='word_1_588' title='bbox 776 3989 955 4056; x_wconf 79' lang='lat' dir='ltr'><strong>fuerit,</strong></span> <span class='ocrx_word' id='word_1_589' title='bbox 1008 3994 1061 4047; x_wconf 92' lang='lat' dir='ltr'><strong>in</strong></span> <span class='ocrx_word' id='word_1_590' title='bbox 1111 3992 1243 4047; x_wconf 85' lang='lat' dir='ltr'><strong>nihil</strong></span> <span class='ocrx_word' id='word_1_591' title='bbox 1288 4003 1371 4048; x_wconf 90' lang='lat' dir='ltr'><strong>est</strong></span> <span class='ocrx_word' id='word_1_592' title='bbox 1422 3992 1555 4046; x_wconf 90' lang='lat' dir='ltr'><strong>utile</strong></span> <span class='ocrx_word' id='word_1_593' title='bbox 1610 3990 1826 4063; x_wconf 77' lang='lat' dir='ltr'><strong>(Matth.</strong></span> <span class='ocrx_word' id='word_1_594' title='bbox 1863 3990 1916 4061; x_wconf 91' lang='lat' dir='ltr'><strong>v)</strong></span> <span class='ocrx_word' id='word_1_595' title='bbox 1950 4008 1964 4057; x_wconf 90' lang='lat'><strong>;</strong></span> <span class='ocrx_word' id='word_1_596' title='bbox 2000 4009 2018 4041; x_wconf 82' lang='grc'><strong>›</strong></span> <span class='ocrx_word' id='word_1_597' title='bbox 2048 4000 2106 4044; x_wconf 80' lang='grc' dir='ltr'><strong>ιιι</strong></span> 
     </span>
    </p>
   </div>
   <div class='ocr_carea' id='block_1_72' title="bbox 531 4080 2108 4152">
    <p class='ocr_par' dir='ltr' id='par_1_72' title="bbox 531 4080 2108 4152">
     <span class='ocr_line' id='line_1_72' title="bbox 531 4080 2108 4152; baseline 0.001 -18"><span class='ocrx_word' id='word_1_598' title='bbox 531 4082 584 4134; x_wconf 92' lang='lat' dir='ltr'><strong>in</strong></span> <span class='ocrx_word' id='word_1_599' title='bbox 622 4090 944 4151; x_wconf 89' lang='lat' dir='ltr'><strong>perpetuum</strong></span> <span class='ocrx_word' id='word_1_600' title='bbox 994 4080 1236 4152; x_wconf 77' lang='lat' dir='ltr'><strong>frugibus</strong></span> <span class='ocrx_word' id='word_1_601' title='bbox 1282 4091 1505 4137; x_wconf 88' lang='lat' dir='ltr'><strong>careant</strong></span> <span class='ocrx_word' id='word_1_602' title='bbox 1553 4090 1607 4135; x_wconf 92' lang='lat' dir='ltr'><strong>et</strong></span> <span class='ocrx_word' id='word_1_603' title='bbox 1643 4082 1845 4147; x_wconf 88' lang='lat' dir='ltr'><strong>virore,</strong></span> <span class='ocrx_word' id='word_1_604' title='bbox 1882 4081 2027 4152; x_wconf 89' lang='lat' dir='ltr'><strong>quod</strong></span> <span class='ocrx_word' id='word_1_605' title='bbox 2054 4090 2108 4135; x_wconf 89' lang='lat' dir='ltr'><strong>et</strong></span> 
     </span>
    </p>
   </div>
   <div class='ocr_carea' id='block_1_73' title="bbox 618 4215 1004 4229">
    <p class='ocr_par' dir='ltr' id='par_1_73' title="bbox 618 4215 1004 4229">
     <span class='ocr_line' id='line_1_73' title="bbox 618 4215 1004 4229; baseline -0.003 -1"><span class='ocrx_word' id='word_1_606' title='bbox 618 4215 1004 4229; x_wconf 50' lang='grc' dir='ltr'><strong>...α-Ψ</strong></span> 
     </span>
    </p>
   </div>
   <div class='ocr_carea' id='block_1_74' title="bbox 1755 4220 2001 4229">
    <p class='ocr_par' dir='ltr' id='par_1_74' title="bbox 1755 4220 2001 4229">
     <span class='ocr_line' id='line_1_74' title="bbox 1755 4220 2001 4229; baseline 0.004 -1"><span class='ocrx_word' id='word_1_607' title='bbox 1755 4220 2001 4229; x_wconf 63' lang='grc' dir='ltr'><strong>ο--α--η</strong></span> 
     </span>
    </p>
   </div>
   <div class='ocr_carea' id='block_1_75' title="bbox 2040 4218 2382 4230">
    <p class='ocr_par' dir='ltr' id='par_1_75' title="bbox 2040 4218 2382 4230">
     <span class='ocr_line' id='line_1_75' title="bbox 2040 4218 2382 4230; baseline 0.003 -1"><span class='ocrx_word' id='word_1_608' title='bbox 2040 4218 2382 4230; x_wconf 62' lang='lat' dir='ltr'><strong>m</strong></span> 
     </span>
    </p>
   </div>
   <div class='ocr_carea' id='block_1_76' title="bbox 2204 3248 3785 3319">
    <p class='ocr_par' dir='ltr' id='par_1_76' title="bbox 2204 3248 3785 3319">
     <span class='ocr_line' id='line_1_76' title="bbox 2204 3248 3785 3319; baseline -0.012 -1"><span class='ocrx_word' id='word_1_609' title='bbox 2204 3276 2423 3318; x_wconf 91' lang='lat' dir='ltr'><strong>sensum</strong></span> <span class='ocrx_word' id='word_1_610' title='bbox 2458 3260 2736 3315; x_wconf 86' lang='lat' dir='ltr'><strong>latentem.</strong></span> <span class='ocrx_word' id='word_1_611' title='bbox 2768 3254 2921 3310; x_wconf 91' lang='lat' dir='ltr'><strong>Sicut</strong></span> <span class='ocrx_word' id='word_1_612' title='bbox 2955 3252 3099 3308; x_wconf 90' lang='lat' dir='ltr'><strong>enim</strong></span> <span class='ocrx_word' id='word_1_613' title='bbox 3129 3251 3356 3307; x_wconf 83' lang='lat' dir='ltr'><strong>scientia</strong></span> <span class='ocrx_word' id='word_1_614' title='bbox 3384 3248 3785 3319; x_wconf 84' lang='lat' dir='ltr'><strong>Seripturarum</strong></span> 
     </span>
    </p>
   </div>
   <div class='ocr_carea' id='block_1_77' title="bbox 2207 3339 3783 3422">
    <p class='ocr_par' dir='ltr' id='par_1_77' title="bbox 2207 3339 3783 3422">
     <span class='ocr_line' id='line_1_77' title="bbox 2207 3339 3783 3422; baseline -0.013 -12"><span class='ocrx_word' id='word_1_615' title='bbox 2207 3354 2353 3411; x_wconf 91' lang='lat' dir='ltr'><strong>ducit</strong></span> <span class='ocrx_word' id='word_1_616' title='bbox 2392 3352 2458 3407; x_wconf 89' lang='lat' dir='ltr'><strong>ad</strong></span> <span class='ocrx_word' id='word_1_617' title='bbox 2514 3365 2682 3422; x_wconf 87' lang='lat' dir='ltr'><strong>regna</strong></span> <span class='ocrx_word' id='word_1_618' title='bbox 2721 3347 2983 3403; x_wconf 72' lang='lat' dir='ltr'><strong>cmlorum</strong></span> <span class='ocrx_word' id='word_1_619' title='bbox 3034 3354 3091 3399; x_wconf 92' lang='lat' dir='ltr'><strong>et</strong></span> <span class='ocrx_word' id='word_1_620' title='bbox 3122 3341 3329 3414; x_wconf 65' lang='lat' dir='ltr'><strong>praebet</strong></span> <span class='ocrx_word' id='word_1_621' title='bbox 3373 3339 3531 3395; x_wconf 88' lang='lat' dir='ltr'><strong>nobis</strong></span> <span class='ocrx_word' id='word_1_622' title='bbox 3575 3352 3783 3408; x_wconf 87' lang='lat' dir='ltr'><strong>panem,</strong></span> 
     </span>
    </p>
   </div>
   <div class='ocr_carea' id='block_1_78' title="bbox 2210 3426 3783 3514">
    <p class='ocr_par' dir='ltr' id='par_1_78' title="bbox 2210 3426 3783 3514">
     <span class='ocr_line' id='line_1_78' title="bbox 2210 3426 3783 3514; baseline -0.013 -15"><span class='ocrx_word' id='word_1_623' title='bbox 2210 3444 2302 3514; x_wconf 91' lang='lat' dir='ltr'><strong>qui</strong></span> <span class='ocrx_word' id='word_1_624' title='bbox 2349 3442 2480 3498; x_wconf 89' lang='lat' dir='ltr'><strong>dicit</strong></span> <span class='ocrx_word' id='word_1_625' title='bbox 2532 3459 2545 3495; x_wconf 89' lang='lat'>:</span> <span class='ocrx_word' id='word_1_626' title='bbox 2588 3459 2605 3490; x_wconf 86' lang='grc'><em>‹</em></span> <span class='ocrx_word' id='word_1_627' title='bbox 2661 3439 2773 3510; x_wconf 89' lang='lat' dir='ltr'><strong>Ego</strong></span> <span class='ocrx_word' id='word_1_628' title='bbox 2813 3452 2933 3491; x_wconf 89' lang='lat' dir='ltr'><strong>sum</strong></span> <span class='ocrx_word' id='word_1_629' title='bbox 2963 3435 3135 3506; x_wconf 87' lang='lat' dir='ltr'><strong>panis,</strong></span> <span class='ocrx_word' id='word_1_630' title='bbox 3166 3432 3256 3503; x_wconf 90' lang='lat' dir='ltr'><strong>qui</strong></span> <span class='ocrx_word' id='word_1_631' title='bbox 3282 3432 3347 3487; x_wconf 92' lang='lat' dir='ltr'><strong>de</strong></span> <span class='ocrx_word' id='word_1_632' title='bbox 3376 3429 3516 3485; x_wconf 77' lang='lat' dir='ltr'><strong>(:on</strong></span> <span class='ocrx_word' id='word_1_633' title='bbox 3539 3426 3783 3483; x_wconf 73' lang='lat' dir='ltr'><strong>descendi</strong></span> 
     </span>
    </p>
   </div>
   <div class='ocr_carea' id='block_1_79' title="bbox 2213 3522 3787 3606">
    <p class='ocr_par' dir='ltr' id='par_1_79' title="bbox 2213 3522 3787 3606">
     <span class='ocr_line' id='line_1_79' title="bbox 2213 3522 3787 3606; baseline -0.011 -16"><span class='ocrx_word' id='word_1_634' title='bbox 2213 3534 2395 3606; x_wconf 85' lang='lat' dir='ltr'><strong>(Joan.</strong></span> <span class='ocrx_word' id='word_1_635' title='bbox 2426 3531 2533 3604; x_wconf 77' lang='lat' dir='ltr'><strong>vi);</strong></span> <span class='ocrx_word' id='word_1_636' title='bbox 2573 3552 2590 3584; x_wconf 75' lang='grc' dir='ltr'><strong>ι</strong></span> <span class='ocrx_word' id='word_1_637' title='bbox 2632 3532 2710 3587; x_wconf 91' lang='lat' dir='ltr'><strong>sic</strong></span> <span class='ocrx_word' id='word_1_638' title='bbox 2740 3529 2859 3599; x_wconf 90' lang='lat' dir='ltr'><strong>cjus</strong></span> <span class='ocrx_word' id='word_1_639' title='bbox 2884 3527 3009 3582; x_wconf 89' lang='lat' dir='ltr'><strong>t&#39;olia</strong></span> <span class='ocrx_word' id='word_1_640' title='bbox 3036 3524 3297 3581; x_wconf 89' lang='lat' dir='ltr'><strong>moralem</strong></span> <span class='ocrx_word' id='word_1_641' title='bbox 3327 3522 3641 3578; x_wconf 86' lang='lat' dir='ltr'><strong>doctrinam</strong></span> <span class='ocrx_word' id='word_1_642' title='bbox 3667 3534 3787 3575; x_wconf 82' lang='lat' dir='ltr'><strong>eon-</strong></span> 
     </span>
    </p>
   </div>
   <div class='ocr_carea' id='block_1_80' title="bbox 2217 3619 3787 3689">
    <p class='ocr_par' dir='ltr' id='par_1_80' title="bbox 2217 3619 3787 3689">
     <span class='ocr_line' id='line_1_80' title="bbox 2217 3619 3787 3689; baseline -0.011 -4"><span class='ocrx_word' id='word_1_643' title='bbox 2217 3631 2389 3684; x_wconf 90' lang='lat' dir='ltr'><strong>tinent</strong></span> <span class='ocrx_word' id='word_1_644' title='bbox 2410 3637 2464 3684; x_wconf 91' lang='lat' dir='ltr'><strong>ct</strong></span> <span class='ocrx_word' id='word_1_645' title='bbox 2492 3627 2735 3682; x_wconf 91' lang='lat' dir='ltr'><strong>tribuunt</strong></span> <span class='ocrx_word' id='word_1_646' title='bbox 2780 3624 3090 3686; x_wconf 89' lang='lat' dir='ltr'><strong>sanitatem,</strong></span> <span class='ocrx_word' id='word_1_647' title='bbox 3138 3630 3197 3674; x_wconf 90' lang='lat' dir='ltr'><strong>ut</strong></span> <span class='ocrx_word' id='word_1_648' title='bbox 3239 3619 3584 3689; x_wconf 87' lang='lat' dir='ltr'><strong>peccantium</strong></span> <span class='ocrx_word' id='word_1_649' title='bbox 3608 3625 3787 3673; x_wconf 80' lang='lat' dir='ltr'><strong>curent</strong></span> 
     </span>
    </p>
   </div>
   <div class='ocr_carea' id='block_1_81' title="bbox 2212 3708 3785 3782">
    <p class='ocr_par' dir='ltr' id='par_1_81' title="bbox 2212 3708 3785 3782">
     <span class='ocr_line' id='line_1_81' title="bbox 2212 3708 3785 3782; baseline -0.009 -9"><span class='ocrx_word' id='word_1_650' title='bbox 2212 3720 2458 3775; x_wconf 88' lang='lat' dir='ltr'><strong>vulnera.</strong></span> <span class='ocrx_word' id='word_1_651' title='bbox 2514 3718 2618 3772; x_wconf 87' lang='lat' dir='ltr'><strong>Pro</strong></span> <span class='ocrx_word' id='word_1_652' title='bbox 2690 3715 2831 3769; x_wconf 81' lang='lat' dir='ltr'><strong>foliis</strong></span> <span class='ocrx_word' id='word_1_653' title='bbox 2881 3728 3001 3782; x_wconf 64' lang='lat' dir='ltr'><strong>qum</strong></span> <span class='ocrx_word' id='word_1_654' title='bbox 3052 3711 3318 3766; x_wconf 82' lang='lat' dir='ltr'><strong>Hebraice</strong></span> <span class='ocrx_word' id='word_1_655' title='bbox 3395 3708 3653 3763; x_wconf 88' lang='lat' dir='ltr'><strong>dicuntur</strong></span> <span class='ocrx_word' id='word_1_656' title='bbox 3699 3708 3785 3760; x_wconf 74' lang='lat' dir='ltr'><strong>Aie</strong></span> 
     </span>
    </p>
   </div>
   <div class='ocr_carea' id='block_1_82' title="bbox 2210 3798 3784 3878">
    <p class='ocr_par' dir='ltr' id='par_1_82' title="bbox 2210 3798 3784 3878">
     <span class='ocr_line' id='line_1_82' title="bbox 2210 3798 3784 3878; baseline -0.008 -16"><span class='ocrx_word' id='word_1_657' title='bbox 2210 3817 2431 3878; x_wconf 88' lang='lat' dir='ltr'><strong>propter</strong></span> <span class='ocrx_word' id='word_1_658' title='bbox 2481 3807 2632 3862; x_wconf 89' lang='lat' dir='ltr'><strong>verbi</strong></span> <span class='ocrx_word' id='word_1_659' title='bbox 2679 3815 2731 3861; x_wconf 92' lang='lat' dir='ltr'><strong>et</strong></span> <span class='ocrx_word' id='word_1_660' title='bbox 2778 3804 2928 3858; x_wconf 92' lang='lat' dir='ltr'><strong>vocis</strong></span> <span class='ocrx_word' id='word_1_661' title='bbox 2972 3800 3381 3861; x_wconf 85' lang='lat' dir='ltr'><strong>similitudinem</strong></span> <span class='ocrx_word' id='word_1_662' title='bbox 3441 3798 3784 3869; x_wconf 83' lang='lat' dir='ltr'><strong>Septuaginta</strong></span> 
     </span>
    </p>
   </div>
   <div class='ocr_carea' id='block_1_83' title="bbox 2212 3890 3783 3961">
    <p class='ocr_par' dir='ltr' id='par_1_83' title="bbox 2212 3890 3783 3961">
     <span class='ocr_line' id='line_1_83' title="bbox 2212 3890 3783 3961; baseline -0.007 -9"><span class='ocrx_word' id='word_1_663' title='bbox 2212 3898 2581 3952; x_wconf 83' lang='lat' dir='ltr'><strong>ascensionem</strong></span> <span class='ocrx_word' id='word_1_664' title='bbox 2602 3893 3011 3950; x_wconf 90' lang='lat' dir='ltr'><strong>transtulerunt.</strong></span> <span class='ocrx_word' id='word_1_665' title='bbox 3028 3893 3181 3959; x_wconf 76' lang='lat' dir='ltr'><strong>Quod</strong></span> <span class='ocrx_word' id='word_1_666' title='bbox 3202 3900 3254 3946; x_wconf 88' lang='lat' dir='ltr'><strong>et</strong></span> <span class='ocrx_word' id='word_1_667' title='bbox 3277 3892 3455 3961; x_wconf 91' lang='lat' dir='ltr'><strong>ipsum</strong></span> <span class='ocrx_word' id='word_1_668' title='bbox 3470 3893 3552 3946; x_wconf 93' lang='lat' dir='ltr'><strong>sic</strong></span> <span class='ocrx_word' id='word_1_669' title='bbox 3574 3890 3783 3946; x_wconf 87' lang='lat' dir='ltr'><strong>edisseri</strong></span> 
     </span>
    </p>
   </div>
   <div class='ocr_carea' id='block_1_84' title="bbox 2212 3982 3784 4061">
    <p class='ocr_par' dir='ltr' id='par_1_84' title="bbox 2212 3982 3784 4061">
     <span class='ocr_line' id='line_1_84' title="bbox 2212 3982 3784 4061; baseline -0.006 -16"><span class='ocrx_word' id='word_1_670' title='bbox 2212 3999 2411 4061; x_wconf 89' lang='lat' dir='ltr'><strong>potest,</strong></span> <span class='ocrx_word' id='word_1_671' title='bbox 2436 3998 2493 4043; x_wconf 92' lang='lat' dir='ltr'><strong>ut</strong></span> <span class='ocrx_word' id='word_1_672' title='bbox 2516 3996 2638 4058; x_wconf 93' lang='lat' dir='ltr'><strong>post</strong></span> <span class='ocrx_word' id='word_1_673' title='bbox 2662 3987 2815 4043; x_wconf 92' lang='lat' dir='ltr'><strong>cibos</strong></span> <span class='ocrx_word' id='word_1_674' title='bbox 2841 3986 3135 4051; x_wconf 81' lang='lat' dir='ltr'><strong>fructuum,</strong></span> <span class='ocrx_word' id='word_1_675' title='bbox 3164 3984 3454 4040; x_wconf 88' lang='lat' dir='ltr'><strong>verborum</strong></span> <span class='ocrx_word' id='word_1_676' title='bbox 3480 3983 3699 4039; x_wconf 88' lang='lat' dir='ltr'><strong>monitis</strong></span> <span class='ocrx_word' id='word_1_677' title='bbox 3725 3982 3784 4035; x_wconf 89' lang='lat' dir='ltr'><strong>ad</strong></span> 
     </span>
    </p>
   </div>
   <div class='ocr_carea' id='block_1_85' title="bbox 2217 4078 2925 4135">
    <p class='ocr_par' dir='ltr' id='par_1_85' title="bbox 2217 4078 2925 4135">
     <span class='ocr_line' id='line_1_85' title="bbox 2217 4078 2925 4135; baseline -0.003 -1"><span class='ocrx_word' id='word_1_678' title='bbox 2217 4079 2456 4135; x_wconf 75' lang='lat' dir='ltr'><strong>ccelestia</strong></span> <span class='ocrx_word' id='word_1_679' title='bbox 2480 4078 2925 4135; x_wconf 88' lang='lat' dir='ltr'><strong>conscendamus.</strong></span> 
     </span>
    </p>
   </div>
   <div class='ocr_carea' id='block_1_86' title="bbox 2386 4218 3480 4232">
    <p class='ocr_par' dir='ltr' id='par_1_86' title="bbox 2386 4218 3480 4232">
     <span class='ocr_line' id='line_1_86' title="bbox 2386 4218 3480 4232; baseline -0.004 -3"><span class='ocrx_word' id='word_1_680' title='bbox 2386 4218 2485 4230; x_wconf 62' lang='grc' dir='ltr'><strong>...δυ’</strong></span> <span class='ocrx_word' id='word_1_681' title='bbox 2505 4219 2856 4232; x_wconf 61' lang='grc' dir='ltr'><strong>..σι’-συ.-αη--υπα</strong></span> <span class='ocrx_word' id='word_1_682' title='bbox 2863 4218 3480 4229; x_wconf 48' lang='grc' dir='ltr'><strong>..ι’-*ψύαι-</strong></span> 
     </span>
    </p>
   </div>
   <div class='ocr_carea' id='block_1_87' title="bbox 3487 4210 3772 4231">
    <p class='ocr_par' dir='ltr' id='par_1_87' title="bbox 3487 4210 3772 4231">
     <span class='ocr_line' id='line_1_87' title="bbox 3487 4210 3772 4231; baseline -0.007 2"><span class='ocrx_word' id='word_1_683' title='bbox 3487 4210 3772 4231; x_wconf 49' lang='grc' dir='ltr'><strong>-συ--ι-Ᾱ</strong></span> 
     </span>
    </p>
   </div>
   <div class='ocr_carea' id='block_1_88' title="bbox 1688 4345 2640 4426">
    <p class='ocr_par' dir='ltr' id='par_1_88' title="bbox 1688 4345 2640 4426">
     <span class='ocr_line' id='line_1_88' title="bbox 1688 4345 2640 4426; baseline -0.002 -3"><span class='ocrx_word' id='word_1_684' title='bbox 1688 4345 1981 4423; x_wconf 85' lang='lat' dir='ltr'><strong>LIBER</strong></span> <span class='ocrx_word' id='word_1_685' title='bbox 2058 4346 2640 4426; x_wconf 85' lang='lat' dir='ltr'><strong>VICESIMUS.</strong></span> 
     </span>
    </p>
   </div>
   <div class='ocr_carea' id='block_1_89' title="bbox 1927 4480 2293 4496">
    <p class='ocr_par' dir='ltr' id='par_1_89' title="bbox 1927 4480 2293 4496">
     <span class='ocr_line' id='line_1_89' title="bbox 1927 4480 2293 4496; baseline -0.003 -5"><span class='ocrx_word' id='word_1_686' title='bbox 1927 4480 2293 4496; x_wconf 55' lang='lat'><strong>-———_’——-</strong></span> 
     </span>
    </p>
   </div>
   <div class='ocr_carea' id='block_1_90' title="bbox 604 4531 3782 4611">
    <p class='ocr_par' dir='ltr' id='par_1_90' title="bbox 604 4531 3782 4611">
     <span class='ocr_line' id='line_1_90' title="bbox 604 4531 3782 4611; baseline -0.004 -10"><span class='ocrx_word' id='word_1_687' title='bbox 604 4543 739 4602; x_wconf 76' lang='lat' dir='ltr'><strong>Cum</strong></span> <span class='ocrx_word' id='word_1_688' title='bbox 766 4542 1025 4611; x_wconf 87' lang='lat' dir='ltr'><strong>propheta</strong></span> <span class='ocrx_word' id='word_1_689' title='bbox 1054 4539 1107 4593; x_wconf 92' lang='lat' dir='ltr'><strong>in</strong></span> <span class='ocrx_word' id='word_1_690' title='bbox 1135 4538 1454 4607; x_wconf 85' lang='lat' dir='ltr'><strong>praecedenti</strong></span> <span class='ocrx_word' id='word_1_691' title='bbox 1486 4538 1621 4592; x_wconf 90' lang='lat' dir='ltr'><strong>libro</strong></span> <span class='ocrx_word' id='word_1_692' title='bbox 1644 4539 1708 4592; x_wconf 87' lang='lat' dir='ltr'><strong>de</strong></span> <span class='ocrx_word' id='word_1_693' title='bbox 1751 4535 2114 4592; x_wconf 81' lang='lat' dir='ltr'><strong>oblationibus</strong></span> <span class='ocrx_word' id='word_1_694' title='bbox 2140 4539 2190 4596; x_wconf 89' lang='lat' dir='ltr'><strong>D</strong></span> <span class='ocrx_word' id='word_1_695' title='bbox 2225 4555 2241 4584; x_wconf 73' lang='grc' dir='ltr'><strong>ι</strong></span> <span class='ocrx_word' id='word_1_696' title='bbox 2286 4548 2395 4604; x_wconf 86' lang='lat' dir='ltr'><strong>quo</strong></span> <span class='ocrx_word' id='word_1_697' title='bbox 2448 4534 2795 4604; x_wconf 88' lang='lat' dir='ltr'><strong>possidebitis</strong></span> <span class='ocrx_word' id='word_1_698' title='bbox 2848 4542 3045 4589; x_wconf 87' lang='lat' dir='ltr'><strong>terram</strong></span> <span class='ocrx_word' id='word_1_699' title='bbox 3102 4546 3156 4586; x_wconf 92' lang='lat' dir='ltr'><strong>.n</strong></span> <span class='ocrx_word' id='word_1_700' title='bbox 3207 4531 3494 4587; x_wconf 88' lang='lat' dir='ltr'><strong>duodecim</strong></span> <span class='ocrx_word' id='word_1_701' title='bbox 3554 4533 3782 4588; x_wconf 81' lang='lat' dir='ltr'><strong>tribubus</strong></span> 
     </span>
    </p>
   </div>
   <div class='ocr_carea' id='block_1_91' title="bbox 537 4627 2107 4706">
    <p class='ocr_par' dir='ltr' id='par_1_91' title="bbox 537 4627 2107 4706">
     <span class='ocr_line' id='line_1_91' title="bbox 537 4627 2107 4706; baseline -0.009 -12"><span class='ocrx_word' id='word_1_702' title='bbox 537 4634 869 4706; x_wconf 87' lang='lat' dir='ltr'><strong>singularum</strong></span> <span class='ocrx_word' id='word_1_703' title='bbox 908 4629 1257 4684; x_wconf 75' lang='lat' dir='ltr'><strong>festivitatum</strong></span> <span class='ocrx_word' id='word_1_704' title='bbox 1304 4638 1358 4683; x_wconf 91' lang='lat' dir='ltr'><strong>et</strong></span> <span class='ocrx_word' id='word_1_705' title='bbox 1400 4628 1467 4682; x_wconf 88' lang='lat' dir='ltr'><strong>de</strong></span> <span class='ocrx_word' id='word_1_706' title='bbox 1513 4629 1782 4682; x_wconf 87' lang='lat' dir='ltr'><strong>oblatione</strong></span> <span class='ocrx_word' id='word_1_707' title='bbox 1827 4627 2107 4697; x_wconf 84' lang='lat' dir='ltr'><strong>principis,</strong></span> 
     </span>
    </p>
   </div>
   <div class='ocr_carea' id='block_1_92' title="bbox 541 4720 2115 4787">
    <p class='ocr_par' dir='ltr' id='par_1_92' title="bbox 541 4720 2115 4787">
     <span class='ocr_line' id='line_1_92' title="bbox 541 4720 2115 4787; baseline -0.008 -4"><span class='ocrx_word' id='word_1_708' title='bbox 541 4744 641 4783; x_wconf 91' lang='lat' dir='ltr'><strong>nec</strong></span> <span class='ocrx_word' id='word_1_709' title='bbox 657 4742 761 4780; x_wconf 89' lang='lat' dir='ltr'><strong>non</strong></span> <span class='ocrx_word' id='word_1_710' title='bbox 791 4734 846 4778; x_wconf 89' lang='lat' dir='ltr'><strong>et</strong></span> <span class='ocrx_word' id='word_1_711' title='bbox 873 4721 1209 4776; x_wconf 88' lang='lat' dir='ltr'><strong>sacerdotum</strong></span> <span class='ocrx_word' id='word_1_712' title='bbox 1224 4720 1411 4775; x_wconf 88' lang='lat' dir='ltr'><strong>oﬂiciis</strong></span> <span class='ocrx_word' id='word_1_713' title='bbox 1433 4727 1926 4783; x_wconf 87' lang='lat' dir='ltr'><strong>commemorasset,</strong></span> <span class='ocrx_word' id='word_1_714' title='bbox 1950 4733 2115 4787; x_wconf 89' lang='lat' dir='ltr'><strong>aqua-</strong></span> 
     </span>
    </p>
   </div>
   <div class='ocr_carea' id='block_1_93' title="bbox 543 4807 2115 4885">
    <p class='ocr_par' dir='ltr' id='par_1_93' title="bbox 543 4807 2115 4885">
     <span class='ocr_line' id='line_1_93' title="bbox 543 4807 2115 4885; baseline -0.008 -12"><span class='ocrx_word' id='word_1_715' title='bbox 543 4830 767 4885; x_wconf 87' lang='lat' dir='ltr'><strong>rumque</strong></span> <span class='ocrx_word' id='word_1_716' title='bbox 795 4811 1178 4867; x_wconf 87' lang='lat' dir='ltr'><strong>abundantiam</strong></span> <span class='ocrx_word' id='word_1_717' title='bbox 1204 4816 1259 4864; x_wconf 91' lang='lat' dir='ltr'><strong>et</strong></span> <span class='ocrx_word' id='word_1_718' title='bbox 1293 4810 1553 4880; x_wconf 89' lang='lat' dir='ltr'><strong>lignorum</strong></span> <span class='ocrx_word' id='word_1_719' title='bbox 1582 4809 1635 4862; x_wconf 93' lang='lat' dir='ltr'><strong>in</strong></span> <span class='ocrx_word' id='word_1_720' title='bbox 1674 4809 1809 4878; x_wconf 89' lang='lat' dir='ltr'><strong>ripis</strong></span> <span class='ocrx_word' id='word_1_721' title='bbox 1849 4808 1965 4877; x_wconf 92' lang='lat' dir='ltr'><strong>ejus</strong></span> <span class='ocrx_word' id='word_1_722' title='bbox 2004 4807 2115 4861; x_wconf 83' lang='lat' dir='ltr'><strong>fru-</strong></span> 
     </span>
    </p>
   </div>
   <div class='ocr_carea' id='block_1_94' title="bbox 542 4897 2115 4967">
    <p class='ocr_par' dir='ltr' id='par_1_94' title="bbox 542 4897 2115 4967">
     <span class='ocr_line' id='line_1_94' title="bbox 542 4897 2115 4967; baseline -0.008 -5"><span class='ocrx_word' id='word_1_723' title='bbox 542 4905 922 4963; x_wconf 84' lang='lat' dir='ltr'><strong>ctiﬂcationem</strong></span> <span class='ocrx_word' id='word_1_724' title='bbox 945 4909 1255 4963; x_wconf 88' lang='lat' dir='ltr'><strong>enarraret,</strong></span> <span class='ocrx_word' id='word_1_725' title='bbox 1280 4900 1541 4955; x_wconf 88' lang='lat' dir='ltr'><strong>convertit</strong></span> <span class='ocrx_word' id='word_1_726' title='bbox 1565 4915 1624 4955; x_wconf 91' lang='lat' dir='ltr'><strong>se</strong></span> <span class='ocrx_word' id='word_1_727' title='bbox 1652 4899 1720 4954; x_wconf 91' lang='lat' dir='ltr'><strong>ab</strong></span> <span class='ocrx_word' id='word_1_728' title='bbox 1748 4900 1849 4953; x_wconf 90' lang='lat' dir='ltr'><strong>hoc</strong></span> <span class='ocrx_word' id='word_1_729' title='bbox 1880 4909 1938 4951; x_wconf 92' lang='lat' dir='ltr'><strong>ut</strong></span> <span class='ocrx_word' id='word_1_730' title='bbox 1961 4897 2115 4967; x_wconf 80' lang='lat' dir='ltr'><strong>juxta</strong></span> 
     </span>
    </p>
   </div>
   <div class='ocr_carea' id='block_1_95' title="bbox 542 4987 2115 5069">
    <p class='ocr_par' dir='ltr' id='par_1_95' title="bbox 542 4987 2115 5069">
     <span class='ocr_line' id='line_1_95' title="bbox 542 4987 2115 5069; baseline -0.007 -19"><span class='ocrx_word' id='word_1_731' title='bbox 542 5004 862 5069; x_wconf 59' lang='lat' dir='ltr'><strong>praeceptum</strong></span> <span class='ocrx_word' id='word_1_732' title='bbox 912 4992 1123 5047; x_wconf 91' lang='lat' dir='ltr'><strong>Domini</strong></span> <span class='ocrx_word' id='word_1_733' title='bbox 1176 4993 1432 5045; x_wconf 81' lang='lat' dir='ltr'><strong>terminos</strong></span> <span class='ocrx_word' id='word_1_734' title='bbox 1480 4998 1654 5065; x_wconf 40' lang='lat' dir='ltr'><strong>terrae.</strong></span> <span class='ocrx_word' id='word_1_735' title='bbox 1687 4988 1969 5044; x_wconf 90' lang='lat' dir='ltr'><strong>duodecim</strong></span> <span class='ocrx_word' id='word_1_736' title='bbox 2017 4987 2115 5040; x_wconf 89' lang='lat' dir='ltr'><strong>tri-</strong></span> 
     </span>
    </p>
   </div>
   <div class='ocr_carea' id='block_1_96' title="bbox 544 5076 2119 5153">
    <p class='ocr_par' dir='ltr' id='par_1_96' title="bbox 544 5076 2119 5153">
     <span class='ocr_line' id='line_1_96' title="bbox 544 5076 2119 5153; baseline -0.009 -12"><span class='ocrx_word' id='word_1_737' title='bbox 544 5088 707 5141; x_wconf 89' lang='lat' dir='ltr'><strong>buum</strong></span> <span class='ocrx_word' id='word_1_738' title='bbox 764 5080 1225 5153; x_wconf 88' lang='lat' dir='ltr'><strong>possessionisque</strong></span> <span class='ocrx_word' id='word_1_739' title='bbox 1294 5078 1549 5147; x_wconf 90' lang='lat' dir='ltr'><strong>spiritalis</strong></span> <span class='ocrx_word' id='word_1_740' title='bbox 1601 5084 1816 5131; x_wconf 90' lang='lat' dir='ltr'><strong>enarret</strong></span> <span class='ocrx_word' id='word_1_741' title='bbox 1868 5076 2119 5146; x_wconf 67' lang='lat' dir='ltr'><strong>primitiae</strong></span> 
     </span>
    </p>
   </div>
   <div class='ocr_carea' id='block_1_97' title="bbox 546 5166 2112 5240">
    <p class='ocr_par' dir='ltr' id='par_1_97' title="bbox 546 5166 2112 5240">
     <span class='ocr_line' id='line_1_97' title="bbox 546 5166 2112 5240; baseline -0.007 -11"><span class='ocrx_word' id='word_1_742' title='bbox 546 5172 859 5236; x_wconf 87' lang='lat' dir='ltr'><strong>sanctuarii,</strong></span> <span class='ocrx_word' id='word_1_743' title='bbox 885 5169 1383 5240; x_wconf 87' lang='lat' dir='ltr'><strong>possessionemque</strong></span> <span class='ocrx_word' id='word_1_744' title='bbox 1430 5167 1739 5221; x_wconf 89' lang='lat' dir='ltr'><strong>Levitarum</strong></span> <span class='ocrx_word' id='word_1_745' title='bbox 1797 5166 2055 5221; x_wconf 91' lang='lat' dir='ltr'><strong>describit</strong></span> <span class='ocrx_word' id='word_1_746' title='bbox 2099 5181 2112 5218; x_wconf 91' lang='lat'><strong>:</strong></span> 
     </span>
    </p>
   </div>
   <div class='ocr_carea' id='block_1_98' title="bbox 546 5256 2116 5327">
    <p class='ocr_par' dir='ltr' id='par_1_98' title="bbox 546 5256 2116 5327">
     <span class='ocr_line' id='line_1_98' title="bbox 546 5256 2116 5327; baseline -0.006 -8"><span class='ocrx_word' id='word_1_747' title='bbox 546 5262 838 5319; x_wconf 85' lang='lat' dir='ltr'><strong>novissime</strong></span> <span class='ocrx_word' id='word_1_748' title='bbox 875 5275 1002 5314; x_wconf 90' lang='lat' dir='ltr'><strong>vero</strong></span> <span class='ocrx_word' id='word_1_749' title='bbox 1045 5268 1228 5327; x_wconf 88' lang='lat' dir='ltr'><strong>portas</strong></span> <span class='ocrx_word' id='word_1_750' title='bbox 1288 5258 1524 5313; x_wconf 87' lang='lat' dir='ltr'><strong>civitatis</strong></span> <span class='ocrx_word' id='word_1_751' title='bbox 1562 5259 1614 5311; x_wconf 90' lang='lat' dir='ltr'><strong>in</strong></span> <span class='ocrx_word' id='word_1_752' title='bbox 1665 5266 1896 5326; x_wconf 87' lang='lat' dir='ltr'><strong>quatuor</strong></span> <span class='ocrx_word' id='word_1_753' title='bbox 1945 5256 2116 5325; x_wconf 87' lang='lat' dir='ltr'><strong>plagis</strong></span> 
     </span>
    </p>
   </div>
   <div class='ocr_carea' id='block_1_99' title="bbox 548 5344 2116 5415">
    <p class='ocr_par' dir='ltr' id='par_1_99' title="bbox 548 5344 2116 5415">
     <span class='ocr_line' id='line_1_99' title="bbox 548 5344 2116 5415; baseline -0.005 -8"><span class='ocrx_word' id='word_1_754' title='bbox 548 5351 783 5407; x_wconf 89' lang='lat' dir='ltr'><strong>notando</strong></span> <span class='ocrx_word' id='word_1_755' title='bbox 809 5351 865 5405; x_wconf 88' lang='lat' dir='ltr'><strong>in</strong></span> <span class='ocrx_word' id='word_1_756' title='bbox 898 5348 1001 5403; x_wconf 84' lang='lat' dir='ltr'><strong>ﬁne</strong></span> <span class='ocrx_word' id='word_1_757' title='bbox 1026 5348 1145 5402; x_wconf 91' lang='lat' dir='ltr'><strong>libri</strong></span> <span class='ocrx_word' id='word_1_758' title='bbox 1189 5349 1544 5402; x_wconf 83' lang='lat' dir='ltr'><strong>habitatorem</strong></span> <span class='ocrx_word' id='word_1_759' title='bbox 1570 5346 1734 5415; x_wconf 89' lang='lat' dir='ltr'><strong>ipsius</strong></span> <span class='ocrx_word' id='word_1_760' title='bbox 1781 5345 1964 5415; x_wconf 90' lang='lat' dir='ltr'><strong>templi</strong></span> <span class='ocrx_word' id='word_1_761' title='bbox 2008 5344 2116 5399; x_wconf 91' lang='lat' dir='ltr'><strong>Do-</strong></span> 
     </span>
    </p>
   </div>
   <div class='ocr_carea' id='block_1_100' title="bbox 548 5438 2117 5506">
    <p class='ocr_par' dir='ltr' id='par_1_100' title="bbox 548 5438 2117 5506">
     <span class='ocr_line' id='line_1_100' title="bbox 548 5438 2117 5506; baseline -0.003 -11"><span class='ocrx_word' id='word_1_762' title='bbox 548 5442 753 5495; x_wconf 91' lang='lat' dir='ltr'><strong>minum</strong></span> <span class='ocrx_word' id='word_1_763' title='bbox 782 5452 901 5493; x_wconf 88' lang='lat' dir='ltr'><strong>esse</strong></span> <span class='ocrx_word' id='word_1_764' title='bbox 945 5439 1201 5502; x_wconf 81' lang='lat' dir='ltr'><strong>ostendit,</strong></span> <span class='ocrx_word' id='word_1_765' title='bbox 1236 5439 1326 5506; x_wconf 90' lang='lat' dir='ltr'><strong>qui</strong></span> <span class='ocrx_word' id='word_1_766' title='bbox 1354 5438 1517 5493; x_wconf 86' lang='lat' dir='ltr'><strong>totius</strong></span> <span class='ocrx_word' id='word_1_767' title='bbox 1541 5438 1667 5492; x_wconf 90' lang='lat' dir='ltr'><strong>boni</strong></span> <span class='ocrx_word' id='word_1_768' title='bbox 1704 5438 1914 5491; x_wconf 91' lang='lat' dir='ltr'><strong>initium</strong></span> <span class='ocrx_word' id='word_1_769' title='bbox 1938 5444 1993 5491; x_wconf 92' lang='lat' dir='ltr'><strong>et</strong></span> <span class='ocrx_word' id='word_1_770' title='bbox 2018 5450 2117 5491; x_wconf 54' lang='lat' dir='ltr'><strong>au-</strong></span> 
     </span>
    </p>
   </div>
   <div class='ocr_carea' id='block_1_101' title="bbox 548 5526 1832 5597">
    <p class='ocr_par' dir='ltr' id='par_1_101' title="bbox 548 5526 1832 5597">
     <span class='ocr_line' id='line_1_101' title="bbox 548 5526 1832 5597; baseline -0.005 -11"><span class='ocrx_word' id='word_1_771' title='bbox 548 5538 687 5593; x_wconf 85' lang='lat' dir='ltr'><strong>ctor,</strong></span> <span class='ocrx_word' id='word_1_772' title='bbox 716 5537 769 5582; x_wconf 89' lang='lat' dir='ltr'><strong>et</strong></span> <span class='ocrx_word' id='word_1_773' title='bbox 794 5526 1030 5597; x_wconf 78' lang='lat' dir='ltr'><strong>perfecta</strong></span> <span class='ocrx_word' id='word_1_774' title='bbox 1060 5529 1386 5596; x_wconf 90' lang='lat' dir='ltr'><strong>operationis</strong></span> <span class='ocrx_word' id='word_1_775' title='bbox 1420 5529 1832 5582; x_wconf 90' lang='lat' dir='ltr'><strong>consummatio.</strong></span> 
     </span>
    </p>
   </div>
   <div class='ocr_carea' id='block_1_102' title="bbox 900 5618 1757 5684">
    <p class='ocr_par' dir='ltr' id='par_1_102' title="bbox 900 5618 1757 5684">
     <span class='ocr_line' id='line_1_102' title="bbox 900 5618 1757 5684; baseline 0 -11"><span class='ocrx_word' id='word_1_776' title='bbox 900 5618 1244 5684; x_wconf 80' lang='lat' dir='ltr'><strong>SEQUITUR</strong></span> <span class='ocrx_word' id='word_1_777' title='bbox 1287 5619 1512 5674; x_wconf 77' lang='lat' dir='ltr'><strong>CAPUT</strong></span> <span class='ocrx_word' id='word_1_778' title='bbox 1552 5618 1757 5673; x_wconf 83' lang='lat' dir='ltr'><strong>XLVII.</strong></span> 
     </span>
    </p>
   </div>
   <div class='ocr_carea' id='block_1_103' title="bbox 623 5708 2119 5764">
    <p class='ocr_par' dir='ltr' id='par_1_103' title="bbox 623 5708 2119 5764">
     <span class='ocr_line' id='line_1_103' title="bbox 623 5708 2119 5764; baseline 0.002 -5"><span class='ocrx_word' id='word_1_779' title='bbox 623 5730 640 5759; x_wconf 73' lang='grc' dir='ltr'>ς</span> <span class='ocrx_word' id='word_1_780' title='bbox 683 5708 807 5763; x_wconf 79' lang='lat' dir='ltr'><strong>Ihec</strong></span> <span class='ocrx_word' id='word_1_781' title='bbox 834 5708 963 5763; x_wconf 89' lang='lat' dir='ltr'><strong>dicit</strong></span> <span class='ocrx_word' id='word_1_782' title='bbox 995 5708 1250 5761; x_wconf 84' lang='lat' dir='ltr'><strong>Dominus</strong></span> <span class='ocrx_word' id='word_1_783' title='bbox 1293 5708 1430 5762; x_wconf 90' lang='lat' dir='ltr'><strong>Deus</strong></span> <span class='ocrx_word' id='word_1_784' title='bbox 1462 5726 1473 5762; x_wconf 93' lang='lat'><strong>:</strong></span> <span class='ocrx_word' id='word_1_785' title='bbox 1500 5708 1597 5762; x_wconf 80' lang='lat' dir='ltr'><strong>llic</strong></span> <span class='ocrx_word' id='word_1_786' title='bbox 1624 5717 1705 5764; x_wconf 90' lang='lat' dir='ltr'><strong>est</strong></span> <span class='ocrx_word' id='word_1_787' title='bbox 1751 5708 2012 5764; x_wconf 89' lang='lat' dir='ltr'><strong>terminus</strong></span> <span class='ocrx_word' id='word_1_788' title='bbox 2066 5708 2119 5762; x_wconf 90' lang='lat' dir='ltr'><strong>in</strong></span> 
     </span>
    </p>
   </div>
   <div class='ocr_carea' id='block_1_104' title="bbox 2222 4621 3771 4695">
    <p class='ocr_par' dir='ltr' id='par_1_104' title="bbox 2222 4621 3771 4695">
     <span class='ocr_line' id='line_1_104' title="bbox 2222 4621 3771 4695; baseline 0.001 -19"><span class='ocrx_word' id='word_1_789' title='bbox 2222 4645 2236 4676; x_wconf 83' lang='grc' dir='ltr'><strong>ι</strong></span> <span class='ocrx_word' id='word_1_790' title='bbox 2285 4625 2467 4691; x_wconf 89' lang='lat' dir='ltr'><strong>Israel,</strong></span> <span class='ocrx_word' id='word_1_791' title='bbox 2490 4626 2616 4695; x_wconf 88' lang='lat' dir='ltr'><strong>quia</strong></span> <span class='ocrx_word' id='word_1_792' title='bbox 2637 4623 2833 4694; x_wconf 70' lang='lat' dir='ltr'><strong>Ioseph</strong></span> <span class='ocrx_word' id='word_1_793' title='bbox 2856 4622 3116 4693; x_wconf 88' lang='lat' dir='ltr'><strong>duplicem</strong></span> <span class='ocrx_word' id='word_1_794' title='bbox 3139 4621 3435 4677; x_wconf 77' lang='lat' dir='ltr'><strong>funiculum</strong></span> <span class='ocrx_word' id='word_1_795' title='bbox 3462 4623 3643 4678; x_wconf 86' lang='lat' dir='ltr'><strong>habet.</strong></span> <span class='ocrx_word' id='word_1_796' title='bbox 3666 4623 3771 4678; x_wconf 74' lang='lat' dir='ltr'><strong>Pes</strong></span> 
     </span>
    </p>
   </div>
   <div class='ocr_carea' id='block_1_105' title="bbox 2221 4710 3779 4783">
    <p class='ocr_par' dir='ltr' id='par_1_105' title="bbox 2221 4710 3779 4783">
     <span class='ocr_line' id='line_1_105' title="bbox 2221 4710 3779 4783; baseline 0.001 -18"><span class='ocrx_word' id='word_1_797' title='bbox 2221 4733 2238 4765; x_wconf 84' lang='grc'><strong><em>‹</em></strong></span> <span class='ocrx_word' id='word_1_798' title='bbox 2284 4713 2528 4768; x_wconf 89' lang='lat' dir='ltr'><strong>sidebitis</strong></span> <span class='ocrx_word' id='word_1_799' title='bbox 2574 4721 2756 4767; x_wconf 89' lang='lat' dir='ltr'><strong>autem</strong></span> <span class='ocrx_word' id='word_1_800' title='bbox 2800 4727 2921 4768; x_wconf 89' lang='lat' dir='ltr'><strong>eam</strong></span> <span class='ocrx_word' id='word_1_801' title='bbox 2948 4710 3143 4783; x_wconf 88' lang='lat' dir='ltr'><strong>singuli</strong></span> <span class='ocrx_word' id='word_1_802' title='bbox 3172 4726 3324 4780; x_wconf 74' lang='lat' dir='ltr'><strong>teque</strong></span> <span class='ocrx_word' id='word_1_803' title='bbox 3348 4719 3407 4765; x_wconf 91' lang='lat' dir='ltr'><strong>ut</strong></span> <span class='ocrx_word' id='word_1_804' title='bbox 3434 4712 3604 4766; x_wconf 83' lang='lat' dir='ltr'><strong>frater</strong></span> <span class='ocrx_word' id='word_1_805' title='bbox 3633 4726 3779 4776; x_wconf 87' lang='lat' dir='ltr'><strong>suus,</strong></span> 
     </span>
    </p>
   </div>
   <div class='ocr_carea' id='block_1_106' title="bbox 2224 4802 3783 4875">
    <p class='ocr_par' dir='ltr' id='par_1_106' title="bbox 2224 4802 3783 4875">
     <span class='ocr_line' id='line_1_106' title="bbox 2224 4802 3783 4875; baseline 0 -20"><span class='ocrx_word' id='word_1_806' title='bbox 2224 4826 2240 4855; x_wconf 80' lang='grc'><strong><em>‹</em></strong></span> <span class='ocrx_word' id='word_1_807' title='bbox 2284 4819 2445 4875; x_wconf 87' lang='lat' dir='ltr'><strong>super</strong></span> <span class='ocrx_word' id='word_1_808' title='bbox 2462 4818 2623 4873; x_wconf 90' lang='lat' dir='ltr'><strong>quam</strong></span> <span class='ocrx_word' id='word_1_809' title='bbox 2647 4802 2817 4857; x_wconf 88' lang='lat' dir='ltr'><strong>levavi</strong></span> <span class='ocrx_word' id='word_1_810' title='bbox 2841 4817 3057 4857; x_wconf 88' lang='lat' dir='ltr'><strong>manum</strong></span> <span class='ocrx_word' id='word_1_811' title='bbox 3083 4815 3259 4855; x_wconf 90' lang='lat' dir='ltr'><strong>meam</strong></span> <span class='ocrx_word' id='word_1_812' title='bbox 3273 4809 3329 4856; x_wconf 89' lang='lat' dir='ltr'><strong>ut</strong></span> <span class='ocrx_word' id='word_1_813' title='bbox 3345 4802 3531 4856; x_wconf 89' lang='lat' dir='ltr'><strong>darem</strong></span> <span class='ocrx_word' id='word_1_814' title='bbox 3552 4802 3783 4871; x_wconf 79' lang='lat' dir='ltr'><strong>patribus</strong></span> 
     </span>
    </p>
   </div>
   <div class='ocr_carea' id='block_1_107' title="bbox 2226 4892 3777 4961">
    <p class='ocr_par' dir='ltr' id='par_1_107' title="bbox 2226 4892 3777 4961">
     <span class='ocr_line' id='line_1_107' title="bbox 2226 4892 3777 4961; baseline -0.004 -14"><span class='ocrx_word' id='word_1_815' title='bbox 2226 4916 2243 4947; x_wconf 76' lang='grc' dir='ltr'><strong>ι</strong></span> <span class='ocrx_word' id='word_1_816' title='bbox 2289 4896 2502 4960; x_wconf 90' lang='lat' dir='ltr'><strong>vestris,</strong></span> <span class='ocrx_word' id='word_1_817' title='bbox 2523 4903 2578 4949; x_wconf 92' lang='lat' dir='ltr'><strong>et</strong></span> <span class='ocrx_word' id='word_1_818' title='bbox 2604 4894 2763 4949; x_wconf 85' lang='lat' dir='ltr'><strong>cadet</strong></span> <span class='ocrx_word' id='word_1_819' title='bbox 2780 4903 2924 4949; x_wconf 87' lang='lat' dir='ltr'><strong>terra</strong></span> <span class='ocrx_word' id='word_1_820' title='bbox 2946 4895 3060 4948; x_wconf 66' lang='lat' dir='ltr'><strong>haec</strong></span> <span class='ocrx_word' id='word_1_821' title='bbox 3086 4892 3237 4947; x_wconf 93' lang='lat' dir='ltr'><strong>vobis</strong></span> <span class='ocrx_word' id='word_1_822' title='bbox 3268 4892 3321 4946; x_wconf 92' lang='lat' dir='ltr'><strong>in</strong></span> <span class='ocrx_word' id='word_1_823' title='bbox 3337 4892 3777 4961; x_wconf 66' lang='lat' dir='ltr'><strong>possessionem:</strong></span> 
     </span>
    </p>
   </div>
   <div class='ocr_carea' id='block_1_108' title="bbox 2225 4983 3783 5060">
    <p class='ocr_par' dir='ltr' id='par_1_108' title="bbox 2225 4983 3783 5060">
     <span class='ocr_line' id='line_1_108' title="bbox 2225 4983 3783 5060; baseline -0.004 -19"><span class='ocrx_word' id='word_1_824' title='bbox 2225 4987 2554 5060; x_wconf 79' lang='grc' dir='ltr'><strong>(ΑιΙαηιαηι.)</strong></span> <span class='ocrx_word' id='word_1_825' title='bbox 2607 4986 2760 5043; x_wconf 78' lang='lat' dir='ltr'><strong>Sicut</strong></span> <span class='ocrx_word' id='word_1_826' title='bbox 2806 4987 3011 5041; x_wconf 72' lang='lat' dir='ltr'><strong>umbra:</strong></span> <span class='ocrx_word' id='word_1_827' title='bbox 3039 4994 3094 5040; x_wconf 90' lang='lat' dir='ltr'><strong>et</strong></span> <span class='ocrx_word' id='word_1_828' title='bbox 3145 4983 3441 5053; x_wconf 77' lang='lat' dir='ltr'><strong>exemplari</strong></span> <span class='ocrx_word' id='word_1_829' title='bbox 3484 4985 3783 5039; x_wconf 87' lang='lat' dir='ltr'><strong>deserviunt</strong></span> 
     </span>
    </p>
   </div>
   <div class='ocr_carea' id='block_1_109' title="bbox 2225 5073 3785 5148">
    <p class='ocr_par' dir='ltr' id='par_1_109' title="bbox 2225 5073 3785 5148">
     <span class='ocr_line' id='line_1_109' title="bbox 2225 5073 3785 5148; baseline -0.004 -17"><span class='ocrx_word' id='word_1_830' title='bbox 2225 5077 2521 5131; x_wconf 68' lang='lat' dir='ltr'><strong>caelestium</strong></span> <span class='ocrx_word' id='word_1_831' title='bbox 2554 5076 2639 5131; x_wconf 88' lang='lat' dir='ltr'><strong>his</strong></span> <span class='ocrx_word' id='word_1_832' title='bbox 2691 5077 2781 5147; x_wconf 92' lang='lat' dir='ltr'><strong>qui</strong></span> <span class='ocrx_word' id='word_1_833' title='bbox 2813 5077 2982 5147; x_wconf 87' lang='lat' dir='ltr'><strong>legem</strong></span> <span class='ocrx_word' id='word_1_834' title='bbox 3011 5074 3328 5148; x_wconf 81' lang='lat' dir='ltr'><strong>suscipiunt,</strong></span> <span class='ocrx_word' id='word_1_835' title='bbox 3357 5088 3476 5143; x_wconf 64' lang='lat' dir='ltr'><strong>quae</strong></span> <span class='ocrx_word' id='word_1_836' title='bbox 3514 5083 3597 5129; x_wconf 89' lang='lat' dir='ltr'><strong>est</strong></span> <span class='ocrx_word' id='word_1_837' title='bbox 3658 5073 3785 5127; x_wconf 78' lang='lat' dir='ltr'><strong>illius</strong></span> 
     </span>
    </p>
   </div>
   <div class='ocr_carea' id='block_1_110' title="bbox 2223 5164 3783 5237">
    <p class='ocr_par' dir='ltr' id='par_1_110' title="bbox 2223 5164 3783 5237">
     <span class='ocr_line' id='line_1_110' title="bbox 2223 5164 3783 5237; baseline -0.001 -18"><span class='ocrx_word' id='word_1_838' title='bbox 2223 5182 2363 5221; x_wconf 74' lang='lat' dir='ltr'><strong>vera:</strong></span> <span class='ocrx_word' id='word_1_839' title='bbox 2398 5167 2525 5237; x_wconf 84' lang='lat' dir='ltr'><strong>legis</strong></span> <span class='ocrx_word' id='word_1_840' title='bbox 2572 5167 2783 5233; x_wconf 87' lang='lat' dir='ltr'><strong>umbra,</strong></span> <span class='ocrx_word' id='word_1_841' title='bbox 2844 5168 2914 5222; x_wconf 88' lang='lat' dir='ltr'><strong>ita</strong></span> <span class='ocrx_word' id='word_1_842' title='bbox 2963 5166 3238 5236; x_wconf 81' lang='lat' dir='ltr'><strong>exemplar</strong></span> <span class='ocrx_word' id='word_1_843' title='bbox 3282 5172 3337 5220; x_wconf 91' lang='lat' dir='ltr'><strong>et</strong></span> <span class='ocrx_word' id='word_1_844' title='bbox 3366 5164 3554 5218; x_wconf 87' lang='lat' dir='ltr'><strong>umbra</strong></span> <span class='ocrx_word' id='word_1_845' title='bbox 3603 5179 3783 5219; x_wconf 53' lang='lat' dir='ltr'><strong>cense</strong></span> 
     </span>
    </p>
   </div>
   <div class='ocr_carea' id='block_1_111' title="bbox 2223 5253 3782 5326">
    <p class='ocr_par' dir='ltr' id='par_1_111' title="bbox 2223 5253 3782 5326">
     <span class='ocr_line' id='line_1_111' title="bbox 2223 5253 3782 5326; baseline -0.001 -17"><span class='ocrx_word' id='word_1_846' title='bbox 2223 5264 2449 5326; x_wconf 89' lang='lat' dir='ltr'><strong>quenter</strong></span> <span class='ocrx_word' id='word_1_847' title='bbox 2475 5265 2600 5312; x_wconf 90' lang='lat' dir='ltr'><strong>sunt</strong></span> <span class='ocrx_word' id='word_1_848' title='bbox 2627 5256 2904 5311; x_wconf 88' lang='lat' dir='ltr'><strong>divisionis</strong></span> <span class='ocrx_word' id='word_1_849' title='bbox 2947 5256 3185 5310; x_wconf 74' lang='lat' dir='ltr'><strong>caelestis</strong></span> <span class='ocrx_word' id='word_1_850' title='bbox 3233 5255 3317 5309; x_wconf 85' lang='lat' dir='ltr'><strong>his</strong></span> <span class='ocrx_word' id='word_1_851' title='bbox 3371 5254 3462 5323; x_wconf 90' lang='lat' dir='ltr'><strong>qui</strong></span> <span class='ocrx_word' id='word_1_852' title='bbox 3514 5254 3567 5307; x_wconf 92' lang='lat' dir='ltr'><strong>in</strong></span> <span class='ocrx_word' id='word_1_853' title='bbox 3617 5253 3782 5309; x_wconf 75' lang='lat' dir='ltr'><strong>Judzca</strong></span> 
     </span>
    </p>
   </div>
   <div class='ocr_carea' id='block_1_112' title="bbox 2220 5344 3783 5415">
    <p class='ocr_par' dir='ltr' id='par_1_112' title="bbox 2220 5344 3783 5415">
     <span class='ocr_line' id='line_1_112' title="bbox 2220 5344 3783 5415; baseline -0.003 -16"><span class='ocrx_word' id='word_1_854' title='bbox 2220 5346 2589 5400; x_wconf 69' lang='lat' dir='ltr'><strong>hmrcditatem</strong></span> <span class='ocrx_word' id='word_1_855' title='bbox 2618 5345 2859 5399; x_wconf 89' lang='lat' dir='ltr'><strong>dividunt</strong></span> <span class='ocrx_word' id='word_1_856' title='bbox 2892 5355 3067 5399; x_wconf 66' lang='lat' dir='ltr'><strong>terrae.</strong></span> <span class='ocrx_word' id='word_1_857' title='bbox 3096 5344 3228 5398; x_wconf 89' lang='lat' dir='ltr'><strong>Erat</strong></span> <span class='ocrx_word' id='word_1_858' title='bbox 3264 5358 3393 5415; x_wconf 88' lang='lat' dir='ltr'><strong>ergo</strong></span> <span class='ocrx_word' id='word_1_859' title='bbox 3424 5344 3478 5397; x_wconf 91' lang='lat' dir='ltr'><strong>in</strong></span> <span class='ocrx_word' id='word_1_860' title='bbox 3508 5344 3669 5399; x_wconf 68' lang='lat' dir='ltr'><strong>caelis</strong></span> <span class='ocrx_word' id='word_1_861' title='bbox 3706 5357 3783 5396; x_wconf 82' lang='lat' dir='ltr'><strong>ve—</strong></span> 
     </span>
    </p>
   </div>
   <div class='ocr_carea' id='block_1_113' title="bbox 2223 5433 3780 5503">
    <p class='ocr_par' dir='ltr' id='par_1_113' title="bbox 2223 5433 3780 5503">
     <span class='ocr_line' id='line_1_113' title="bbox 2223 5433 3780 5503; baseline -0.002 -14"><span class='ocrx_word' id='word_1_862' title='bbox 2223 5436 2373 5498; x_wconf 86' lang='lat' dir='ltr'><strong>ritas,</strong></span> <span class='ocrx_word' id='word_1_863' title='bbox 2428 5436 2616 5489; x_wconf 90' lang='lat' dir='ltr'><strong>umbra</strong></span> <span class='ocrx_word' id='word_1_864' title='bbox 2670 5449 2801 5489; x_wconf 86' lang='lat' dir='ltr'><strong>vero</strong></span> <span class='ocrx_word' id='word_1_865' title='bbox 2847 5433 3205 5503; x_wconf 81' lang='lat' dir='ltr'><strong>etcxcmplar</strong></span> <span class='ocrx_word' id='word_1_866' title='bbox 3233 5434 3481 5487; x_wconf 87' lang='lat' dir='ltr'><strong>veritatis</strong></span> <span class='ocrx_word' id='word_1_867' title='bbox 3511 5433 3566 5487; x_wconf 92' lang='lat' dir='ltr'><strong>in</strong></span> <span class='ocrx_word' id='word_1_868' title='bbox 3618 5433 3780 5493; x_wconf 84' lang='lat' dir='ltr'><strong>terris.</strong></span> 
     </span>
    </p>
   </div>
   <div class='ocr_carea' id='block_1_114' title="bbox 2220 5520 3782 5599">
    <p class='ocr_par' dir='ltr' id='par_1_114' title="bbox 2220 5520 3782 5599">
     <span class='ocr_line' id='line_1_114' title="bbox 2220 5520 3782 5599; baseline -0.004 -18"><span class='ocrx_word' id='word_1_869' title='bbox 2220 5537 2275 5581; x_wconf 91' lang='lat' dir='ltr'><strong>et</strong></span> <span class='ocrx_word' id='word_1_870' title='bbox 2308 5527 2477 5581; x_wconf 87' lang='lat' dir='ltr'><strong>donec</strong></span> <span class='ocrx_word' id='word_1_871' title='bbox 2508 5525 2694 5580; x_wconf 89' lang='lat' dir='ltr'><strong>umbra</strong></span> <span class='ocrx_word' id='word_1_872' title='bbox 2727 5525 2841 5580; x_wconf 83' lang='lat' dir='ltr'><strong>haec</strong></span> <span class='ocrx_word' id='word_1_873' title='bbox 2867 5524 3151 5579; x_wconf 90' lang='lat' dir='ltr'><strong>constabat</strong></span> <span class='ocrx_word' id='word_1_874' title='bbox 3199 5524 3251 5599; x_wconf 81' lang='lat' dir='ltr'><strong>in</strong></span> <span class='ocrx_word' id='word_1_875' title='bbox 3311 5524 3496 5588; x_wconf 86' lang='lat' dir='ltr'><strong>terris,</strong></span> <span class='ocrx_word' id='word_1_876' title='bbox 3549 5533 3667 5577; x_wconf 86' lang='lat' dir='ltr'><strong>erat</strong></span> <span class='ocrx_word' id='word_1_877' title='bbox 3707 5520 3782 5577; x_wconf 81' lang='lat' dir='ltr'><strong>Je-</strong></span> 
     </span>
    </p>
   </div>
   <div class='ocr_carea' id='block_1_115' title="bbox 2224 5611 3780 5680">
    <p class='ocr_par' dir='ltr' id='par_1_115' title="bbox 2224 5611 3780 5680">
     <span class='ocr_line' id='line_1_115' title="bbox 2224 5611 3780 5680; baseline -0.005 -11"><span class='ocrx_word' id='word_1_878' title='bbox 2224 5616 2459 5669; x_wconf 89' lang='lat' dir='ltr'><strong>rusalem</strong></span> <span class='ocrx_word' id='word_1_879' title='bbox 2488 5614 2780 5676; x_wconf 89' lang='lat' dir='ltr'><strong>terrestris,</strong></span> <span class='ocrx_word' id='word_1_880' title='bbox 2807 5622 2923 5666; x_wconf 86' lang='lat' dir='ltr'><strong>erat</strong></span> <span class='ocrx_word' id='word_1_881' title='bbox 2953 5613 3227 5680; x_wconf 88' lang='lat' dir='ltr'><strong>templum,</strong></span> <span class='ocrx_word' id='word_1_882' title='bbox 3256 5621 3374 5667; x_wconf 90' lang='lat' dir='ltr'><strong>erat</strong></span> <span class='ocrx_word' id='word_1_883' title='bbox 3402 5611 3577 5666; x_wconf 88' lang='lat' dir='ltr'><strong>altare</strong></span> <span class='ocrx_word' id='word_1_884' title='bbox 3602 5622 3656 5667; x_wconf 91' lang='lat' dir='ltr'><strong>et</strong></span> <span class='ocrx_word' id='word_1_885' title='bbox 3680 5620 3780 5665; x_wconf 70' lang='lat' dir='ltr'><strong>erat</strong></span> 
     </span>
    </p>
   </div>
   <div class='ocr_carea' id='block_1_116' title="bbox 2226 5700 3775 5770">
    <p class='ocr_par' dir='ltr' id='par_1_116' title="bbox 2226 5700 3775 5770">
     <span class='ocr_line' id='line_1_116' title="bbox 2226 5700 3775 5770; baseline -0.002 -15"><span class='ocrx_word' id='word_1_886' title='bbox 2226 5704 2446 5758; x_wconf 86' lang='lat' dir='ltr'><strong>visibilis</strong></span> <span class='ocrx_word' id='word_1_887' title='bbox 2468 5703 2661 5760; x_wconf 88' lang='lat' dir='ltr'><strong>cultus.</strong></span> <span class='ocrx_word' id='word_1_888' title='bbox 2698 5710 2851 5758; x_wconf 86' lang='lat' dir='ltr'><strong>erant</strong></span> <span class='ocrx_word' id='word_1_889' title='bbox 2885 5702 3166 5770; x_wconf 68' lang='lat' dir='ltr'><strong>pontifices</strong></span> <span class='ocrx_word' id='word_1_890' title='bbox 3194 5709 3249 5755; x_wconf 90' lang='lat' dir='ltr'><strong>et</strong></span> <span class='ocrx_word' id='word_1_891' title='bbox 3294 5700 3625 5767; x_wconf 78' lang='lat' dir='ltr'><strong>sacerdotes,</strong></span> <span class='ocrx_word' id='word_1_892' title='bbox 3670 5715 3775 5755; x_wconf 81' lang='lat' dir='ltr'><strong>con-</strong></span> 
     </span>
    </p>
   </div>
  </div>
