3924 6340
212 353 356 411 1061

1158 348 1510 406 COMMENT.
1552 348 1631 402 l",
1679 344 2131 402 EZEClllELEM.
2169 375 2237 385 —
2276 345 2403 402 LIB.
2447 346 2563 401 XX.

3342 358 3363 411 i
3376 358 3479 414 062

209 467 434 523 stabant
455 467 617 522 etiam
645 465 892 521 civitates
916 471 971 517 et
1004 462 1107 517 vici
1135 461 1303 526 Iudae,
1333 472 1386 515 et
1434 459 1615 514 omnia
1660 472 1793 522 arce,
1824 462 1873 519 Α
1901 456 2041 524 quod
2070 471 2167 511 nos
2190 457 2441 521 diximus,
2470 476 2487 509 ι
2517 459 2639 528 quia
2669 458 2862 530 Joscph
2895 462 3158 532 duplicem
3186 464 3479 525 funiculum

209 572 338 625 quae
389 573 533 613 nunc
562 558 615 612 in
667 557 807 612 libro
856 556 960 610 hoc
1002 554 1272 624 descripta
1324 568 1445 608 esse
1482 551 1795 607 recitantur.
1832 616 1833 619 η

209 652 352 707 Cum
383 666 513 706 vero
539 651 595 706 in
624 649 856 704 adventu
897 646 1191 702 Salvatoris
1218 644 1311 699 Dei
1349 644 1522 699 nostri
1551 644 1617 698 de
1646 641 1799 697 caelis

212 740 496 795 descendit
526 737 671 794 salus
707 756 720 791 :
759 757 776 789 ι
812 736 1026 793 Veritas
1062 736 1128 791 de
1170 746 1311 790 terra
1355 742 1474 788 orta
1502 744 1606 799 est,
1637 743 1693 787 et
1714 730 1799 799 ju-

212 830 365 885 stitia
402 830 466 884 de
495 828 632 883 caelo
668 827 946 898 prospexit
992 824 1164 887 (Paul.
1196 826 1438 894 Lxxxiv),
1492 824 1696 879 umbra
1745 830 1800 877 et

214 920 548 991 exemplaria
597 919 929 974 ceciderunt.
1003 916 1212 972 Cecidit
1267 916 1409 971 enim
1459 912 1796 978 Jerusalem,
1836 982 1837 985 η

214 1012 414 1067 cecidit
437 1011 717 1081 templum,
748 1009 918 1064 altare
967 1007 1234 1062 sublatum
1277 1016 1381 1072 est,
1422 1013 1481 1060 ut
1526 1019 1700 1073 neque
1744 1005 1797 1057 in

216 1112 403 1157 monte
453 1101 689 1158 Garizim
725 1115 897 1171 neque
945 1102 998 1155 in
1050 1099 1346 1155 Jerusalem
1400 1099 1471 1154 sit
1515 1098 1665 1153 locus
1705 1096 1795 1152 ubi

214 1199 426 1264 oportet
457 1193 703 1256 adorare,
735 1192 830 1246 sed
866 1208 884 1241 ι
917 1189 1030 1245 veri
1064 1189 1393 1253 adoratores,
1438 1189 1529 1258 qui
1572 1188 1799 1243 adorant

215 1283 455 1347 Patrem,
504 1281 558 1335 in
585 1280 778 1350 spiritu
806 1288 860 1334 et
885 1280 1113 1334 veritate
1138 1280 1362 1334 adorent
1409 1277 1592 1348 (Joan.
1639 1276 1734 1347 tv).
1773 1296 1791 1329 ι

216 1372 312 1427 Sic
332 1386 461 1441 ergo
489 1378 757 1441 praesente
781 1370 1009 1435 veritate
1036 1376 1193 1439 typus
1222 1375 1277 1420 et
1324 1370 1516 1422 umbra
1545 1366 1794 1421 cessavit.

216 1464 281 1518 Et
308 1477 430 1518 cum
476 1460 695 1515 adesset
732 1459 987 1528 templum
1026 1458 1183 1520 illud,
1212 1458 1356 1527 quod
1396 1472 1494 1526 per
1535 1456 1797 1527 Spiritum

215 1554 312 1609 Dei
342 1562 396 1608 et
426 1552 678 1606 virtutem
714 1548 976 1604 Altissimi
1006 1548 1060 1602 in
1091 1554 1246 1602 utero
1286 1545 1525 1616 Virginis
1569 1544 1799 1601 fabrica-

218 1652 339 1694 tum
368 1651 475 1705 est,
500 1641 740 1694 dirutum
768 1648 854 1695 est
877 1640 1137 1708 templum
1168 1654 1233 1693 ex
1267 1638 1543 1708 lapidibus
1572 1638 1805 1695 fabrica-

219 1746 359 1789 tum.
402 1733 604 1788 Aderat
632 1731 874 1801 pontifex
897 1730 1209 1786 futurorum
1232 1730 1524 1795 bonorum,
1555 1746 1809 1788 cessave-

1903 546 2083 612 habet,
2114 566 2131 598 ›
2158 546 2299 601 LXX
2324 550 2715 606 transtulerunt
2742 570 2758 602 ι
2789 563 3131 623 augmentum
3162 555 3419 627 funiculi;
3454 580 3475 615 ι

1899 639 2095 693 etenim
2121 638 2318 708 Joseph
2344 638 2729 710 interpretatur
2756 659 3108 716 augmentum,
3156 668 3271 707 rem
3318 654 3479 711 intel-

1894 728 2123 801 ligentes
2177 744 2274 798 pro
2329 732 2567 787 nomine.
2597 742 2649 785 et
2697 733 2911 790 lectoris
2965 740 3201 795 animum
3253 744 3481 799 confun-

1899 820 2104 875 dentes.
2148 820 2432 876 Subtracta
2462 824 2602 877 enim
2642 823 2875 895 Levitica
2916 830 3054 882 tribu
3091 841 3145 885 et
3175 834 3355 903 templi
3385 851 3478 890 sa-

1899 911 2118 967 criﬁciis
2141 911 2403 983 delegata,
2428 918 2781 971 remanebant
2809 920 2912 974 duo
2937 921 3105 977 tribus
3132 940 3358 993 quarum
3381 928 3474 983 Jo-

1898 1002 2029 1070 seph
2070 1000 2239 1055 divisa
2281 1011 2363 1056 est
2411 1003 2462 1057 in
2496 1004 2647 1068 duas,
2680 1006 2934 1075 Ephraim
2981 1019 3035 1065 et
3079 1011 3348 1079 Manasse,
3380 1019 3475 1086 qui

1899 1091 2150 1144 dixerunt
2192 1091 2257 1145 ad
2297 1090 2461 1147 Josue
2501 1093 2667 1148 filium
2699 1096 2815 1150 Nun
2849 1116 2861 1150 :
2892 1098 3067 1165 Quare
3102 1102 3291 1158 dedisti
3342 1107 3475 1162 mihi

1896 1180 2292 1248 possessionem
2318 1182 2479 1236 sortis
2509 1191 2562 1236 et
2587 1182 2805 1239 funiculi
2831 1188 3010 1254 unius,
3040 1206 3161 1245 cum
3187 1193 3287 1247 sim
3316 1204 3475 1251 tanta:

1896 1271 2252 1326 multitudinis
2310 1281 2366 1326 et
2416 1273 2752 1329 benedixerit
2788 1258 2918 1332 mihi
2969 1280 3262 1337 Dominus?
3294 1284 3475 1355 (Iosue

1896 1361 2053 1434 xvu.)
2089 1363 2295 1429 Quibus
2322 1366 2599 1433 respondit
2638 1364 2801 1421 Josue
2833 1386 2846 1422 :
2885 1386 2901 1419 α
2935 1369 2991 1424 Si
3020 1374 3247 1443 populus
3276 1378 3477 1432 multus

1898 1469 1975 1519 es,
2005 1454 2234 1508 ascende
2264 1455 2316 1508 in
2346 1456 2572 1527 sylvam,
2596 1467 2649 1511 et
2677 1460 2893 1515 suecide
2916 1462 3009 1515 tibi
3043 1466 3213 1533 spatia
3248 1466 3298 1520 in
3331 1478 3476 1525 terra
3545 1469 3549 1472 ’

1896 1542 2166 1600 Pherezaei
2202 1554 2255 1597 et
2284 1544 2561 1615 Raphaim,
2593 1548 2717 1617 quia
2755 1559 2979 1620 angusta
3006 1562 3089 1607 est
3127 1555 3221 1609 tibi
3258 1573 3473 1626 posses-

1896 1634 1979 1688 sio
2003 1634 2202 1687 montis
2228 1634 2500 1703 Ephraim.
2547 1656 2565 1687 ι
2611 1638 2674 1691 Ει
2701 1640 2942 1716 iterum;
2979 1662 2995 1693 ι
3032 1643 3280 1716 Dicitque
3308 1646 3473 1704 Josue

1898 1723 1963 1777 ad
1991 1723 2206 1777 domum
2224 1723 2479 1794 Ephraim
2502 1734 2556 1780 et
2579 1726 2822 1783 Manasse
2841 1749 2853 1783 :
2874 1730 3105 1801 Populus
3128 1736 3325 1791 multus
3340 1752 3397 1792 es
3420 1747 3475 1794 et

222 1838 349 1885 runt
375 1825 667 1899 pontifices
690 1836 974 1881 taurorum
1014 1836 1070 1880 et
1107 1825 1409 1881 hircorum.
1438 1810 1867 1895 VenitAgnusB
1898 1826 2103 1881 ωθεητε
2133 1811 2483 1877 “nundinis,
2526 1830 2631 1870 ηοη
2662 1818 2882 1873 habebis
2917 1830 3118 1877 sortem
3150 1841 3329 1887 unam,
3379 1829 3475 1883 sed

222 1922 341 1981 Dei.
364 1923 452 1981 uni
479 1920 622 1975 tollit
644 1933 863 1989 peccata
888 1920 1075 1973 mundi
1102 1919 1287 1987 (Joan.
1310 1919 1371 1983 ι),
1395 1917 1606 1973 destitit
1633 1934 1807 1987 agnus

216 2010 279 2046 ex
306 1995 604 2063 pecudibus
630 2009 960 2066 assumptus,
992 2004 1046 2050 et
1071 1996 1432 2065 nequidquam
1463 2011 1625 2067 atque
1672 1998 1789 2052 ina-

183 2085 359 2149 ‘niter
398 2094 476 2140 tot
504 2086 716 2141 saeculis
749 2086 1039 2157 jugulatus.
1069 2086 1322 2142 Refertur
1364 2103 1493 2158 ergo
1536 2087 1709 2157 prima
1737 2097 1793 2142 et

211 2175 448 2228 secunda
477 2175 807 2231 hzereditatis
834 2176 973 2231 facta
998 2177 1208 2231 divisio.
1243 2176 1424 2231 Prima
1452 2178 1669 2247 quidem
1694 2166 1791 2247 per

212 2266 453 2335 Moysen,
480 2269 713 2322 secunda
738 2283 885 2331 vero,
912 2284 1031 2338 qua:
1058 2277 1114 2323 et
1137 2270 1408 2338 potentior
1448 2277 1547 2333 est,
1571 2282 1669 2339 per
1704 2267 1790 2324 Je-

209 2371 332 2410 sum
372 2356 514 2410 facta
557 2358 901 2411 describitur.
960 2358 1242 2430 (Ναιίαη.)
1280 2357 1348 2412 Et
1390 2358 1602 2430 Moyses
1638 2368 1789 2413 trans

208 2445 501 2502 Jordanem
553 2449 711 2503 tribui
765 2448 974 2513 Ruben,
1021 2456 1077 2503 et
1116 2448 1279 2504 tribui
1310 2450 1425 2507 Gad
1463 2460 1518 2507 et
1555 2451 1790 2505 dimidiae

209 2539 372 2593 tribui
403 2540 646 2596 Manasse
676 2541 1072 2611 possessionem
1119 2543 1385 2609 decernit,
1434 2544 1618 2600 caeteri
1661 2560 1789 2599 vero

207 2649 398 2690 omnes
440 2650 537 2703 per
581 2634 764 2690 Jesum
815 2636 1115 2705 suscipiunt
1163 2635 1535 2693 haereditatem
1598 2636 1785 2707 (Num.

211 2726 407 2798 xxxii).
439 2728 683 2783 Diximus
702 2725 816 2795 jam
845 2728 994 2797 prius
1032 2730 1299 2799 quomodo
1332 2744 1428 2798 per
1453 2730 1642 2801 legem-
1674 2728 1788 2799 pla-

205 2828 438 2873 euerunt
461 2819 571 2874 Deo
593 2821 958 2889 praecedentes
985 2830 1226 2891 tempore
1252 2837 1367 2885 eos,
1395 2822 1483 2891 qui
1511 2836 1606 2891 per
1627 2821 1787 2877 ﬁdem

204 2908 334 2963 Jesu
368 2910 433 2963 ad
456 2910 721 2979 promissa
752 2912 1093 2981 perveniunt,
1135 2912 1372 2967 nondum
1401 2927 1464 2967 ea
1507 2927 1627 2981 qua:
1661 2927 1786 2981 per-

206 2998 351 3054 fecta
372 3007 498 3053 sunt
522 3009 943 3069 consequuntur,
974 3010 1350 3072 exspectantes
1376 3016 1469 3057 eos
1491 3002 1581 3071 qui
1606 3009 1789 3072 poste-

203 3089 380 3143 riores
411 3088 625 3143 diverso
647 3089 862 3158 quidem
904 3100 1164 3161 tempore,
1201 3093 1295 3147 sed
1321 3109 1426 3147 una
1464 3093 1569 3149 fide
1602 3094 1785 3163 place-

1894 1902 2152 1958 transibis
2179 1904 2247 1958 ad
2276 1915 2514 1961 montem
2543 1917 2599 1962 et
2638 1912 2879 1966 succidcs
2909 1914 3006 1968 tibi
3035 1925 3196 1985 atque
3222 1920 3475 1990 purgabis

1886 1991 1961 2047 ad
1990 1992 2337 2048 habitandum
2363 1998 2533 2065 spatia
2560 2007 2614 2053 et
2640 2002 2841 2069 poteris
2865 2002 3004 2057 ultra
3033 1992 3322 2074 procedere
3351 2026 3472 2065 cutn

1892 2080 2223 2136 subverteris
2250 2084 2636 2153 Chananaaum,
2664 2094 2822 2158 quem
2855 2091 2990 2146 dicis
3024 2092 3251 2150 ferreos-
3274 2097 3477 2155 habere

1890 2185 2081 2225 currus
2105 2180 2159 2226 et
2182 2187 2303 2228 esse
2326 2172 2697 2232 fortissimum.
2732 2198 2751 2229 ι
2778 2179 2890 2235 Hoc
2910 2192 3195 2251 propterea
3221 2186 3471 2254 dixerim,

1890 2260 2016 2329 quia
2057 2276 2201 2317 nunc
2251 2262 2531 2335 Scriptura
2574 2280 2963 2325 commemorat
3001 2269 3228 2343 Ioseph,
3266 2288 3367 2333 noc
3394 2286 3476 2334 est

1889 2350 2147 2421 Ephraim
2195 2363 2250 2408 et
2308 2354 2554 2413 Manasse
2602 2359 2867 2429 duplicem
2919 2362 3121 2419 habere
3150 2365 3472 2434 funiculum,

1890 2440 2114 2512 singulae
2140 2453 2317 2500 autem
2343 2447 2513 2503 tribus
2529 2458 2680 2519 juxta
2694 2451 3090 2509 multitudinem
3114 2450 3266 2513 suain
3290 2475 3474 2531 requa-

1889 2531 1959 2586 ila
1990 2534 2263 2604 accipiunt
2296 2546 2453 2594 terrm
2482 2542 2675 2610 spatia,
2708 2558 3047 2613 nequaquam
3074 2548 3300 2605 arbitrio
3329 2551 3469 2605 divi-

1890 2623 2085 2689 dentis,
2115 2626 2209 2680 sed
2236 2638 2405 2693 sorte,
2429 2644 2548 2698 quae
2582 2630 2633 2683 in
2663 2631 2874 2687 Domini
2897 2644 3172 2703 potestate
3202 2640 3469 2695 consistit.

1888 2712 1944 2766 ln
1972 2717 2358 2771 consuetudine
2385 2720 2600 2789 quidem
2626 2722 2902 2777 hominum
2940 2742 3062 2780 eum
3096 2727 3299 2799 aliquid
3325 2741 3472 2789 sorte

1889 2801 2162 2867 dividitur,
2196 2802 2418 2859 fortuito
2446 2808 2658 2861 videtur
2693 2825 2811 2865 sors
2835 2811 2923 2866 illa
2951 2816 3017 2868 ad
3049 2814 3221 2882 illum,
3258 2818 3343 2873 vel
3366 2820 3469 2875 alia
3550 2842 3566 2860 ο

1888 2891 1953 2944 ad
1989 2891 2153 2945 alium
2187 2895 2414 2963 cedere;
2440 2896 2495 2951 in
2537 2896 2813 2967 Scriptura
2840 2902 3019 2957 autem
3049 2916 3233 2960 sancta
3260 2924 3364 2962 non
3395 2910 3469 2964 ita

1886 2990 1968 3037 est
1997 3000 2010 3036 :
2036 2992 2089 3037 et
2120 2985 2444 3055 aliquotiens
2480 2990 2783 3057 quaerebam
2828 2993 2965 3061 apud
3013 2997 3389 3066 memetipsum
3420 3001 3469 3054 si

1887 3071 1953 3126 de
1979 3085 2036 3126 re
2085 3081 2234 3128 tanta
2273 3090 2337 3129 ae
2367 3075 2459 3129 tali
2503 3078 2691 3133 Patres
2719 3082 2891 3136 sancti
2931 3084 3168 3139 sortibus
3204 3086 3469 3154 judicium

206 3177 359 3241 bunt,
387 3177 832 3247 sicutApostolus
869 3158 1219 3249 dixit—(Hebr.
1250 3182 1365 3252 xt):
1404 3182 1500 3237 «Ut
1526 3158 1632 3237 non
1667 3183 1788 3238 sine

1888 3162 2307 3217 commisissent.
2336 3164 2487 3231 Quod
2516 3167 2561 3221 si
2576 3158 2871 3239 essetapud
2895 3182 3110 3229 sanctos
3131 3176 3203 3229 ita
3232 3186 3466 3247 gestum,

203 3269 362 3323 nobis
392 3269 778 3338 perfectionem
801 3283 1292 3340 consequerentur.
1317 3291 1334 3324 ι
1359 3274 1510 3341 Quod
1545 3276 1646 3329 sub
1692 3273 1784 3327 tali

201 3359 454 3429 exemplo
485 3366 781 3427 possumus
803 3358 1093 3429 coniicere.
1127 3359 1183 3415 Si
1210 3361 1355 3415 enim
1390 3381 1409 3413 ‹
1466 3363 1608 3417 Deus
1660 3378 1783 3416 eum

202 3450 540 3520 dispergeret
568 3450 706 3505 filios
731 3449 923 3514 Adam,
947 3450 1136 3505 statuit
1164 3448 1297 3507 fines
1324 3452 1563 3523 gentium
1594 3464 1783 3507 secun-

202 3540 331 3594 dum
350 3556 631 3594 numerum
658 3540 969 3611 angelorum
994 3541 1109 3605 Dei,
1146 3560 1164 3593 ι
1199 3540 1283 3596 vel
1308 3542 1439 3596 utin
1462 3542 1582 3596 aliis
1603 3556 1784 3595 exem—

201 3631 444 3701 plaribus
466 3631 713 3701 legimus,
752 3651 769 3681 ‹
800 3632 1094 3686 secundum
1119 3647 1401 3687 numerum
1444 3632 1672 3687 filiorum
1703 3632 1781 3687 ls-

202 3720 319 3774 rael
355 3740 373 3772 ›
406 3720 459 3774 in
488 3720 642 3774 initio
667 3720 873 3784 mundi,
908 3727 961 3773 et
985 3721 1055 3772 ita
1092 3720 1317 3789 dispersi
1348 3731 1476 3775 sunt
1505 3720 1601 3775 ﬁlii
1640 3720 1783 3774 illius

200 3810 372 3863 Adam
415 3809 557 3864 sicut
581 3808 664 3862 vel
703 3808 916 3862 illorum
948 3808 1137 3861 merita
1160 3807 1245 3862 vel
1276 3809 1445 3885 ipsius
1491 3808 1622 3863 Δότε
1650 3823 1782 3865 con-

200 3900 481 3969 templatio
505 3898 847 3969 postulabat:
879 3899 1007 3968 quid
1049 3899 1289 3955 dicemus
1347 3899 1609 3966 futurum,
1660 3917 1781 3957 cum

200 3991 483 4047 novissimi
512 3991 706 4055 Adam,
737 3991 826 4059 qui
859 4005 963 4045 non
989 3990 1041 4044 in
1092 3990 1328 4044 animam
1360 3990 1649 4056 viventem,
1690 3993 1783 4046 sed

201 4086 258 4139 in
304 4084 492 4154 spiritu
543 4082 900 4137 viviﬁcantem
930 4082 1102 4136 factus
1127 4091 1229 4144 est,
1254 4080 1482 4150 coeperit
1508 4076 1646 4135 filios
1676 4096 1781 4136 non

200 4174 534 4244 dispergere,
577 4172 669 4227 sed
720 4171 1031 4241 dispensare
1069 4180 1232 4239 atque
1270 4171 1556 4240 disponere
1599 4170 1781 4237 divina

202 4263 536 4334 dignatione,
568 4276 672 4317 non
717 4263 770 4314 in
814 4261 986 4326 initio,
1029 4261 1121 4315 sed
1152 4261 1203 4314 in
1234 4261 1339 4315 fine
1363 4262 1544 4315 mundi
1557 4302 1570 4326 ,
1598 4269 1781 4317 etnon

202 4356 335 4420 illis,
363 4355 454 4425 qui
484 4355 537 4409 in
561 4353 729 4407 Adam
764 4367 953 4406 omnes
988 4352 1186 4406 mortui
1232 4360 1375 4416 sunt,
1416 4353 1510 4407 sed
1566 4353 1644 4407 eis
1690 4353 1779 4423 qui

204 4449 262 4501 in
285 4446 500 4501 Christo
526 4458 712 4499 omnes
732 4440 985 4497 vivificati
1016 4451 1163 4505 sunt,
1192 4442 1309 4496 sine
1331 4443 1494 4497 dubio
1525 4451 1651 4495 tunc
1678 4444 1779 4496 erit

1879 3249 2082 3319 jamde
2111 3252 2228 3307 aliis
2255 3253 2559 3309 hominibus
2590 3257 2673 3309 vel
2717 3259 2964 3327 gentibus
2993 3262 3127 3315 nihil
3156 3265 3351 3318 mirum
3386 3269 3464 3322 vi-

1884 3338 2049 3404 deris,
2082 3340 2126 3394 si
2170 3340 2303 3395 nihil
2344 3342 2633 3407 haberetur
2653 3348 2909 3401 eximium
2942 3350 2995 3403 in
3032 3350 3116 3405 his
3141 3368 3312 3422 qutea
3338 3371 3466 3410 san-

1884 3428 1985 3483 ctis
2009 3429 2260 3483 dicuntur
2290 3441 2439 3487 sorte
2466 3434 2657 3488 divisa.
2708 3434 2814 3491 Sed
2847 3437 3124 3494 videamus
3155 3443 3197 3496 si
3227 3441 3363 3499 forte
3410 3446 3465 3500 in

1886 3513 2180 3586 Scriptut‘is
2224 3518 2427 3589 aliquid
2470 3522 2805 3595 inveniamus
2856 3540 2975 3582 esse
3020 3530 3273 3597 positum,
3323 3533 3466 3600 quod

1885 3605 2039 3661 nobis
2059 3607 2187 3677 quid
2212 3608 2429 3665 virtutis
2448 3612 2787 3669 contineatur
2803 3614 2854 3668 in
2879 3618 3461 3676 sortibusintanifestet.

1882 3696 2205 3765 Incipiamus
2231 3699 2395 3770 igitttr
2420 3716 2451 3755 a
2480 3702 2739 3765 chitieo.
2769 3704 2858 3760 ubi
2886 3709 3144 3778 scriptum
3184 3721 3268 3765 est
3295 3730 3307 3765 :
3349 3732 3366 3763 ι
3399 3714 3465 3767 Et

1883 3788 2169 3857 accipient,
2210 3790 2403 3860 inquit,
2442 3794 2578 3848 duas
2604 3804 2798 3861 sortes,
2828 3812 2947 3853 sors
2986 3816 3092 3854 una
3124 3801 3370 3869 Domino,
3409 3817 3465 3861 et

1883 3892 2001 3933 sors
2029 3894 2131 3932 una
2157 3880 2539 3951 Apopompzeo.
2562 3884 2663 3938 hoc
2686 3895 2769 3941 est
2801 3889 3187 3945 transmissori.
3215 3892 3281 3946 Et
3300 3909 3464 3963 super

1884 3985 2258 4041 quemcunque
2313 3974 2520 4028 venerit
2577 3990 2736 4041 sors,
2798 3977 3141 4052 Apopompaei
3193 3986 3461 4054 accipient

1882 4061 2089 4116 hircum
2131 4060 2281 4116 illum
2330 4072 2397 4118 et
2424 4064 2693 4120 abducent
2728 4067 2780 4120 in
2833 4068 3006 4123 locum
3058 4073 3227 4128 eremi
3254 4076 3457 4143 vivum,

1880 4158 1935 4205 et
1958 4150 2229 4205 dimittent
2255 4151 2402 4207 illum
2432 4153 2481 4206 in
2510 4154 2879 4227 dimissionem
2906 4174 3079 4226 suam,
3131 4160 3294 4217 aliunt
3331 4182 3460 4221 vero

1881 4241 2093 4297 hircum
2132 4241 2484 4298 immolabunt
2530 4245 2776 4311 Domino,
2834 4267 2851 4299 ι
2882 4258 2937 4303 et
2967 4250 3191 4320 reliqua,
3238 4270 3357 4323 quae
3387 4258 3459 4312 ibi

1882 4342 2029 4397 sunt,
2052 4348 2170 4402 qua:
2193 4334 2376 4403 utique
2404 4336 2602 4401 sciunt,
2633 4338 2724 4405 qui
2754 4338 2960 4408 legunt.
2992 4341 3059 4396 Et
3088 4343 3280 4399 iterum
3316 4364 3329 4399 :
3368 4350 3458 4403 ubi

1884 4421 2089 4493 Moyses
2118 4432 2263 4479 sorte
2292 4424 2473 4479 divisit
2504 4426 2662 4481 tribui
2702 4427 2889 4483 Ruben
2938 4441 2993 4484 ει
3022 4432 3183 4487 tribui
3236 4432 3351 4489 Gad
3404 4446 3462 4490 ct

694 4540 750 4587 et
778 4530 1083 4587 distributio
1124 4496 1265 4596 talis,
1300 4544 1418 4600 quae
1455 4547 1561 4586 non
1607 4531 1777 4586 solum
1808 4496 1856 4554 Β
1883 4512 2116 4568 dimidii”
2150 4515 2307 4569 “ibi”
2335 4515 2611 4581 λίθηίιδδεεν
2641 4534 2758 4587 (lum
2787 4532 3141 4589 Poposceralli
3170 4532 3321 4579 trans
3338 4526 3461 4581 101'.

203 4624 552 4698 promeritis
583 4638 792 4687 eorum,
822 4622 1281 4690 quidispensant,
1315 4621 1410 4676 sed
1446 4628 1499 4676 et
1537 4636 1655 4690 qua:
1682 4635 1779 4688 pro

203 4710 484 4768 novissimi
538 4708 708 4763 Adam
761 4707 815 4760 in
854 4722 961 4776 quo
1001 4720 1191 4761 omnes
1236 4706 1543 4761 vivificandi
1595 4705 1780 4760 dicunt

204 4800 654 4871 contemplatione
680 4799 952 4869 pensanda
976 4798 1063 4853 sit.
1086 4797 1271 4853 Gratia
1300 4798 1443 4852 enim
1478 4798 1569 4852 Dei
1594 4813 1780 4853 sumus

204 4892 397 4949 salvati
435 4899 493 4946 et
537 4906 643 4944 non
680 4904 745 4944 ex
775 4889 949 4953 nobis,
992 4906 1008 4939 ι
1046 4902 1145 4944 nec
1195 4895 1321 4943 sunt
1348 4888 1626 4958 condignae
1656 4902 1780 4957 pas-

205 4983 389 5039 siones
413 4980 569 5050 hujus
618 4980 875 5049 temporis
902 4980 967 5033 ad
999 4979 1232 5034 futuram
1261 4978 1509 5050 gloriam,
1539 4995 1657 5048 quae
1696 4995 1781 5034 re-

208 5071 477 5127 velabitur
505 5071 559 5125 in
584 5068 739 5124 nobis
766 5066 936 5138 (Rom.
971 5067 1107 5139 vm).
1138 5087 1156 5119 ι
1193 5067 1287 5122 Dei
1313 5068 1456 5122 enim
1485 5068 1624 5122 dono
1660 5083 1781 5121 san-

207 5162 313 5217 ctis
333 5168 388 5214 et
407 5159 593 5214 electis
616 5143 731 5229 eius
758 5156 963 5212 confert
980 5158 1203 5227 gloriam
1225 5158 1373 5227 regni
1396 5157 1650 5222 ccclestis,
1668 5159 1781 5227 ipso

210 5253 502 5315 tribuente,
538 5250 628 5317 qui
658 5248 929 5318 discipulis
960 5248 1036 5301 ait
1072 5262 1088 5300 :
1126 5265 1144 5298 ι
1186 5246 1292 5302 Vos
1334 5248 1463 5303 estis
1514 5248 1604 5316 qui
1661 5263 1781 5317 pcr—

210 5338 485 5396 mansistis
528 5352 736 5391 mecum
768 5336 818 5389 in
860 5334 1238 5389 tentationibus
1264 5336 1417 5399 meis,
1448 5344 1503 5389 et
1524 5350 1623 5405 ego
1667 5335 1781 5389 dis-

210 5446 407 5505 ponam
460 5427 612 5483 vobis
657 5428 796 5481 sicut
832 5425 1092 5494 disposuit
1122 5425 1252 5479 mihi
1301 5426 1458 5480 Pater
1500 5439 1651 5479 meus
1696 5440 1782 5479 re-

212 5536 400 5594 gnum,
438 5527 496 5571 ut
534 5517 704 5571 edatis
739 5524 794 5570 et
823 5505 1020 5569 bibatis
1044 5529 1205 5583 super
1233 5529 1474 5568 mensam
1518 5528 1692 5568 meam
1726 5514 1779 5568 in

213 5628 380 5681 regno
427 5624 569 5672 meo,
594 5617 649 5663 et
674 5607 907 5661 sedeatis
929 5620 1087 5674 super
1113 5606 1334 5661 thronos
1367 5606 1669 5671 duodecim,
1696 5604 1782 5673 ju-

214 5706 458 5758 dit-antes
486 5698 763 5753 duodecim
792 5697 961 5750 tribus
989 5695 1149 5750 Israel
1179 5695 1328 5759 (Luc.
1356 5696 1509 5759 xxii).
1544 5716 1561 5748 ι
1592 5696 1696 5751 Pro
1718 5712 1783 5752 co

1882 4608 2093 4673 danem,
2114 4609 2359 4678 accipere
2385 4617 2583 4663 terram
2606 4610 2752 4663 illam
2794 4626 2955 4679 quam
2977 4628 3331 4683 poposcerant
3364 4618 3457 4673 lilii

1880 4697 2062 4755 Israel.
2104 4699 2261 4753 Dedit
2289 4710 2467 4752 autem
2495 4699 2610 4770 ipse
2630 4698 2786 4755 Jesus
2813 4703 3104 4758 secundum
3127 4717 3456 4776 praeceptum

1882 4789 2093 4844 Domini
2124 4788 2324 4844 Chaleb
2353 4790 2462 4845 filio
2488 4789 2762 4860 Jephonre,
2795 4801 2849 4847 et
2875 4794 3038 4849 tribui
3070 4793 3205 4850 Juda
3231 4806 3453 4853 sortem.

1885 4880 2041 4935 Dedit
2082 4888 2261 4935 autem
2291 4881 2547 4950 Ephrem,
2589 4891 2643 4936 et
2672 4883 2887 4961 iniquae
2912 4900 3073 4955 super
3118 4896 3236 4941 erat
3290 4890 3457 4943 tribui

1886 4974 2131 5030 Manasse
2161 4992 2174 5029 :
2206 4983 2261 5029 et
2298 4983 2419 5045 post
2456 4975 2570 5030 haec
2592 4979 2934 5047 congregavit
2960 4979 3012 5032 in
3042 4979 3281 5035 Ecclesia
3317 4981 3459 5037 ﬁlios

1885 5066 2069 5131 lsrael,
2100 5075 2155 5135 et
2175 5066 2343 5120 dixit:
2370 5085 2387 5116 ί
2410 5064 2615 5119 Mittam
2645 5075 2845 5121 sortem
2874 5077 2929 5122 et
2952 5069 3219 5138 proferam
3251 5071 3304 5125 in
3329 5086 3461 5127 eon-

1888 5164 2074 5226 spectu
2103 5155 2335 5219 Domini,
2367 5156 2411 5209 si
2438 5156 2587 5225 prius
2614 5156 2979 5215 describentes
3035 5168 3235 5214 terram
3264 5163 3459 5216 attule-

1891 5247 2007 5302 ritis
2041 5247 2169 5301 mihi
2195 5247 2608 5314 descriptionem
2644 5247 2777 5315 ejus,
2813 5266 2832 5296 δ
2861 5256 2915 5302 et
2943 5249 3015 5303 ita
3040 5260 3161 5318 post
3202 5251 3317 5306 haec
3341 5267 3459 5306 sor-

1888 5337 2031 5392 tibus
2076 5336 2257 5390 missis
2294 5336 2579 5410 haareditas
2626 5336 2820 5405 populo
2848 5337 2940 5391 Dei
2986 5338 3325 5393 distribuitur
3357 5358 3370 5394 :
3403 5350 3459 5396 et

1889 5429 2123 5499 agitatur
2157 5441 2273 5481 sors
2310 5426 2413 5481 ista
2453 5441 2558 5481 non
2599 5424 2841 5491 fortuitu,
2886 5428 2980 5482 sed
3022 5430 3313 5484 secundum
3354 5431 3456 5486 hoc

1889 5519 2029 5589 quod
2055 5516 2493 5588 praedestinatum
2523 5523 2603 5570 est
2627 5530 2658 5568 a
2691 5515 2817 5569 Deo.
2850 5514 3090 5585 Denique
3118 5516 3291 5571 tribus
3319 5517 3456 5571 Ben-

1885 5611 2054 5681 jamin
2078 5609 2308 5679 primam
2335 5606 2408 5661 ibi
2430 5607 2635 5675 accepit
2656 5613 2855 5659 sortem
2880 5605 2970 5659 ubi
3002 5612 3119 5659 erat
3137 5603 3452 5661 Jerusalem.

1889 5702 2018 5756 Post
2046 5702 2160 5756 haec
2191 5700 2362 5754 tribus
2406 5699 2623 5755 Simeon
2654 5696 2941 5751 secundum
2973 5706 3141 5752 :-uost
3178 5697 3455 5751 lta‘elssa-
