3924 6324
512 360 648 417 1065

1146 360 1206 415 Β.
1246 358 1498 417 RABANI
1533 359 1755 419 MAURI
1789 359 2110 419 ARCHIEP.
2154 361 2464 421 MOGUNT.
2501 363 2785 422 OPERUM
2832 367 3007 424 PARS
3048 368 3111 423 ll.

3634 376 3781 431 ιοει

505 479 661 541 char,
684 473 878 530 deinde
906 473 1166 540 Zabulon,
1193 452 1387 530 deinde
1414 475 1571 541 Aser,
1608 484 1731 547 post
1763 476 1890 532 hate
1916 477 2081 533 etiam
2109 480 2159 539 Α
2186 480 2364 531 luntas
2398 478 2636 533 continet
2666 479 2719 533 in
2753 481 2966 535 occulto
2986 522 3000 547 ,
3032 496 3151 537 sors
3186 454 3495 541 hominibus
3522 488 3778 544 declarat

504 563 871 635 Nephthalim,
894 565 1087 621 deinde
1109 566 1220 620 Dan
1244 566 1427 637 (Iosue
1449 582 1559 637 xvi,
1584 583 1718 632 xvu,
1751 583 1906 632 xvm,
1934 570 2080 639 xrx):

504 653 561 711 in
590 656 786 733 quibus
806 655 1099 710 novissime
1120 656 1340 710 veniunt
1363 664 1473 714 tres
1496 656 1597 712 illa:
1625 655 1812 721 tribus,
1851 673 1970 727 quae
2016 672 2081 713 ex

503 742 820 800 concubinis
840 744 1235 800 descenderant
1273 744 1458 801 Jacob.
1488 746 1617 815 Quae
1655 762 1789 819 ergo
1831 749 1972 803 ratio
2014 749 2086 803 sit

504 832 731 887 sortium
761 833 902 903 apud
930 823 1307 903 memetipsum
1337 835 1699 910 requirebam,
1724 845 1784 890 ut
1811 853 1878 891 ex
1904 837 2085 893 multis

506 923 829 978 testimoniis
858 923 1290 993 Scripturarum,
1328 926 1471 996 quod
1513 925 1723 993 latebat,
1760 942 2105 995 agnosceret

503 1030 641 1069 mus.
679 1014 861 1091 Inveni
890 1031 1020 1070 sane
1049 1016 1101 1069 in
1119 1015 1417 1088 Scriptnris
1443 1017 1607 1071 etiam
1644 1019 1870 1088 gentiles
1906 1020 2085 1074 homi-

500 1120 597 1159 nes
623 1099 750 1160 usos
776 1121 896 1161 esse
924 1107 1181 1171 sortibus,
1211 1116 1339 1162 tunc
1369 1124 1490 1162 cum
1523 1109 1803 1180 navigaret
1842 1109 2009 1167 Jonas
2029 1121 2084 1168 et

502 1205 795 1267 tempestas
812 1208 1045 1269 urgeret.
1079 1200 1244 1253 Aiunt
1266 1200 1583 1269 namqueilli
1606 1203 1698 1271 qui
1722 1204 2080 1273 navigabant:

505 1305 523 1338 ι
560 1287 834 1344 Mittamus
865 1298 1064 1345 sortem
1089 1298 1143 1345 et
1172 1290 1407 1345 sciamus
1426 1291 1579 1362 cujus
1606 1306 1769 1347 causa
1798 1293 1912 1348 bzec
1936 1302 2083 1349 tanta

499 1377 708 1431 malitia
741 1380 811 1432 sit
840 1379 1016 1449 (June:
1050 1396 1085 1437 ιι
1127 1379 1165 1452 ),
1214 1399 1232 1431 ι
1261 1381 1414 1448 quasi
1448 1395 1566 1435 sors
1595 1389 1802 1437 tantum
1854 1383 2078 1448 valeret,

496 1476 557 1520 ut
578 1468 808 1535 prodere
833 1470 1021 1537 possit,
1038 1456 1190 1537 cujus
1212 1485 1375 1525 causa
1392 1471 1693 1539 periculum
1706 1474 2082 1542 navigantibus

496 1558 823 1613 immineret.
847 1560 1103 1626 Quamvis
1132 1561 1360 1629 gentiles
1398 1570 1598 1626 essent,
1628 1572 1683 1617 et
1711 1563 1873 1621 alieni
1909 1580 1937 1618 a
1984 1581 2079 1619 eo.

496 1651 739 1721 gnitione
770 1650 883 1714 Dei,
910 1666 1016 1706 non
1052 1660 1230 1706 tamen
1261 1653 1363 1708 hac
1391 1654 1642 1722 opinione
1673 1652 1950 1718 falluntur,
1985 1656 2080 1710 sed

496 1742 639 1811 quod
662 1756 848 1797 verum
873 1751 989 1797 erat
1016 1742 1344 1813 prouiditeis
1368 1759 1487 1799 sors
1512 1759 1675 1815 super
1692 1744 1906 1801 Ionam.
1923 1746 2077 1814 Qua:-

2188 564 2243 617 in
2269 564 2572 622 manifesto.
2602 566 2906 623 Secundum
2934 586 3063 641 vero
3094 572 3405 629 interiorem
3434 576 3781 633 intellectum

2187 659 2329 713 sicut
2362 660 2557 714 Paulus
2586 662 2797 716 videtur
2824 662 3070 733 judicare
3101 680 3225 719 cum
3253 667 3384 722 dicit
3413 686 3428 721 :
3465 686 3485 720 ι
3525 668 3583 724 In
3608 680 3784 740 parte

2192 767 2210 799 ι
2251 748 2416 803 sortis
2463 759 2772 805 sanctorum
2819 752 2871 806 in
2921 752 3149 818 lumine,
3198 763 3254 809 et
3298 766 3448 811 sorte
3483 759 3664 814 vocati
3718 758 3782 815 in

2191 855 2209 888 ι
2243 838 2479 894 Christo.
2528 860 2547 892 ι
2594 839 2895 895 Videndum
2929 853 3013 898 est
3041 859 3107 898 ne
3149 844 3287 901 forte
3316 862 3420 902 non
3462 848 3633 903 solum
3672 850 3782 904 bo-

2187 917 2446 995 minibus,
2483 931 2579 985 sed
2609 939 2665 987 et
2692 933 2744 986 in
2773 934 3023 1003 supernis
3056 930 3348 993 virtutibus
3370 953 3495 993 sors
3568 948 3780 1011 agatur

2183 1029 2238 1075 et
2254 1022 2732 1093 praesideataliqua
2754 1026 2924 1089 virtus
2945 1027 3069 1082 huic
3089 1026 3282 1092 cilicio,
3304 1045 3424 1099 qua:
3441 1033 3585 1086 verbi
3598 1047 3776 1087 causa

2183 1108 2308 1165 Iesu
2342 1112 2452 1167 tilio
2483 1112 2630 1169 Nave
2663 1130 2807 1169 nunc
2836 1124 2982 1172 sorte
3009 1117 3381 1176 bzereditatem
3410 1123 3776 1179 distribuendi

2182 1218 2291 1256 non
2323 1204 2837 1275 aliquamgratiam,
2862 1209 2954 1263 sed
2977 1210 3267 1275 secundum
3292 1212 3393 1267 hoc
3413 1214 3539 1281 quid
3558 1215 3623 1268 sit
3655 1214 3777 1285 pla-

2184 1304 2311 1345 cere
2338 1291 2450 1346 Deo
2478 1293 2732 1348 ducatum
2759 1295 2998 1365 praebeat
3032 1299 3218 1365 sortis,
3244 1308 3300 1354 et
3328 1300 3405 1354 illi
3442 1303 3661 1369 quidem
3690 1300 3777 1356 fa—

2182 1381 2293 1435 ciat
2317 1382 2556 1448 evenire,
2584 1398 2703 1452 qua:
2714 1384 2886 1454 prima
2916 1396 3062 1453 sunt,
3079 1403 3240 1457 quem
3287 1390 3391 1444 scit
3426 1390 3563 1459 apud
3590 1392 3774 1445 Deum

2180 1470 2417 1540 primum
2445 1470 2622 1530 loeum
2651 1482 2853 1540 tenere,
2884 1485 2945 1530 ut
2969 1476 3091 1541 hoc,
3113 1477 3255 1547 quod
3281 1478 3334 1532 in
3365 1479 3591 1535 occultis
3616 1482 3772 1549 apud

2181 1564 2352 1618 Deum
2380 1563 2632 1631 habetur,
2661 1566 2826 1621 sortis
2850 1556 3240 1637 gubernatione
3269 1570 3428 1623 etiam
3454 1570 3773 1625 hominibus

2183 1658 2601 1724 demonstretur,
2627 1659 2791 1713 alium
2809 1675 2935 1716 vero
2959 1660 3137 1717 facere
3158 1665 3377 1719 secundi
3401 1665 3501 1720 loci
3522 1674 3577 1721 et
3594 1666 3770 1723 alium

2187 1750 2353 1813 tertii,
2394 1751 2539 1819 quod
2587 1767 2695 1806 non
2744 1752 2916 1807 solum
2962 1754 3013 1808 in
3062 1756 3221 1811 terris
3269 1758 3522 1824 arbitror,
3573 1776 3769 1815 verum

497 1847 624 1887 rens
654 1849 784 1903 ergo
812 1834 876 1888 de
917 1834 1023 1899 his,
1065 1835 1278 1890 invenio
1300 1844 1356 1891 et
1403 1836 1745 1893 Salomonem
1782 1837 1836 1891 in
1860 1838 2090 1893 Prover—
2116 1842 2163 1901 B
2192 1840 2355 1894 etiam
2390 1840 2441 1894 in
2476 1841 2788 1898 cmlestibus
2830 1851 2885 1899 et
2916 1845 3220 1914 hujusmodi
3261 1859 3424 1915 sorte,
3468 1866 3585 1919 quas
3617 1852 3767 1921 apud

494 1923 599 1978 biis
648 1923 916 1978 dicentem
962 1940 976 1978 :
1015 1943 1032 1975 ι
1072 1923 1543 1982 Contradictiones
1571 1927 1789 1983 cohibet
1840 1943 1980 1993 sors,
2028 1941 2083 1986 et

494 2011 638 2067 inter
683 2021 931 2082 potentes
966 2013 1153 2069 delinit
1182 2014 1362 2086 (Prov.
1401 2015 1578 2086 xvm),
1622 2035 1642 2069 ι
1678 2016 1839 2071 veluti
1869 2030 2083 2073 cessare

492 2106 785 2163 ostendens
812 2108 1288 2176 contradictiones,
1307 2110 1398 2165 ubi
1425 2107 1669 2165 mittetur
1690 2126 1829 2167 sors.

564 2197 671 2253 Sed
697 2212 819 2252 eum
846 2199 960 2253 inec
983 2199 1036 2253 in
1068 2197 1417 2255 Testamento
1446 2200 1628 2255 Veteri
1656 2216 1762 2257 non
1790 2216 1964 2271 pauca
1994 2219 2083 2260 re-

494 2288 623 2343 ferri
681 2289 749 2344 de
781 2290 1021 2346 sortibus
1070 2291 1390 2357 invenirem,
1416 2294 1658 2348 converti
1686 2309 1774 2349 me
1801 2296 1965 2350 etiam
2013 2297 2082 2351 ad

494 2378 703 2434 Novum
738 2380 1167 2447 Testamentum,
1220 2390 1279 2435 ut
1320 2382 1558 2437 viderem
1585 2370 1641 2438 si
1691 2381 1833 2438 forte
1875 2385 1959 2440 vel
2009 2387 2082 2441 ibi

490 2478 976 2524 contemnerentur
1036 2481 1233 2536 sortes,
1283 2484 1377 2525 aut
1420 2487 1487 2526 ne
1506 2472 1586 2526 ibi
1617 2473 1835 2541 quidem
1891 2489 2081 2530 earum

490 2579 621 2621 usus
662 2563 788 2621 alibi
810 2547 1101 2630 diceretur,
1130 2574 1187 2621 et
1216 2565 1432 2621 invenio
1478 2565 1621 2636 quod
1651 2565 1938 2637 aliquando
1953 2582 2079 2621 cum

492 2657 709 2712 deesset
765 2672 993 2712 numero
1021 2656 1389 2728 apostolorum
1420 2673 1579 2723 unus,
1611 2666 1671 2711 ut
1716 2665 1861 2713 esset
1886 2672 2079 2713 ncces-

490 2751 696 2806 sarium
721 2750 774 2804 in
799 2749 974 2805 locum
1000 2748 1151 2806 Iuda:
1183 2748 1352 2805 alium
1383 2751 1666 2823 subrogari
1688 2751 1827 2823 (Act.
1857 2753 1923 2822 ι),
1951 2767 2079 2807 con-

491 2846 772 2900 venientes
801 2845 1099 2915 apostolos,
1152 2844 1244 2915 qui
1287 2845 1474 2915 utique
1520 2843 1691 2900 multo
1726 2846 2079 2916 sapientiores

491 2943 648 2991 erant
678 2950 839 3005 quam
867 2936 923 2990 hi
952 2936 1042 3006 qui
1073 2951 1217 2991 nunc
1262 2937 1545 3006 episcopos
1581 2936 1667 2991 vel
1709 2938 2075 3008 presbyteros,

494 3025 580 3079 vel
602 3026 858 3081 diaconos
886 3027 1163 3090 ordinant,
1212 3034 1265 3087 et
1305 3025 1590 3097 elegerunt
1628 3026 1762 3082 duos
1784 3035 1839 3081 et
1867 3034 2076 3081 statue-

489 3126 617 3171 runt
652 3118 705 3170 in
752 3116 955 3180 medio,
1013 3130 1112 3170 nec
1136 3124 1319 3171 tamen
1366 3120 1433 3171 de
1465 3116 1550 3170 his
1583 3115 1893 3186 semetipsis
1928 3114 2076 3185 judi-

489 3212 631 3266 cium
656 3210 1018 3280 permiserunt
1066 3216 1123 3262 ut
1176 3208 1327 3263 illum
1377 3208 1620 3264 facerent
1644 3224 1805 3278 quem
1851 3208 1953 3278 ipsi
1980 3223 2076 3263 νο-
2104 3188 2148 3251 C

489 3301 734 3357 luissent.
761 3298 867 3355 Sed
909 3318 927 3351 ι
980 3312 1226 3365 orantes,
1255 3299 1449 3369 inquit,
1502 3298 1766 3353 miserunt
1814 3306 2070 3362 sortem,»

488 3403 551 3448 ut
576 3408 641 3448 ex
671 3392 778 3447 illis
810 3391 1018 3446 duobus
1066 3407 1204 3461 quos
1233 3399 1538 3447 statuerant
1565 3392 1618 3445 in
1649 3400 1942 3459 conspectu
1973 3390 2079 3444 Do-

489 3485 641 3548 mini,
666 3484 720 3539 id
749 3491 833 3537 est
857 3481 1078 3551 Ioseph,
1106 3482 1197 3550 qui
1252 3491 1477 3536 vocatur
1519 3481 1814 3545 Barnabas,
1868 3481 1959 3549 qui
1987 3495 2078 3535 co-

495 3577 839 3648 gnominatus
865 3585 949 3630 est
966 3575 1168 3645 justus,
1198 3582 1255 3628 et
1280 3573 1519 3628 Mathian
1549 3591 1561 3626 :
1593 3571 1846 3639 «Cecidit,
1879 3572 2073 3642 inquit,

491 3682 610 3721 sors
638 3680 801 3737 super
826 3666 1084 3729 Mathian,
1116 3673 1173 3719 et
1198 3674 1587 3720 annumeratus
1608 3672 1693 3720 est
1721 3680 1844 3719 curn
1873 3662 2076 3720 Christi

494 3760 769 3831 apostolis.
808 3779 825 3810 ι
862 3758 1203 3820 Iba-cedente
1218 3771 1450 3826 namque
1469 3756 1692 3821 ratione,
1728 3770 1834 3811 non
1852 3754 1965 3824 jam
1987 3771 2085 3810 ca-.

493 3870 576 3920 su,
608 3851 700 3910 sed
729 3849 1028 3921 prudentia:
1052 3862 1170 3903 sors
1202 3847 1443 3901 divinum
1470 3846 1735 3917 judicium
1763 3844 2071 3903 deferebat.

495 3945 601 4010 Sed
648 3944 824 3999 adhuc
859 3942 1167 4019 quaerebam
1226 3940 1281 3993 in
1310 3938 1460 3993 Novo
1494 3938 1843 3993 Testamento
1892 3936 1937 3992 si
1983 3952 2078 3990 au-

494 4048 601 4103 tem
626 4051 743 4091 sors
800 4035 852 4087 in
902 4034 1119 4089 Christo
1148 4032 1230 4087 vel
1259 4033 1311 4086 in
1343 4031 1588 4086 Ecclesia
1619 4030 1954 4094 nominetur,
1988 4028 2074 4084 vel

494 4129 547 4190 in
574 4129 736 4182 rebus
760 4126 1023 4195 mysticis,
1055 4139 1174 4192 qua:
1195 4123 1262 4178 ad
1283 4125 1522 4176 animam
1546 4122 1820 4192 pertinere
1861 4121 2078 4177 videan-

495 4232 601 4287 tur,
629 4221 844 4275 invenio
875 4218 1094 4273 Paulum
1123 4218 1189 4271 ad
1220 4215 1484 4284 Ephesios
1512 4214 1842 4268 scribentem
1891 4211 2077 4266 dicere

496 4315 563 4369 de
592 4312 814 4368 Christo
852 4329 864 4364 :
907 4329 924 4361 ‹
960 4309 1017 4365 In
1044 4322 1171 4377 quo,
1223 4306 1420 4375 inquit,
1474 4313 1623 4360 sorte
1676 4303 1851 4358 vocati
1889 4316 2077 4357 sumus

495 4402 860 4474 praedestinati
891 4398 1187 4456 secundum
1215 4396 1551 4466 propositum
1593 4394 1732 4464 ejus,
1770 4393 1863 4463 qui
1891 4392 2075 4448 omnia

496 4501 751 4563 operatur
792 4491 1089 4547 secundum
1141 4487 1423 4543 consilium
1479 4486 1773 4541 voluntatis
1817 4485 1955 4566 ejus,
2014 4491 2073 4539 ut

498 4585 670 4637 simus
707 4583 759 4635 in
807 4581 1020 4635 laudent
1052 4578 1235 4649 gloriae
1276 4576 1415 4645 ejus,
1467 4577 1559 4646 qui
1590 4587 1716 4629 ante
1742 4575 2077 4646 speravimus

498 4676 551 4737 in
581 4674 797 4728 Christo
830 4672 1046 4743 (Ephes.
1081 4671 1140 4741 ι).
1206 4688 1223 4719 ι
1262 4668 1368 4723 Sed
1393 4676 1447 4723 et
1482 4668 1547 4722 ad
1589 4654 1936 4722 ColoSsenses
1964 4665 2077 4718 haec

499 4766 828 4821 scribentem
858 4806 872 4818 .
910 4782 929 4814 ι
981 4763 1198 4817 Gratias
1229 4771 1456 4831 agentes
1483 4760 1593 4814 Deo
1624 4759 1793 4824 Patri,
1840 4760 1933 4828 qui
1964 4757 2078 4811 ido-

499 4872 632 4913 neos
680 4871 779 4911 nos
806 4854 938 4910 fecit
968 4855 1019 4908 in
1054 4861 1206 4923 parte
1249 4852 1413 4906 sortis
1448 4858 1755 4905 sanctorum
1795 4850 1850 4903 in
1877 4848 2080 4903 lumine

499 4946 722 5015 (Caloss.
746 4945 807 5017 ι).
839 4964 856 4995 ι
876 4944 1010 4999 Tam
1032 4943 1215 4997 multis
1230 4957 1296 4996 ex
1312 4940 1529 5011 Scriptu
1540 4941 1613 4995 ris
1626 4940 1828 4995 sanctis
1840 4939 1907 4993 de
1931 4953 2078 4993 eom-

500 5037 890 5094 memoratione
903 5036 1127 5113 sortium
1144 5034 1465 5087 testimoniis
1491 5031 1851 5102 congregatis,
1880 5045 1987 5100 quo
2008 5045 2075 5083 ex

502 5127 741 5181 locorum
766 5125 1057 5179 multorum
1089 5124 1527 5178 consideratione
1541 5124 1798 5176 virtutem
1900 5122 2077 5191 possi-

503 5234 624 5274 mus
673 5218 984 5289 diligentius
1016 5203 1440 5285 apprehendere,
1474 5216 1606 5270 mihi
1635 5215 1851 5284 quidem
1894 5230 1961 5269 ex
1991 5214 2078 5267 his

503 5311 753 5367 omnibus
780 5310 864 5363 vel
900 5309 1120 5363 evidens
1150 5308 1324 5361 adhuc
1351 5322 1540 5361 sensus
1577 5307 1643 5361 ad
1678 5307 1935 5376 liquidum
1975 5321 2073 5375 pa-

504 5409 619 5456 tere
646 5416 751 5454 non
776 5401 967 5469 potuit,
1010 5399 1091 5453 vel
1130 5400 1293 5451 etiam
1319 5398 1386 5451 de
1420 5413 1479 5451 re
1512 5406 1657 5451 tanta
1687 5398 1997 5451 enuntiandi
2024 5406 2078 5451 ct

507 5490 811 5562 proferendi
837 5489 1001 5543 animi
1024 5498 1201 5543 metus
1224 5489 1438 5543 insedit.
1470 5486 1602 5541 Illud
1628 5498 1805 5542 autem
1854 5487 2083 5556 inquan-

508 5589 622 5635 tum
658 5594 744 5634 res
788 5580 991 5648 patitur
1032 5579 1325 5648 contigisse
1365 5576 1613 5641 suiliciat,
1645 5580 1789 5648 quod
1827 5578 1981 5633 nobis
2013 5578 2081 5631 ab

507 5670 765 5739 apostolis
811 5685 929 5723 sors
957 5671 1114 5723 ducta
1151 5670 1413 5739 designat.
1444 5668 1579 5733 Quia
1610 5670 1697 5722 ubi
1736 5667 1837 5720 lide
1874 5669 2080 5737 integra

516 5774 576 5815 ac
600 5759 841 5814 oratione
880 5761 1156 5828 praemissa
1186 5774 1304 5814 sors
1346 5758 1579 5821 ducitur,
1612 5774 1675 5813 ea
1704 5774 1823 5827 quae
1861 5757 1958 5812 Dei
1986 5771 2083 5811 vo-

2186 1930 2471 1987 Dom‘innm
2537 1936 2856 1990 meritorum
2912 1939 3363 2009 contemplatione
3418 1944 3770 2013 distinguitur

2182 2022 2347 2076 etiam
2376 2023 2567 2079 in-illo
2614 2032 2855 2095 tempore
2890 2027 3163 2082 habetur-2
3210 2048 3228 2080 ι
3274 2030 3406 2085 Cum
3439 2032 3634 2087 viderit
3669 2048 3769 2088 ex-

2182 2112 2361 2169 celsus
2386 2124 2575 2185 gentes
2598 2123 2652 2169 et
2674 2117 3111 2171 disseminaverit
3138 2120 3277 2174 ﬁlios
3303 2122 3496 2186 Adam,
3527 2132 3581 2176 et
3628 2138 3765 2177 eon-

2182 2206 2413 2261 stituerit
2439 2204 2577 2259 ﬁlios
2611 2207 2849 2274 gentium
2894 2212 3186 2264 secundum
3225 2226 3506 2266 numerum
3547 2214 3769 2283 angelo.

2182 2312 2301 2351 rum
2342 2295 2434 2351 Dei
2460 2294 2639 2366 (Deut.
2670 2301 2866 2368 χχχιι).
2920 2316 2939 2349 ι
2980 2298 3046 2352 Et
3075 2298 3215 2354 facta
3243 2310 3325 2356 est
3349 2303 3523 2371 portio
3550 2304 3765 2358 Domini

2180 2388 2350 2445 Jacob
2389 2387 2660 2445 funiculus
2688 2389 3021 2445 haereditatis
3049 2389 3165 2461 ejus
3196 2393 3379 2448 Israel.
3429 2394 3591 2451 Vides
3630 2411 3764 2466 ergo

2182 2486 2236 2533 et
2287 2479 2375 2534 hic
2420 2487 2653 2549 partem,
2702 2490 2757 2534 et
2809 2479 3107 2536 funiculum
3156 2483 3369 2538 Domini
3420 2484 3584 2540 Israel
3628 2486 3764 2545 dicit

2180 2584 2303 2623 esse
2347 2578 2513 2624 sorte.
2568 2569 2686 2624 Non
2719 2585 2848 2638 ergo
2888 2569 3111 2627 fortuito
3148 2574 3516 2628 arbitrandum
3546 2576 3763 2631 venisse

2180 2662 2405 2716 sortem.
2467 2660 2546 2725 Illi
2604 2662 2823 2730 quidem
2884 2665 3074 2734 angelo
3121 2675 3332 2735 gentem
3377 2667 3519 2721 illam
3581 2670 3755 2723 susci-
3854 2692 3857 2693 ν

2178 2767 2308 2823 pere
2337 2751 2486 2806 verbi
2543 2753 2717 2823 gratia
2754 2753 3153 2825 Aigyptiorum,
3192 2757 3283 2810 alii
3331 2765 3511 2811 autem
3564 2758 3761 2826 angelo

2179 2842 2537 2903 Idumtcorum
2571 2843 2926 2901 Moabitarum
2959 2864 2971 2899 :
3013 2854 3068 2901 et
3096 2847 3185 2902 alii
3221 2848 3423 2902 Indiam
3454 2849 3539 2903 vel
3569 2866 3752 2904 unam-

2179 2949 2450 3004 quamque
2494 2934 2764 2990 nationem
2808 2951 3037 3002 earum,
3085 2952 3206 3007 qua:
3259 2948 3384 2993 sunt
3437 2955 3602 3009 super
3652 2950 3763 2995 ter-

2179 3042 2315 3082 ram.
2370 3024 2476 3081 Sed
2521 3035 2576 3081 et
2617 3026 2689 3081 ibi
2716 3027 2879 3082 etiam
2913 3028 2959 3082 si
3000 3029 3292 3083 secundum
3327 3014 3613 3085 numerum
3665 3046 3761 3086 an~

2180 3119 2421 3191 gelorum
2462 3118 2557 3174 Dei
2591 3119 2842 3174 dicantur
2864 3128 3011 3175 sorte
3047 3129 3237 3191 gentes
3284 3121 3399 3176 ista
3437 3122 3643 3190 divisae,
3681 3133 3761 3178 ta-

2181 3224 2301 3264 men
2340 3208 2428 3263 illa
2457 3224 2578 3264 sors
2601 3210 2742 3264 sicut
2781 3208 2834 3262 in
2875 3210 3181 3265 hominibus
3219 3210 3472 3276 diximus,
3506 3213 3635 3282 quia
3665 3214 3759 3268 Dei

2171 3298 2435 3367 judicium
2464 3298 2608 3368 quod
2631 3299 2684 3352 in
2707 3297 2920 3354 occulto
2940 3308 3044 3363 est,
3072 3313 3192 3354 sors
3217 3299 3405 3369 pandit
3430 3301 3483 3353 in
3506 3301 3755 3370 publico:

2177 3391 2251 3443 ita
2274 3389 2437 3445 etiam
2469 3388 2543 3449 ibi
2572 3386 2741 3443 fuisse
2762 3389 3089 3444 credendum
3118 3399 3221 3455 est,
3264 3401 3322 3444 ut
3348 3406 3449 3461 pro
3475 3392 3674 3446 merito
3702 3400 3762 3447 et

2175 3482 2374 3535 virtute
2408 3480 2776 3551 unusquisque
2813 3479 3032 3551 angelus
3080 3482 3240 3535 etiam
3272 3491 3327 3536 et
3356 3483 3501 3536 illam
3543 3492 3757 3554 gentem

2177 3573 2230 3626 in
2254 3572 2517 3627 divisione
2547 3571 2868 3639 susciperet,
2892 3581 2947 3625 et
2974 3578 3097 3625 esse
3119 3570 3173 3624 in
3196 3571 3281 3627 his
3311 3573 3543 3644 singulis
3575 3588 3757 3629 sacra-

2178 3673 2359 3720 menta
2387 3662 2678 3719 incllabilia
2702 3664 2895 3716 divina:
2922 3663 3358 3732 dispensationis,
3382 3676 3443 3719 ut
3462 3668 3639 3722 ordini
3660 3685 3757 3726 suo

2177 3763 2367 3810 cuncta
2392 3754 2718 3823 competenti
2748 3769 2843 3822 per
2893 3768 3325 3824 unamquamque
3355 3756 3607 3811 virtutem
3631 3760 3756 3815 diri-

2178 3853 2395 3898 utantur
2422 3842 2615 3899 cilicio.
2652 3842 2742 3897 Sic
2765 3844 2906 3897 enim
2930 3853 2983 3897 et
3010 3843 3299 3913 Apostolus
3321 3846 3491 3901 dicit:
3522 3867 3541 3899 ι
3572 3848 3756 3904 Nonne

2177 3950 2365 3989 omnes
2409 3934 2784 3990 ministratorii
2841 3944 2965 3988 sunt
3013 3934 3248 4005 Spiritus
3292 3936 3347 3990 in
3398 3938 3755 3995 ministerium

2177 4026 2329 4080 missi
2392 4034 2615 4096 propter
2658 4040 2753 4079 eos
2798 4024 2888 4092 qui
2934 4026 3302 4080 haereditatem
3350 4028 3574 4097 capiunt
3616 4029 3755 4083 salu~

2179 4114 2289 4168 tis?
2331 4133 2349 4165 ι
2384 4112 2465 4168 Ad
2498 4113 2690 4167 borum
2723 4113 2887 4183 igitur
2918 4113 3272 4167 imitationem
3299 4115 3629 4171 credendum
3653 4128 3753 4183 est,

2177 4202 2343 4256 etiam
2366 4202 2451 4256 his
2475 4200 2878 4271 Scripturarum
2910 4203 3228 4267 auctoritate
3256 4202 3466 4259 referre
3499 4214 3671 4261 sortes
3700 4215 3756 4260 et

2176 4293 2302 4348 duci
2333 4309 2432 4363 per
2465 4291 2650 4348 Jesum
2685 4293 3076 4359 haereditatem,
3106 4302 3160 4347 et
3188 4309 3289 4362 per
3322 4310 3756 4366 unamquamque

2177 4386 2379 4441 tribum
2411 4385 2591 4439 divina
2623 4384 3025 4454 dispensatione
3050 4384 3288 4448 deCerni,
3314 4393 3370 4439 et
3397 4400 3496 4455 per
3520 4383 3757 4440 ineﬁ'abi-

2178 4474 2283 4531 Iem
2312 4474 2703 4546 providentiam
2735 4473 2830 4527 Dei
2868 4488 2897 4526 a
2930 4472 3287 4542 prazsentibus
3319 4474 3371 4527 in
3400 4474 3485 4527 his
3527 4475 3755 4529 sortibus

2180 4566 2494 4619 adumbrari
2518 4565 2711 4618 futurae
2736 4564 3067 4618 hazreditatis
3090 4564 3266 4632 portio
3285 4566 3587 4633 expleatur.
3614 4565 3753 4633 Quo»

2181 4659 2327 4713 niam
2363 4657 2578 4727 quidem
2609 4654 2694 4709 lex
2720 4655 2970 4710 umbram
3000 4655 3197 4710 dicitur
3228 4655 3427 4711 habere
3453 4658 3751 4712 futurorum

2181 4754 2466 4814 bonorum,
2495 4758 2549 4802 et
2578 4750 2721 4803 sicut
2748 4749 2877 4803 dicit
2902 4747 3189 4817 Apostolus
3215 4749 3279 4802 de
3310 4748 3395 4801 his
3447 4749 3538 4817 qui
3567 4750 3632 4803 ad
3654 4748 3754 4808 Do-

2182 4843 2384 4897 minum
2416 4839 2585 4895 Iesum
2615 4838 2899 4900 Christum.
2916 4848 3200 4902 venerunt,
3232 4856 3251 4888 ‹
3282 4839 3418 4904 Quia
3446 4840 3751 4894 accessistis

2183 4934 2251 4987 ad
2286 4932 2416 4986 Sion
2447 4938 2682 4984 montem
2721 4938 2776 4984 et
2814 4930 3087 4984 civitatem
3130 4929 3226 4982 Dei
3269 4930 3501 4984 viventis
3541 4930 3755 4992 Jerusa-

2181 5026 2286 5080 lcm
2317 5024 2613 5080 caelestem.
2651 5043 2669 5074 ι
2710 5023 2807 5077 Est
2834 5022 3011 5091 aliqua
3044 5022 3095 5075 in
3119 5022 3272 5076 cmlis
3296 5023 3509 5083 civitas.
3532 5038 3649 5092 qua:
3672 5024 3755 5077 di-

2180 5118 2320 5172 citur
2345 5115 2644 5171 Jerusalem
2676 5122 2731 5169 et
2764 5130 2919 5169 mons
2947 5114 3081 5169 Sion
3115 5132 3128 5167 :
3163 5112 3278 5168 Non
3314 5124 3397 5170 est
3437 5117 3621 5186 utique
3651 5117 3753 5172 hoc

2178 5207 2295 5262 sine
2320 5221 2483 5261 causa
2513 5207 2655 5276 quod
2684 5205 2959 5272 Benjamin
2996 5207 3049 5258 in
3079 5208 3225 5260 sorte
3253 5221 3348 5261 sua
3373 5209 3583 5278 accepit
3606 5206 3755 5262 Jeru-

2181 5298 2345 5353 salem
2378 5305 2432 5351 et
2463 5303 2700 5350 montem
2754 5294 2905 5359 Sion,
2941 5296 3067 5363 quia
3099 5296 3336 5351 ccelestis
3365 5297 3508 5353 illius
3532 5297 3749 5353 Jerusa~

2184 5391 2288 5446 lem
2314 5389 2454 5443 ratio
2484 5389 2599 5443 sine
2622 5386 2784 5441 dubio
2829 5386 2933 5440 hoc
2970 5387 3226 5455 exigebat
3260 5396 3318 5441 ut
3353 5387 3469 5457 jam
3518 5390 3750 5458 aliquam

2184 5480 2461 5551 Benjamin
2486 5480 2617 5533 dare
2642 5477 2859 5531 deberet
2880 5474 3178 5531 Jerusalem
3208 5480 3502 5545 terrestris,
3541 5496 3658 5550 qua:
3688 5481 3752 5534 il-

2183 5575 2286 5629 lius
2307 5573 2541 5628 emlestis
2563 5570 2789 5641 ﬁguram
2817 5577 2998 5625 servat
3023 5584 3087 5623 ac
3110 5569 3359 5625 formam.
3385 5570 3644 5626 Similiter
3659 5588 3753 5626 au-

2185 5676 2293 5720 tem
2320 5667 2387 5720 de
2434 5663 2713 5732 Benjamin
2745 5663 3031 5717 dicendum
3073 5670 3178 5728 est,
3218 5664 3361 5733 quod
3400 5672 3547 5717 certa
3575 5664 3751 5733 aliqua

2184 5759 2391 5814 ratione
2419 5758 2472 5813 in
2499 5757 2649 5813 Iuda:
2692 5768 2895 5814 sortem
2919 5754 3246 5824 decernitur,
3287 5758 3371 5811 vel
3417 5757 3627 5812 lchron
3671 5755 3754 5814 vel
