3924 6332
159 378 308 437 1065

1094 378 1447 435 COMMENT.
1488 379 1554 434 lN
1597 380 2052 436 EZECHIELEM.
2092 413 2159 422 ——
2198 381 2323 436 LIB.
2366 380 2484 436 XX.

3306 384 3442 443 iﬁi’ﬂ

156 494 284 553 alia:
326 492 551 565 singula:
598 494 848 549 civitates
884 494 1114 567 singulis
1144 496 1446 567 quibusque
1504 495 1751 550 tribubus
1784 502 1825 558 Α
1857 511 2025 565 usque
2056 498 2122 550 ad
2150 498 2409 552 terminos
2441 497 2479 552 S
2500 496 2648 551 'dada
2682 515 2692 548 :
2726 497 2987 567 ibuntque
3012 496 3240 551 conﬁnia
3268 514 3441 569 usque

153 585 590 669 conscribuntur
624 604 636 640 :
670 585 772 641 nisi
810 586 936 657 quia
968 587 1057 643 illa
1087 587 1335 643 cmlestia
1370 580 1511 651 lcea,
1545 587 1597 641 in
1639 586 1758 656 qui-

155 677 264 734 bus
300 676 599 735 Jerusalem
629 688 683 733 et
727 677 856 734 Sion
905 688 1242 736 memoratur
1268 696 1413 748 esse,
1453 680 1570 735 sine
1595 679 1757 735 dubio

156 778 214 824 et
242 777 465 833 caetera,
498 784 621 839 qua:
654 770 739 825 his
759 769 843 825 vel
872 770 1068 836 vicina,
1106 770 1189 826 vel
1216 768 1501 839 conjuncta
1526 778 1650 825 sunt
1672 769 1756 823 lo-

158 872 248 923 ca,
281 857 387 912 hoc
416 858 469 911 in
504 873 560 912 se
597 873 759 913 causa
799 867 854 915 et
877 860 1086 916 ratione
1115 861 1468 917 continebant
1500 860 1552 914 in
1582 859 1754 924 ccelis,

157 949 304 1018 quod
344 957 493 1003 sorte
524 947 897 1005 distribuendo
938 950 1371 1022 ﬁgurabatur-in
1408 950 1586 1005 terris.
1622 950 1755 1005 Hinc

158 1053 292 1108 ergo
323 1046 410 1095 est
456 1039 601 1109 quod
636 1040 971 1110 dispensavit
1021 1043 1202 1098 divina
1252 1042 1513 1113 sapientia
1542 1042 1757 1096 nomina

158 1129 407 1198 qumdam
439 1129 679 1184 locorum
708 1130 870 1185 scribi
900 1130 952 1184 in
976 1129 1295 1202 Scripturis,
1323 1146 1443 1201 quae
1472 1131 1756 1201 mysticam

158 1218 453 1289 quamdam
480 1220 980 1290 interpretationem
997 1223 1334 1280 contineant.
1358 1222 1462 1277 Per
1485 1238 1604 1292 qua:
1625 1222 1760 1277 indi-

164 1317 325 1365 catur
349 1309 529 1375 vobis,
554 1312 645 1379 qui
689 1310 805 1367 haec
841 1313 1084 1379 cernitis,
1116 1313 1421 1384 quibusque
1459 1312 1758 1367 rationibus

159 1410 217 1455 et
240 1416 347 1456 non
376 1417 506 1456 casu
549 1400 633 1457 vel
664 1401 889 1459 fortuito
933 1405 1052 1459 ﬁeri
1080 1404 1480 1474 dispensentur.
1528 1404 1585 1459 Si
1612 1405 1757 1459 enim

158 1510 269 1550 non
292 1504 376 1551 est
396 1497 693 1566 putandum
708 1499 853 1567 quod
879 1496 1102 1552 fortuito
1114 1497 1393 1563 acciderit,
1421 1498 1569 1552 verbi
1592 1513 1755 1552 causa

156 1595 217 1639 ut
240 1585 330 1640 ille
352 1586 577 1656 angelus
602 1585 829 1641 Michael
855 1596 1166 1653 vocaretur,
1193 1587 1331 1642 alius
1361 1603 1492 1643 vero
1520 1587 1757 1657 Rapliael

156 1686 299 1731 etut
342 1678 413 1732 ad
459 1678 695 1733 humana
737 1678 1063 1734 descendam
1098 1681 1250 1755 sicut
1277 1696 1383 1735 non
1431 1679 1655 1736 fortuito
1699 1688 1759 1735 ut

159 1769 251 1824 ille
294 1771 604 1841 patriarcha
638 1768 916 1828 Abraham
949 1782 1236 1829 vocaretur
1274 1792 1292 1827 ς
1316 1781 1373 1829 et
1402 1773 1491 1827 ille
1512 1772 1681 1839 lsaac,
1705 1784 1759 1828 ct

1860 586 2090 643 'I.efrona
2118 598 2172 643 et
2216 588 2399 642 villam
2443 587 2594 641 Euan
2635 587 2748 643 sive
2785 588 3083 642 Aserenan.
3138 587 3441 658 Dicuntqne

1860 678 2071 734 Hebraei
2131 678 2605 750 septentrionalem
2663 678 2875 749 plagam
2930 678 3170 748 incipere
3219 694 3248 733 a
3304 680 3441 734 mari

1865 770 2055 839 Magno
2083 770 2225 840 quod
2245 771 2567 833 Palaestina),
2591 768 2862 825 Phaenicis
2891 779 2945 823 et
2975 767 3166 839 Syriae,
3190 784 3311 840 quae
3347 784 3444 839 ap-

1861 857 2089 926 pellatur
2134 857 3006 929 Cwlc,Ciliciaeque‘prmtenditur
3048 859 3337 929 littoribus,
3383 867 3440 913 et

1858 962 1957 1017 per
1986 947 2276 1019 Egyptuzn
2336 951 2504 1004 tendit
2542 949 2611 1004 ad
2642 948 2883 1020 Libyam.
2922 948 3077 1017 Quod
3103 956 3281 1003 autem
3313 949 3445 1004 dicit

1858 1037 2238 1105 pervenientes
2260 1040 2519 1093 terminos
2546 1053 2719 1110 usque
2743 1040 2808 1094 ad
2831 1047 3069 1093 montem
3094 1037 3441 1105 altissimum,

1862 1124 1913 1179 in
1972 1126 2078 1182 hoc
2130 1127 2343 1183 Hebraei
2417 1138 2702 1183 autumant
2750 1129 2835 1184 vel
2884 1130 3153 1184 Amanum
3203 1136 3444 1185 montem

1861 1217 2159 1288 significari
2196 1219 2280 1274 vel
2305 1212 2566 1285 Taurum,
2614 1220 2758 1291 quod
2804 1221 2960 1276 nobis
3004 1222 3215 1277 videtur
3236 1222 3441 1277 verius.

1866 1328 1885 1360 ε
1908 1310 1951 1363 Α
1982 1325 2111 1379 quo,
2151 1310 2346 1380 inquit,
2378 1310 2565 1365 venies
2610 1310 2671 1365 in
2701 1311 2916 1374 Emath,
2970 1326 3091 1380 quae
3132 1327 3277 1367 nunc
3316 1310 3441 1383 Epi-

1859 1402 2057 1473 phania
2079 1404 2390 1459 nominatur
2411 1404 2479 1460 ab
2500 1404 2769 1458 Antiocho
2793 1403 3164 1459 crudelissimo
3188 1413 3443 1473 tyranno-

1862 1510 1981 1548 rum
2004 1495 2221 1550 nomine
2242 1504 2575 1550 commutato
2604 1510 2619 1549 :
2652 1510 2775 1549 nam
2798 1504 3209 1565 cognomentum
3231 1494 3438 1549 habuit.

1857 1583 2155 1658 Ἐπιφανής,
2190 1604 2208 1635 t
2230 1600 2398 1654 usque
2422 1585 2489 1639 ad
2518 1585 2800 1649 terminos,
2825 1585 3022 1655 inquit,
3047 1584 3282 1649 Sedada,
3304 1603 3323 1636 ι
3349 1584 3441 1654 qui

1862 1676 2010 1731 locus
2073 1685 2129 1731 et
2182 1676 2235 1731 in
2284 1677 2537 1746 prtcsenti
2584 1675 2886 1731 Ezechielis
2932 1676 3150 1746 ponitur
3182 1675 3437 1731 lectione.

1870 1788 1888 1823 ί
1909 1768 2069 1823 ibunt
2095 1768 2327 1823 conﬁnia
2355 1784 2525 1838 usque
2548 1769 2795 1833 Zefrona,
2822 1784 3034 1838 squam
3066 1769 3255 1835 urbem
3281 1769 3443 1824 hodie

159 1861 299 1916 alius
330 1862 518 1927 Israel,
552 1863 647 1918 sed
682 1879 751 1918 ne
782 1864 835 1917 in
860 1862 1081 1919 feminis
1124 1865 1341 1937 quidem
1371 1880 1499 1920 casu
1536 1847 1829 1925 accidith
1859 1846 2171 1929 Zepltirium
2201 1858 2455 1929 oppidum
2483 1858 2685 1913 Cilicize
2709 1868 2926 1913 vocant.
2950 1859 3064 1913 lloc
3089 1868 3269 1915 autem
3298 1860 3441 1930 quod

158 1953 255 2007 sed
286 1961 438 2008 certe
484 1952 664 2006 divina
706 1952 918 2009 ratione
944 1961 1001 2007 ut
1046 1954 1136 2007 illa
1180 1952 1315 2008 Sara
1354 1963 1641 2009 vocaretur
1686 1970 1752 2008 ex

163 2040 347 2107 Sarai,
372 2051 426 2097 et
458 2042 549 2098 ille
578 2042 745 2097 Israel
771 2059 837 2098 ex
867 2042 1059 2109 Jacob,
1104 2043 1189 2099 vel
1227 2044 1315 2101 ille
1342 2043 1653 2110 Abraham,
1702 2054 1757 2100 et

162 2143 222 2189 ut
278 2142 487 2190 certum
546 2143 655 2201 est,
705 2135 849 2205 quod
890 2136 1263 2207 unusquisque
1308 2136 1621 2206 angelorum
1670 2136 1752 2190 vel

159 2224 440 2280 hominum
481 2241 546 2279 ex
602 2226 710 2290 his,
747 2241 869 2296 qua!
918 2226 1020 2280 sibi
1074 2225 1419 2298 injungantur
1476 2212 1665 2282 ciliciis
1702 2233 1755 2281 et

158 2315 373 2371 actibus
399 2316 562 2371 etiam
591 2306 811 2372 nomina
838 2318 1176 2373 sortiuntur:
1210 2319 1285 2374 ita
1306 2334 1643 2389 consequens
1671 2328 1756 2375 est

157 2408 327 2462 etiam
357 2406 471 2462 loca
506 2408 751 2477 quaedam
778 2423 900 2463 esse
932 2408 1174 2464 coelestia
1214 2418 1270 2464 et
1310 2410 1577 2473 civitates,
1616 2410 1756 2465 sicut

154 2498 401 2556 caelestis
422 2499 619 2554 dicitur
642 2498 979 2567 Hierusalem
1005 2509 1061 2555 et
1086 2500 1217 2555 Sion
1242 2514 1383 2564 esse,
1404 2501 1569 2556 etiam
1598 2500 1751 2568 alias,

154 2605 391 2663 quarum
424 2598 607 2661 typum
651 2598 706 2646 et
750 2590 1045 2661 imaginem
1074 2590 1195 2656 ista:
1220 2606 1342 2661 quze
1365 2592 1417 2646 in
1442 2592 1601 2647 terris
1630 2583 1757 2647 sunt

155 2676 465 2747 continent,
495 2697 614 2751 qua:
641 2698 785 2737 nunc
814 2683 867 2737 in
896 2684 999 2738 hac
1027 2682 1308 2755 Scriptura
1338 2685 1566 2759 mystice
1596 2686 1755 2743 nobis

152 2788 258 2846 per
284 2770 469 2827 Jesum
499 2772 647 2827 Nave
679 2772 848 2827 ﬁlium
892 2774 1266 2843 designantur.
1319 2775 1395 2829 De
1445 2776 1588 2845 ipsis
1624 2785 1754 2845 pulo

153 2864 477 2919 civitatibus
510 2864 711 2918 dictum
743 2883 754 2917 :
795 2883 812 2915 c
846 2864 1279 2921 Ediﬁcabuntur
1302 2868 1549 2923 civitates
1576 2867 1747 2933 Judcc,

154 2965 213 3012 et
274 2956 597 3009 habitabunt
659 2955 752 3021 ibi,
812 2964 868 3010 et
925 2957 1324 3013 htereditabunt
1386 2973 1507 3013 eam
1573 2958 1746 3031 (Psal.

153 3048 375 3120 vam).
404 3067 421 3099 ι
464 3047 541 3104 De
562 3048 692 3118 ipsis
718 3048 881 3103 etiam
914 3048 1175 3105 Dominus
1201 3060 1256 3106 et
1285 3049 1537 3107 Salvator
1566 3063 1751 3109 noster

151 3138 323 3194 dicit:
358 3138 534 3206 «Quia
586 3139 771 3194 multm
824 3142 1135 3197 mansiones
1185 3152 1311 3198 sunt
1356 3145 1498 3214 apud
1527 3144 1746 3201 Patrem

1860 1949 2105 2019 sequitur
2136 1967 2147 2001 :
2188 1967 2205 1999 ‹
2230 1949 2297 2002 Et
2327 1948 2445 2003 villa
2471 1949 2622 2003 Euan
2642 1968 2661 2001 ο
2704 1964 2803 2018 pro
2832 1965 2940 2019 quo
2964 1950 3015 2003 in
3041 1950 3269 2006 Hebrmo
3312 1950 3445 2005 scri-

1856 2049 2006 2110 ptum
2038 2050 2122 2094 est
2151 2058 2163 2093 :
2196 2039 2462 2093 Aserenan
2482 2039 2609 2095 sive
2635 2038 2815 2106 Euan,
2838 2048 2893 2096 et
2930 2056 3169 2112 praesens
3201 2042 3441 2098 continet

1857 2131 2024 2185 locus.
2051 2131 2117 2185 Et
2139 2131 2351 2185 interim
2377 2133 2671 2187 secundum
2698 2132 2980 2187 historiam
3022 2133 3260 2187 breviter
3283 2134 3440 2188 strin-

1856 2225 2003 2279 xisse
2042 2222 2293 2289 safiiriat,
2332 2232 2385 2277 et
2414 2234 2523 2279 tam
2558 2224 2919 2282 Numerorum
2951 2240 3111 2295 quam
3135 2226 3434 2282 Ezechielis

1856 2316 2276 2385 descriptionem
2312 2312 2413 2372 sibi
2453 2332 2517 2373 ex
2553 2318 2722 2373 latere
2750 2319 3032 2387 copulasse
3060 2336 3073 2371 :
3106 2328 3166 2373 ιιι
3198 2318 3437 2391 prudens

1858 2408 2027 2465 lector
2063 2408 2327 2479 intelligat
2367 2411 2419 2465 in
2462 2411 2655 2481 quibus
2685 2411 2764 2464 vel
2793 2411 2983 2465 eadem
3014 2410 3094 2465 vel
3126 2410 3321 2465 vicinia
3349 2411 3437 2466 vcl

1856 2502 2063 2558 diversa
2096 2502 2472 2557 memorarint.
2519 2502 2673 2557 Nunc
2716 2502 3087 2572 interpretatis
3128 2503 3440 2559 nominibus

1834 2591 2191 2663 ‘singuloru'm
2242 2607 2537 2661 sequamur
2580 2593 2862 2664 ἀναγωγὴν,
2910 2600 2964 2646 et
2994 2592 3121 2661 quid
3168 2592 3322 2647 nobis
3359 2592 3439 2646 vi-

1854 2682 2051 2737 deatur
2097 2683 2150 2737 in
2203 2682 2431 2752 singulis
2475 2682 2748 2754 praebente
2807 2682 3033 2737 Domino
3083 2682 3433 2739 disseramus.

1830 2774 2084 2830 -Ethalon
2117 2775 2499 2845 interpretatur
2537 2774 2853 2829 incunabula
2883 2776 3117 2831 maeroris
3145 2790 3163 2827 :
3202 2777 3433 2842 Sadada,

1856 2867 1992 2922 latus
2012 2867 2133 2938 ejus
2153 2882 2171 2919 :
2195 2884 2225 2923 a
2251 2868 2421 2924 latere
2440 2884 2546 2923 non
2567 2883 2595 2922 a
2620 2868 2899 2925 latitudine
2920 2869 3188 2940 intellige;
3216 2870 3429 2934 Emath,

1853 2956 2023 3026 furor,
2063 2957 2334 3024 Berotha,
2372 2958 2538 3029 putei,
2567 2958 2835 3021 Sabarim,
2864 2961 3111 3015 circuitus
3152 2962 3431 3027 montium,

1853 3046 2172 3115 Damascus,
2195 3050 2411 3121 sanguis
2432 3051 2571 3104 sacci
2595 3058 2649 3105 et
2672 3051 2836 3104 osculi
2859 3052 2972 3105 sive
2993 3052 3186 3122 poculi.
3206 3052 3434 3109 Domum

1853 3144 2037 3193 autem
2076 3139 2187 3194 sive
2223 3130 2419 3195 atrium
2463 3138 2659 3195 Tln'con
2702 3140 3060 3211 Symmachus
3088 3142 3431 3213 interpreta-

151 3242 335 3282 meum
388 3229 568 3298 (Joan.
600 3228 733 3298 xlv).
780 3248 798 3282 ›
837 3229 903 3283 Ει
931 3229 996 3285 de
1028 3231 1159 3300 ipsis
1194 3212 1523 3289 credendum
1552 3244 1635 3290 est
1670 3236 1746 3292 ci-
1771 3212 1817 3276 (ἶ
1849 3239 1940 3285 tur
1968 3249 1981 3284 :
2018 3231 2267 3286 «Atrium
2296 3231 2532 3286 medium
2561 3231 2705 3302 quod
2730 3233 2905 3302 pergil
2935 3233 3004 3287 ad
3032 3212 3292 3289 terminus
3316 3235 3428 3290 Au-

153 3319 417 3373 vitutibus
447 3333 603 3373 servo
628 3319 702 3373 illi
732 3320 824 3389 qui
871 3320 1009 3376 bene
1035 3325 1341 3393 negotiatus
1372 3324 1536 3381 fuerit
1566 3323 1745 3382 Domi-

151 3424 285 3463 num
314 3410 496 3464 dicere
522 3427 535 3463 :
570 3429 586 3460 ι
615 3409 766 3465 llabe
842 3419 1169 3480 potestatem
1206 3430 1367 3485 supra
1395 3396 1581 3473 decem
1613 3419 1744 3473 civi-

150 3508 293 3555 tates
330 3499 483 3571 (Luc.
518 3500 704 3573 x1x),»
765 3512 819 3555 et
862 3502 952 3556 alii
1003 3520 1164 3574 supra
1210 3507 1469 3577 quinque.
1518 3509 1642 3563 llaec
1677 3511 1744 3566 de

150 3591 418 3646 divisione
460 3592 686 3646 sortium
726 3602 885 3647 terra“:
926 3591 1078 3678 Juda;
1126 3596 1370 3665 proferre
1415 3598 1482 3652 ad
1524 3616 1621 3654 vos
1664 3602 1744 3655 in-

147 3690 420 3753 quanlum
453 3682 535 3737 fas
568 3683 667 3737 fuit
700 3685 817 3738 ausi
852 3700 1039 3739 sumus
1078 3685 1359 3755 Scriptura
1385 3701 1737 3757 provocante,

148 3789 274 3845 quae
319 3772 658 3828 Hierusalem
708 3774 840 3829 dicit
880 3774 1155 3829 caelestem
1208 3776 1363 3843 Sion,
1405 3758 1470 3833 'et
1520 3790 1737 3847 czetera,

148 3884 274 3940 qua:
312 3867 566 3922 similiter
595 3868 800 3937 scripta
833 3877 959 3922 sunt
992 3884 1112 3924 esse
1139 3870 1195 3924 in
1222 3871 1394 3938 ccelis,
1429 3888 1551 3942 quae
1585 3875 1740 3929 nobis

147 3958 495 4013 occasionem
537 3956 801 4011 dederunt
848 3958 1052 4012 sentire
1079 3959 1146 4013 de
1174 3959 1257 4013 his
1283 3962 1554 4027 omnibus,
1596 3964 1738 4031 quod

148 4049 413 4120 mysteria
443 4048 497 4103 in
524 4049 610 4103 his
636 4048 880 4103 caelestia
908 4048 1311 4105 describuntur.

227 4162 246 4195 ‹
278 4141 378 4198 Hic
419 4150 503 4197 est
551 4150 731 4197 autem
757 4127 1042 4199 'terminus
1082 4152 1239 4198 terrae
1276 4144 1341 4199 ad
1367 4143 1581 4217 plagam
1613 4161 1736 4217 sep-

153 4251 175 4288 α
200 4232 580 4289 tentrionalem
622 4248 652 4285 a
680 4232 818 4287 mari
859 4230 1050 4306 Magno
1078 4233 1165 4287 via
1204 4233 1433 4289 Ethalon
1466 4236 1736 4291 venienti-

151 4338 175 4377 ι
204 4321 329 4378 bus.
381 4318 615 4386 Sedada,
650 4320 869 4387 Emath,
899 4320 1156 4389 Berotha,
1187 4323 1459 4393 Sabarim,
1491 4342 1610 4396 quae
1654 4338 1737 4383 est

154 4432 175 4466 ε
207 4414 356 4469 inter
376 4412 614 4466 medium
643 4413 888 4467 Damasci
905 4413 1265 4469 etconﬁnium
1284 4416 1476 4471 Emath
1498 4436 1511 4472 :
1536 4420 1733 4475 atrium

151 4525 171 4559 ι
205 4505 438 4569 Tbicon,
469 4521 589 4576 qua:
622 4513 706 4559 est
723 4503 880 4573 juxta
908 4507 1169 4563 terminos
1203 4508 1389 4564 Auran
1424 4511 1538 4566 sive
1561 4511 1735 4567 Aura-

153 4617 171 4649 ‹
202 4600 411 4664 nitidis,
463 4607 517 4654 et
559 4599 663 4652 erit
698 4595 961 4654 terminus
995 4615 1027 4655 a
1070 4602 1206 4656 mari
1242 4617 1411 4672 usque
1438 4604 1507 4659 ad
1534 4605 1733 4661 atrium

152 4703 171 4737 ι
202 4690 356 4745 Ειιοη
384 4691 498 4745 sive
527 4690 769 4745 Serenan
798 4692 1063 4746 terminus
1094 4692 1367 4760 Damasci,
1399 4704 1455 4749 et
1484 4696 1552 4751 ab
1579 4698 1734 4767 aqui-

152 4798 171 4831 ι
199 4784 325 4839 lone
365 4784 432 4838 ad
474 4783 781 4854 aquilonem
814 4784 1077 4839 terminus
1104 4785 1300 4842 Emath
1330 4788 1486 4857 plaga
1514 4798 1732 4860 septen-

158 4890 174 4922 ι
206 4874 470 4928 trionalis.
503 4893 521 4925 ι
577 4871 849 4945 (Ηὶενοη.)
901 4874 1047 4929 lnter
1098 4877 1518 4948 descriptionem
1574 4890 1733 4937 terrae

145 4974 349 5023 saneta:
383 4966 664 5021 duodecim
700 4967 934 5021 tribuum
976 4965 1139 5023 Josue
1186 4968 1281 5023 ﬁlii
1330 4969 1470 5036 Nun,
1517 4980 1571 5025 et
1611 4978 1731 5043 quae

148 5074 291 5112 nunc
338 5072 434 5127 per
484 5056 730 5118 Ezechiel
786 5058 904 5113 ﬁeri
960 5058 1279 5130 imperatur,
1329 5061 1432 5117 huc
1483 5064 1726 5131 interest,

144 5150 290 5221 quod
342 5150 415 5203 ibi
466 5149 610 5205 inter
655 5149 828 5206 tribus
874 5160 1022 5207 sorte
1055 5160 1197 5207 terra
1236 5153 1495 5210 dividitur
1520 5157 1607 5211 hic
1632 5157 1731 5212 Do-

143 5241 277 5297 mini
314 5238 554 5308 jubentis
578 5242 804 5310 imperio
828 5240 1128 5313 delegatur.
1163 5245 1220 5299 ln
1246 5244 1605 5303 Numerorum
1633 5248 1731 5319 igi-

144 5343 234 5388 tur
278 5330 419 5386 lihro
464 5331 653 5405 (Num.
704 5332 890 5404 xxxrv)
940 5332 993 5386 in
1034 5350 1142 5405 quo
1170 5337 1346 5391 omnis
1375 5346 1518 5392 terra
1545 5354 1733 5409 repro-

142 5422 421 5480 missionis
456 5438 554 5493 per
588 5432 821 5494 quatuor
854 5424 1040 5496 plagas
1066 5426 1219 5484 brevi
1252 5446 1501 5487 sermone
1536 5433 1731 5489 dividi-

143 5527 235 5573 tur
274 5519 358 5578 ab,
386 5518 657 5587 aquilone,
688 5519 743 5575 id
770 5529 853 5575 est
879 5520 1035 5593 plaga
1064 5527 1468 5593 septentrionali
1501 5528 1607 5583 ista
1638 5530 1731 5585 de-

144 5607 374 5678 scriptio
419 5615 523 5662 est.
573 5606 744 5662 Porro
792 5608 861 5663 ad
911 5614 1388 5681 septentrionalem
1438 5626 1649 5688 partem
1699 5636 1729 5674 a

145 5698 287 5760 mari
338 5699 532 5767 Magno
565 5698 778 5755 termini
818 5700 1097 5771 incipient,
1146 5702 1521 5776 pervenientes
1552 5726 1724 5781 usque

148 5797 219 5856 ad
262 5805 503 5852 montem
554 5792 914 5861 altissimam,
986 5813 1015 5851 a
1059 5815 1164 5867 quo
1215 5803 1395 5859 venies
1434 5805 1485 5858 in
1536 5805 1729 5860 limath

588 5886 861 5947 Parnm"
907 5885 1042 5955 CX.

1764 4562 1813 4621 D

1848 3340 1975 3389 ran;
2010 3344 2028 3377 ι
2064 3325 2227 3394 igitur
2251 3323 2445 3379 Thicon
2466 3324 2702 3380 medium
2725 3332 2884 3380 sonat
2910 3325 3121 3381 :Auran
3146 3342 3307 3395 quam
3336 3327 3431 3383 Se-

1845 3414 2128 3485 ptuaginta
2158 3416 2211 3469 in
2241 3414 2487 3470 Graecum
2510 3424 2722 3471 vertere
2753 3431 3057 3472 sermonem
3094 3417 3431 3475 Auranitidis

1847 3506 2203 3560 iracundiam.
2232 3505 2369 3560 Aser
2399 3514 2575 3558 autem
2608 3504 2783 3579 Euan,
2807 3506 2898 3574 qui
2924 3517 3008 3559 est
3038 3506 3300 3561 terminus
3329 3506 3432 3561 Da-

1846 3594 2033 3658 masci,
2060 3594 2112 3647 in
2142 3593 2321 3663 lingua
2338 3602 2519 3648 nostra
2550 3594 2746 3649 dicitur
2774 3596 2966 3648 atrium
2991 3594 3169 3663 fontis.
3197 3596 3425 3667 Septen-

1844 3684 2090 3755 trionalis
2141 3684 2305 3754 igitur
2353 3684 2504 3754 plaga
2552 3684 2612 3738 ﬁt
2653 3700 2683 3738 a
2730 3686 2867 3739 mari
2926 3688 3117 3757 Magno
3152 3703 3250 3757 per
3281 3688 3425 3741 viam

1843 3777 2110 3841 lithalon,
2159 3778 2301 3846 quod
2348 3778 2737 3845 interpretatur
2777 3778 3096 3831 incunabula
3140 3781 3375 3833 mmroris
3408 3797 3427 3833 :

1842 3886 1940 3939 per
1960 3870 2341 3939 pmnitentiam
2387 3870 2536 3924 venit
2571 3870 2636 3924 ad
2677 3868 2887 3926 Sadada
2931 3872 3022 3927 ubi
3062 3882 3233 3927 estex
3259 3874 3427 3929 latere

1841 3962 2149 4017 declinatio.
2212 3962 2563 4032 lntelligimus
2616 3963 2758 4017 enim
2820 3964 3218 4035 impendentem
3270 3969 3426 4024 nobis

1840 4050 2057 4114 Emath,
2083 4051 2184 4106 hoc
2210 4059 2294 4105 est
2331 4051 2754 4123 indignationem
2797 4052 3029 4121 Domini,
3063 4057 3175 4111 sive
3202 4056 3420 4124 Emath,

1841 4144 2068 4198 veritate
2119 4151 2426 4212 comperta,
2483 4144 2801 4214 aperiuntur
2848 4146 3003 4201 nobis
3052 4150 3199 4216 putei
3259 4149 3424 4207 Bero-

1842 4233 1956 4293 tha,
1984 4247 2121 4303 quos
2149 4231 2403 4287 foderunt
2443 4234 2717 4307 principes
2746 4233 3043 4303 Abraham,
3075 4237 3227 4294 Isaac
3246 4249 3302 4294 et
3322 4241 3417 4297 Ja-

1840 4321 1976 4375 cob:
2003 4321 2268 4391 lmgoque
2306 4324 2537 4379 circuitu
2584 4328 2932 4393 pervenimus
2968 4328 3035 4383 ad
3069 4342 3281 4389 montes
3320 4335 3418 4389 Sa-

1840 4412 2012 4466 barim
2046 4412 2135 4481 qui
2168 4413 2325 4481 positi
2354 4423 2479 4468 sunt
2509 4416 2649 4469 inter
2678 4415 3025 4485 Damascum,
3054 4421 3158 4477 hoc
3185 4433 3268 4479 est
3298 4442 3424 4481 san-

1839 4503 2053 4573 guinem
2083 4504 2265 4569 cilicii,
2302 4514 2356 4559 et
2385 4505 2680 4561 confinium
2728 4508 2941 4574 Emath,
2987 4522 3045 4565 ut
3071 4527 3231 4582 supra
3285 4518 3424 4572 dixi-

1842 4610 1984 4659 mus,
2012 4596 2274 4651 veritatis.
2308 4595 2460 4651 Sicut
2479 4598 2623 4651 enim
2650 4614 2749 4668 per
2774 4615 3063 4657 mrerorem
3088 4604 3421 4663 declinamus

1839 4685 1981 4739 mala
2016 4686 2379 4756 impendentia
2407 4696 2459 4742 et
2497 4702 2563 4743 ex
2604 4688 2773 4745 latere
2807 4692 3131 4760 devitamus,
3174 4696 3254 4753 sic
3297 4709 3421 4770 post

1838 4779 2156 4848 sanguinem
2191 4789 2246 4834 et
2268 4780 2519 4835 cilicium
2560 4782 2682 4837 vita)
2724 4785 3081 4854 sanguinaria
3127 4798 3418 4862 antequam

1838 4869 2119 4938 veniamus
2161 4871 2227 4925 ad
2257 4870 2489 4925 conﬁnia
2528 4871 2723 4927 Emath
2765 4873 3056 4933 circuimus
3088 4887 3142 4933 et
3168 4884 3419 4950 perveni-

1836 4976 1958 5014 mus
1988 4960 2052 5015 ad
2081 4968 2310 5027 montes,
2336 4962 2403 5017 de
2428 4963 2625 5033 quibus
2649 4965 2909 5034 scriptum
2932 4977 3016 5024 est
3043 4987 3055 5023 :
3089 4990 3107 5023 σ
3136 4970 3415 5031 Montesin

1833 5050 2065 5105 circuitu
2092 5050 2229 5119 ejus,
2270 5061 2324 5132 et
2371 5053 2631 5109 Dominus
2660 5055 2711 5108 in
2754 5056 2982 5114 circuitu
3030 5061 3207 5131 populi
3254 5066 3356 5119 sui.
3390 5086 3408 5117 ι

1835 5139 1936 5205 Qui
1965 5138 2116 5196 locus
2150 5142 2451 5211 appellatur
2480 5144 2676 5198 atrium
2717 5145 2943 5215 Tbicon,
2981 5152 3083 5207 hoc
3108 5163 3191 5208 est
3218 5158 3413 5211 atrium

1833 5230 2087 5288 medium.
2140 5240 2202 5285 ut
2252 5234 2636 5302 interpretatus
2689 5245 2771 5291 est
2822 5238 3201 5310 Symmachus.
3252 5246 3413 5304 Juxta

1833 5322 2097 5377 terminos
2146 5324 2327 5377 Auran
2389 5324 2530 5395 quod
2579 5328 2911 5385 iracundiam
2957 5344 3136 5402 sonat,
3186 5349 3241 5394 et
3288 5356 3411 5397 cum

1834 5414 2098 5481 propheta
2124 5414 2412 5470 .dicamus:
2454 5416 2635 5472 clram
2681 5418 2894 5477 Domini
2925 5402 3226 5484 sustinebo
3278 5449 3414 5503 quo-

1835 5504 1979 5557 niam
2024 5506 2245 5574 peccavi
2276 5507 2326 5561 ei
2365 5506 2550 5590 (ilic/i.
2588 5510 2705 5582 vn).
2735 5530 2754 5564 ι
2800 5512 2868 5568 Et
2894 5529 2926 5567 a
2952 5517 3088 5571 mari
3133 5534 3303 5590 usque
3343 5526 3412 5580 ad

1834 5596 2095 5651 terminos
2124 5596 2371 5653 Damasci
2399 5584 2495 5654 :‘in
2534 5617 2641 5672 quo
2666 5611 2721 5657 et
2742 5606 3014 5675 apostolus
3044 5584 3241 5666 Paulus
3266 5628 3303 5667 a‘
3322 5612 3412 5669 tu-

1834 5700 1958 5741 rore
1981 5683 2205 5743 Iudaico
2251 5696 2311 5743 et
2343 5688 2601 5748 effusione
2643 5694 2993 5753 ecclesiastici
3022 5704 3299 5773 sanguinis
3326 5705 3411 5759 lu.—

1839 5797 1958 5835 men
1992 5782 2237 5838 caecitate
2277 5788 2557 5855 conspexit
2584 5806 2595 5841 :
2625 5797 2678 5841 et
2706 5800 2982 5862 assumpto
3017 5794 3193 5852 ciliclo
3224 5812 3405 5869 perae.

2906 5904 2983 5964 34
