3924 6340
497 338 629 395 ιῦ67

1135 340 1192 397 l3.
1240 341 1486 400 liA‘liANi
1526 344 1738 400 {iiAlilll
1779 344 2090 399 Alitit'tllii’.
2140 345 2443 402 MOtil7NI'.
2485 347 2766 403 OPEIHIM
2812 347 2986 405 PARS
3021 350 3082 404 li.

3621 347 3772 408 1068

495 453 729 509 cutionis
749 454 2075 527 vetesisEvangclinmpraedicavit,utperveniret
2104 463 2146 518 Α
2182 456 2488 512 dulcissima
2533 457 2785 518 Jozdtnis
2832 466 3032 516 tluenta
3085 463 3376 533 pertingat,
3430 477 3553 533 quae
3603 463 3772 533 longe

493 546 559 598 ad
609 546 807 599 atrium
864 543 1026 599 fontis
1078 547 1299 611 :cterni,
1332 557 1385 601 et
1443 547 1494 601 in
1537 547 1783 615 aquilone
1806 547 2074 615 quondam

492 635 701 705 positus
734 634 1163 704 apprehenderet
1191 638 1480 692 terminum
1516 639 1777 692 veritatis.

573 746 590 778 ‹
618 725 788 782 Porro
826 727 980 797 plaga
1024 727 1307 784 orientalis
1347 729 1412 782 de
1463 729 1639 784 medio
1676 729 1891 789 Auran.
1920 737 1976 784 et
2010 729 2077 784 de

499 834 517 867 ι
551 817 728 872 medio
756 816 1005 871 Damasci
1031 859 1045 882 ,
1077 827 1132 872 et
1159 819 1226 873 de
1256 820 1432 874 medio
1462 818 1662 874 Galaad
1681 860 1695 885 ,
1731 820 1873 875 etde
1900 821 2078 875 medio

499 927 518 961 ι
556 917 715 964 terrm
739 909 928 974 Israel,
949 907 1198 965 .lordanis
1224 911 1607 966 disterminans
1629 912 1694 966 ad
1724 927 1871 966 mare
1892 913 2074 987 orien-

501 1017 518 1048 ι
557 999 662 1053 tale
687 1000 982 1054 meticmini
1007 1000 1218 1071 plagam
1257 1002 1593 1056 orientalem.
1627 1021 1644 1053 ι
1679 1001 1945 1073 (ιιὶενοη.)
1974 1003 2078 1057 Pro

492 1107 602 1162 quo
639 1091 689 1145 in
720 1091 1077 1147 Numerorum
1102 1093 1239 1147 libro
1268 1093 1339 1147 ita
1364 1093 1623 1164 scriptum
1654 1095 1826 1163 reperi
1856 1112 1868 1147 :
1904 1114 1920 1146 ι
1953 1094 2079 1149 lude

492 1187 782 1240 metientur
796 1185 929 1240 ﬁnes
943 1193 1130 1241 contra
1144 1186 1459 1241 orientalem
1472 1186 1682 1256 plagam
1697 1187 1762 1241 de
1777 1187 2050 1240 villaEnan
2061 1226 2075 1251 ,

494 1279 596 1332 hoc
616 1285 699 1332 est
721 1276 995 1331 Asercnon
1021 1293 1190 1345 usque
1213 1275 1501 1347 Sephania,
1521 1277 1656 1332 etde
1679 1276 1949 1346 Sephania
1966 1277 2081 1332 des-

492 1369 722 1423 cendent
752 1367 966 1421 termini
1007 1369 1212 1424 ltebbla
1248 1377 1432 1424 contra
1473 1367 1696 1423 fontem.
1728 1367 1854 1423 Inde
1889 1384 2079 1438 perve-

491 1458 642 1513 nient
669 1467 854 1512 contra
882 1459 1148 1514 orientem
1178 1460 1230 1514 in
1253 1475 1400 1514 mare
1423 1459 1749 1524 Cheneretb,
1779 1467 1834 1514 ct
1856 1458 2079 1515 tendent

490 1562 659 1618 usque
684 1546 1004 1614 Iordanem,
1035 1559 1088 1604 et
1116 1551 1184 1604 ad
1223 1551 1471 1605 ultimum
1501 1551 1820 1607 claudentur
1855 1552 2012 1607 mari.
2055 1570 2072 1603 ›

491 1633 665 1707 Supra
685 1637 925 1691 dixerat:
948 1657 965 1688 ι
989 1639 1054 1692 Et
1075 1639 1178 1693 erit
1203 1639 1461 1694 terminus
1485 1656 1514 1694 a
1543 1641 1678 1695 mari
1701 1656 1871 1711 usque
1887 1641 2078 1695 Esere-

489 1742 596 1782 non
623 1728 884 1783 terminus
914 1727 1181 1784 Damasci.
1208 1749 1225 1781 ι
1247 1730 1292 1784 Α
1321 1732 1426 1786 ﬁne
1451 1732 1615 1802 igitur
1640 1733 2076 1802 septentrionalis

489 1819 678 1890 plagas,
703 1820 806 1875 hoc
825 1829 910 1875 est
929 1823 1066 1885 atrio
1088 1823 1238 1876 Enon
1269 1823 1488 1878 tendunt
1516 1823 1649 1879 ﬁnes
1665 1865 1680 1891 ,
1699 1824 1854 1893 juxta
1875 1825 2074 1881 Nume-
2106 1813 2151 1871 Β

492 1923 676 1964 rerum
713 1910 945 1976 librum,
977 1926 1147 1981 usque
1183 1911 1480 1983 Sephania,
1511 1930 1673 1984 quam
1707 1915 1914 1970 Hebrtei
1939 1916 2078 1986 Apa-

493 1999 655 2052 miam
681 2000 983 2065 nominant,
1010 2009 1064 2055 et
1088 2002 1154 2056 de
1177 2003 1404 2071 Apamia
1428 2004 1760 2059 descendunt
1787 2007 1999 2060 termini
2025 2007 2078 2061 in

490 2089 716 2156 Rebbla,
733 2107 852 2161 qua:
873 2109 1012 2146 nunc
1028 2091 1198 2163 Syria:
1219 2103 1440 2148 vocatur
1453 2095 1759 2150 Antiochia.
1777 2096 1842 2149 Et
1861 2105 1914 2149 ut
1939 2098 2080 2151 scias

497 2182 756 2237 Rebblam
782 2184 921 2238 hanc
952 2185 1257 2255 signiﬁcare
1285 2188 1494 2252 urlct‘u,
1521 2203 1642 2257 qua:
1669 2203 1812 2242 nunc
1842 2188 1892 2242 in
1922 2187 2078 2259 Syria

492 2269 639 2325 Coi-le
666 2270 999 2326 nobilissima
1026 2281 1143 2339 est,
1182 2275 1458 2342 sequitur,
1491 2294 1507 2326 ι
1554 2285 1741 2330 contra
1783 2275 2019 2341 fontem,
2056 2297 2074 2329 ι

491 2375 651 2430 quem
687 2364 1025 2432 perspicuum
1074 2372 1160 2419 est
1198 2365 1490 2434 signiﬁcari
1537 2365 1817 2436 Daphnen,
1869 2369 1935 2422 de
1973 2383 2080 2439 quo

492 2449 643 2506 fonte
670 2452 976 2522 supradicta
1017 2454 1146 2508 urbs
1170 2455 1324 2525 aquis
1357 2455 1832 2511 abundantissimis
1861 2457 2075 2513 fruitur.

493 2538 595 2597 Hic
630 2549 809 2596 autem
837 2542 986 2597 locus
1013 2559 1043 2597 a
1066 2543 1212 2598 Cnco
1233 2543 1506 2613 Pompeio,
1532 2544 1622 2614 qui
1657 2546 1806 2616 prius
1841 2545 2079 2601 Judzeam

494 2633 740 2688 Romano
765 2633 977 2704 subegit
1008 2634 1234 2705 imperio
1270 2635 1490 2690 militari
1519 2651 1678 2690 manu
1710 2638 1950 2692 consitus
1973 2646 2076 2702 est,

496 2735 550 2778 et
579 2724 648 2778 ab
681 2738 746 2778 eo
767 2723 919 2791 juxta
970 2723 1204 2778 fabulam
1263 2733 1545 2795 poetarum
1587 2725 1840 2796 Daphnes
1884 2741 2079 2782 nomen

495 2816 703 2886 accepit
728 2816 797 2870 ob
827 2815 1008 2871 lauros
1031 2824 1086 2870 et
1116 2817 1445 2887 eyparissos,
1477 2833 1598 2887 qua:
1632 2819 1854 2874 arbores
1882 2819 1933 2873 in
1966 2820 2081 2886 ipso

496 2906 616 2962 loco
647 2897 1279 2977 frequentissimtesunt.
1330 2909 1482 2975 Inde,
1526 2910 1718 2979 inquit,
1759 2913 2077 2981 pervenient

497 2999 715 3054 termini
761 3009 947 3054 contra
989 3000 1306 3055 orientalem
1331 3000 1540 3069 plagam
1585 3002 1650 3056 ad
1691 3016 1838 3055 mare
1873 3001 2081 3058 (Ibene—

496 3090 616 3146 retlt
648 3105 820 3161 usque
864 3091 932 3144 ad
970 3097 1221 3160 stagnum
1261 3089 1582 3146 Tiberiadis.
1613 3090 1760 3146 Mare
1791 3101 1967 3146 autem
1997 3091 2079 3146 di-

2181 555 2432 616 separato
2459 549 2595 602 mari
2623 549 2802 603 lumen
2825 550 3049 605 orientis
3076 553 3447 621 consequitur,
3481 553 3555 607 ita
3584 561 3648 607 ut
3678 551 3777 608 ﬂl-

2180 637 2267 690 vio
2293 635 2567 702 Iordanis,
2599 639 2688 707 qui
2719 641 3105 709 interpretatur
3129 641 3276 695 rivus
3292 641 3483 712 judicii
3512 655 3568 698 et
3588 645 3778 700 orien-

2181 731 2250 784 tis
2277 730 2510 784 termino
2528 728 2763 784 ﬁniatur.
2783 729 2937 798 Quod
2955 742 3135 788 autem
3157 733 3212 787 in
3234 731 3588 812 Septuaginta
3613 736 3778 807 poni-

2183 831 2268 876 tur
2293 823 2668 894 phteniccnos,
2699 825 2752 879 id
2779 833 2863 879 est
2889 823 3127 895 palmeti,
3159 825 3212 879 in
3243 825 3506 882 Hebraieo
3528 842 3639 881 non
3675 827 3778 881 ha-

2179 915 2372 982 betur;
2400 931 2498 987 pro
2525 931 2632 986 quo
2681 933 2780 971 nos
2821 917 3118 972 metiemini
3161 919 3498 988 interpretati
3527 935 3728 975 sumus
3757 936 3771 972 :

2179 1019 2440 1075 errorque
2488 1005 2824 1073 manifestus,
2873 1007 3016 1074 quod
3064 1021 3163 1076 pro
3214 1007 3530 1072 thamoddu,
3569 1007 3776 1061 littera:

2181 1095 2390 1165 decepti
2417 1095 2767 1152 similitudine
2789 1096 2962 1150 daletlt
2986 1105 3041 1152 et
3063 1113 3143 1150 res
3161 1137 3176 1162 ,
3194 1087 3438 1167 legerunt
3463 1097 3770 1150 (humor-ru.

2256 1203 2274 1234 ι
2313 1184 2474 1256 Plaga
2532 1193 2712 1240 autem
2766 1185 3042 1261 australis
3076 1185 3373 1239 meridiana
3429 1200 3459 1239 a
3514 1183 3771 1239 Thamar

2188 1296 2206 1328 ι
2241 1293 2410 1348 usque
2458 1279 2524 1332 ad
2561 1293 2730 1348 aquas
2767 1277 3230 1334 contradictionis.
3263 1276 3434 1332 Cades
3460 1287 3516 1332 et
3549 1287 3777 1332 torrens

2191 1388 2206 1418 ι
2240 1385 2411 1438 usque
2439 1369 2505 1423 ad
2535 1385 2684 1424 mare
2731 1371 2982 1439 Magnum
3021 1369 3137 1422 haec
3179 1375 3266 1422 est
3308 1367 3460 1437 plaga
3489 1367 3557 1421 ad
3595 1365 3772 1420 meri-

2188 1479 2206 1512 ‹
2244 1462 2385 1515 diem
2428 1461 2702 1518 australis.
2726 1482 2744 1512 ι
2786 1461 2892 1516 Pro
2923 1476 3030 1531 quo
3055 1461 3107 1514 in
3135 1459 3488 1515 Numerorum
3527 1460 3674 1515 libro
3697 1460 3772 1516 ita

2182 1551 2443 1621 scriptum
2487 1560 2571 1606 est
2608 1550 2796 1622 (Num.
2829 1551 3054 1619 xxxiv):
3091 1549 3354 1619 «Incipiet
3398 1566 3427 1602 a
3472 1549 3773 1604 solitudine

2184 1641 2301 1708 Sin,
2329 1657 2448 1712 qua:
2486 1652 2569 1697 est
2599 1643 2753 1712 juxta
2781 1641 2949 1696 [idem
2971 1682 2985 1705 ,
3016 1648 3070 1695 et
3099 1640 3317 1695 habebit
3346 1640 3604 1694 terminos
3633 1653 3772 1693 con-

2183 1742 2265 1789 tra
2295 1735 2558 1789 orientem
2582 1747 2750 1799 mare,
2774 1734 2864 1802 qui
2891 1732 3196 1786 circuibunt
3221 1731 3513 1786 australem
3546 1730 3769 1801 plagam

2180 1840 2279 1897 per
2305 1840 2588 1879 ascensum
2627 1823 2948 1893 scorpionis,
2998 1823 3071 1876 ita
3099 1831 3158 1875 ut
3185 1830 3463 1876 transeant
3500 1820 3688 1875 Senna
3713 1827 3767 1875 et

2180 1916 2497 1986 perveniant
2523 1915 2576 1968 in
2602 1914 2884 1968 meridiem
2916 1928 3087 1982 usque
3121 1912 3186 1965 ad
3215 1911 3574 1967 Cadesbarne.
3606 1911 3771 1966 Unde

2181 2008 2523 2078 egredientur
2570 2006 2801 2061 conﬁnia
2851 2006 2919 2059 ad
2961 2005 3139 2058 villam
3198 2005 3415 2058 nomine
3461 2004 3668 2068 Addar,
3711 2013 3768 2058 et

2182 2098 2406 2154 tendent
2441 2111 2613 2166 usque
2651 2097 2716 2150 ad
2753 2095 3045 2160 Asemona,
3080 2095 3285 2163 ibitque
3311 2110 3408 2164 per
3433 2109 3622 2164 gyrum
3656 2103 3768 2148 ter-

2183 2188 2364 2241 minus
2403 2185 2470 2239 ab
2498 2186 2768 2239 Asemona
2798 2199 2967 2252 usque
2997 2182 3064 2236 ad
3098 2191 3395 2236 torrentem
3424 2180 3668 2252 Egypti,
3711 2190 3770 2237 et

2181 2279 2349 2332 maris
2399 2276 2573 2347 Magni
2622 2275 2800 2330 littore
2846 2275 3082 2329 ﬁnietur.
3117 2293 3134 2325 ι
3187 2273 3341 2339 Quod
3380 2273 3616 2328 breviter
3661 2273 3768 2327 hoc

2181 2367 2470 2440 signiﬁcat,
2512 2382 2577 2420 ne
2605 2378 2703 2435 per
2728 2365 3072 2419 occasionem
3113 2362 3416 2418 Ezechielis
3457 2363 3524 2417 ad
3549 2363 3770 2431 exposi-

2182 2462 2385 2517 tionem
2418 2459 2698 2513 videamur
2726 2456 3085 2511 Nuinerorum
3118 2456 3378 2510 transisse
3419 2454 3765 2518 latissimam,

2182 2566 2211 2604 a
2245 2548 2531 2606 solitudine
2564 2546 2679 2613 Sin,
2719 2561 2838 2616 quae
2877 2555 2962 2602 est
3001 2545 3155 2616 juxta
3199 2545 3367 2600 Edom
3391 2552 3446 2600 et
3489 2544 3626 2598 mari
3655 2543 3768 2598 Ru-

2180 2643 2281 2697 bro
2315 2640 2605 2695 terminum
2641 2639 2896 2704 circuire,
2943 2647 2997 2693 et
3023 2653 3120 2708 per
3144 2653 3432 2692 ascensum
3461 2636 3768 2707 scorplonis

2182 2740 2233 2786 et
2255 2747 2352 2802 per
2374 2730 2554 2786 Senna
2584 2739 2640 2785 et
2666 2730 3014 2786 Cadesbarne
3041 2737 3093 2784 et
3122 2729 3320 2783 atrium
3346 2728 3531 2783 Addar
3558 2737 3612 2781 et
3630 2728 3770 2784 Ase-

2180 2837 2342 2876 mona
2394 2822 2677 2892 pervenire
2730 2837 2902 2891 usque
2944 2821 3010 2874 ad
3043 2827 3337 2874 torrentem
3391 2817 3632 2888 Egypti,
3671 2816 3767 2886 qui

2177 2914 2332 2984 juxta
2383 2913 2574 2967 urbem
2610 2911 3005 2966 Rinocoruram
3059 2910 3196 2964 mari
3245 2907 3440 2963 influit.
3489 2908 3589 2962 llic
3633 2923 3768 2964 vero

2185 3005 2448 3059 terminus
2473 3003 2643 3074 plaga:
2672 3001 2946 3065 australis,
2980 3001 3082 3055 hoc
3111 3008 3194 3054 est
3233 2998 3546 3054 meridiana:
3580 2997 3769 3067 incipit

2185 3111 2216 3149 a
2253 3096 2509 3159 Thamar,
2527 3109 2646 3164 quae
2681 3093 2811 3148 urbs
2846 3094 2901 3148 in
2943 3081 3232 3164 solitudine
3253 3097 3355 3153 est,
3391 3105 3553 3158 quam
3583 3098 3639 3145 et
3665 3087 3769 3144 Sa-

499 3181 640 3237 citur
662 3197 784 3237 eum
805 3180 1003 3235 habeat
1025 3181 1207 3236 dulces
1229 3181 1570 3250 aquasjnxta
1609 3181 1807 3235 idioma
1832 3181 2080 3252 'Seriptn-
2105 3158 2150 3221 δ
2185 3187 2364 3240 lomon
2408 3153 2562 3239 miris
2592 3185 2848 3253 operibus
2878 3153 3166 3245 exstruxit,
3208 3189 3262 3235 et
3307 3179 3466 3234 hodie
3517 3177 3769 3251 Palmyra

499 3287 684 3326 rarum
706 3286 813 3340 quo
839 3271 1286 3342 congregationes
1319 3287 1584 3340 aquarum
1611 3272 1949 3341 appellantur
1970 3273 2079 3327 Ma-

497 3367 600 3420 ria.
641 3364 745 3420 «Et
770 3366 1010 3426 tendent,
1042 3365 1234 3435 inquit,
1269 3366 1482 3419 termini
1517 3378 1686 3433 usque
1711 3363 1999 3419 Jordancm
2023 3375 2079 3420 et

502 3456 568 3509 ad
613 3454 861 3511 ultimum
909 3454 1228 3510 claudentur
1273 3455 1443 3508 mari:
1476 3475 1494 3506 ›
1529 3455 1611 3508 vel
1662 3455 1798 3509 mari
1849 3454 2076 3522 Mortuo,

499 3548 582 3602 vel
625 3558 683 3602 ιιι
711 3548 800 3602 alii
825 3556 1015 3618 putant
1044 3547 1225 3618 lingua
1265 3547 1433 3600 maris
1462 3545 1652 3610 Rubri,
1699 3546 1751 3599 in
1797 3543 1952 3613 cujus
1994 3547 2081 3601 lit-

501 3649 618 3695 tore
663 3638 820 3695 Abila
851 3638 1026 3709 posita
1075 3646 1175 3701 est,
1226 3637 1318 3691 ubi
1362 3651 1504 3690 nunc
1550 3642 1791 3689 moratur
1845 3636 1982 3705 legio
2025 3644 2080 3691 et

500 3731 809 3799 praesidium
840 3728 1227 3783 Romanorum.
1257 3726 1370 3780 Iloc
1402 3724 1556 3794 juxta
1587 3724 1784 3780 librum
1822 3724 2081 3780 Numero-

502 3837 622 3876 rum
653 3822 852 3876 dictum
890 3821 959 3874 sit
989 3838 1001 3872 :
1029 3819 1183 3890 juxta
1229 3816 1480 3873 Ezechiel
1517 3831 1649 3871 vero
1676 3819 1744 3870 de
1771 3816 1947 3871 medio
1973 3815 2080 3869 Au-

501 3914 770 3984 ran,quod
795 3923 878 3968 est
901 3913 1154 3983 Oppidum
1185 3910 1434 3964 Damasci
1477 3909 1531 3963 in
1573 3909 1885 3974 solitudine,
1921 3916 1978 3963 ct
2016 3909 2080 3964 de

499 4006 681 4061 medio
728 4003 950 4066 Galaad,
994 4002 1086 4072 qui
1134 4016 1289 4056 mons
1329 3999 1521 4054 Libani
1554 3997 1777 4053 collibus
1803 3998 2082 4068 copulatus

501 4096 698 4152 cecidit
743 4095 796 4148 in
846 4101 1048 4148 sortem
1099 4091 1288 4147 Ruben
1332 4099 1387 4144 et
1419 4088 1535 4143 Gad
1563 4098 1617 4144 et
1643 4089 1876 4143 dimidiae
1912 4089 2082 4144 tribus

502 4185 770 4248 Manassc,
793 4190 945 4237 etest
971 4198 1003 4235 a
1031 4189 1180 4252 tergo
1204 4180 1477 4236 Phoenicis
1499 4187 1555 4234 et
1580 4179 1816 4244 Arabiae,
1839 4181 1906 4234 ad
1920 4195 2080 4250 quem

504 4291 742 4335 mentem
781 4293 953 4348 usque
992 4275 1236 4347 pervenit
1271 4275 1335 4329 de
1373 4272 1553 4328 Carris
1589 4271 1862 4342 profectus
1893 4271 2079 4339 Jacob,

503 4383 557 4427 et
599 4371 1020 4441 comprehensus
1047 4377 1130 4424 est
1154 4383 1187 4422 a
1210 4367 1430 4431 Laban,
1475 4367 1539 4421 de
1577 4381 1685 4435 quo
1726 4375 1782 4420 et
1822 4365 2084 4421 Jeremias

503 4464 781 4532 loquitur:
813 4480 831 4512 ι
865 4459 1066 4516 Galaad
1095 4501 1109 4524 ,
1167 4468 1224 4513 tu
1273 4458 1405 4512 mibi
1450 4457 1662 4511 initium
1707 4455 1898 4511 Libani
1946 4455 2078 4526 (λεν.

499 4569 646 4608 xxvn
665 4551 708 4624 ),
739 4572 756 4604 ι
783 4567 942 4621 quam
972 4550 1135 4619 ccepit
1163 4550 1229 4603 de
1259 4547 1699 4603 Amorrhccorum
1732 4547 1949 4615 regione
1969 4544 2076 4599 Ga-

502 4647 624 4702 laad
651 4647 790 4700 lilitts
814 4644 1020 4699 Machir
1040 4643 1132 4696 ﬁlii
1162 4641 1407 4696 Manasse
1435 4658 1448 4696 :
1473 4641 1594 4694 ﬁnis
1620 4637 1882 4710 hujusque
1909 4639 2077 4709 plagzc

501 4741 751 4795 Jordanis
795 4737 986 4791 ﬂuvius
1034 4735 1445 4797 disterminans,
1492 4740 1546 4786 et
1585 4745 1734 4785 mare
1783 4729 2074 4790 orientale,

503 4834 642 4902 quoi
673 4831 724 4885 in
750 4831 849 4883 hoc
869 4829 999 4894 loco
1029 4841 1178 4881 mare
1206 4823 1471 4878 Mortuum
1503 4837 1607 4876 non
1638 4820 1873 4891 linguam
1910 4818 2077 4873 maris

505 4922 673 4976 ltu‘ori
721 4919 1039 4988 intelligunt.
1083 4915 1335 4970 Dicamus
1365 4913 1519 4982 juxta
1556 4911 1908 4982 trepologiam
1955 4918 2076 4979 post

505 5012 767 5081 terminos
793 5008 1057 5078 aquilonis
1083 5006 1239 5076 longo
1269 5004 1494 5060 circuitu
1521 5018 1618 5073 per
1645 5002 1871 5056 Ethalon
1899 5011 1953 5056 et
1984 5000 2079 5056 Se-

506 5102 667 5166 dada,
697 5108 752 5155 et
790 5098 1046 5162 Berotba,
1099 5097 1347 5152 Sabarim
1403 5109 1616 5164 quoque
1661 5102 1715 5146 et
1763 5092 1987 5156 'l‘bicon,
2025 5099 2080 5145 et

506 5193 708 5256 Auran,
756 5199 810 5245 ct
855 5189 1213 5251 Damascum,
1258 5194 1312 5241 et
1353 5186 1549 5240 atrium
1596 5183 1747 5238 Enon
1784 5183 1852 5248 ad
1887 5181 2078 5235 Emath

508 5297 676 5354 usque
696 5281 938 5352 pervenit
962 5279 1251 5336 Orientalis
1274 5279 1428 5350 plaga
1464 5291 1476 5328 :
1503 5277 1568 5332 de
1590 5276 1766 5331 medio
1791 5274 2080 5330 iracundiae

507 5376 718 5435 Auran,
763 5370 905 5424 etde
928 5370 1103 5425 medio
1128 5367 1375 5422 Damasci
1406 5367 1664 5434 sanguine
1691 5363 1938 5418 videlicet
1963 5377 2077 5431 pa:-

507 5463 766 5525 nitentiae,
819 5471 874 5517 et
918 5463 983 5516 dc
1027 5461 1200 5516 medio
1231 5457 1454 5527 Galaad,
1501 5459 1642 5528 quod
1691 5457 2078 5526 interpretatur

507 5554 764 5610 revelatio
800 5553 883 5606 vel
938 5552 1172 5606 tumulus
1220 5549 1543 5615 testimonii;
1585 5557 1643 5603 ut
1682 5557 1802 5618 post
1849 5547 1981 5599 iram
2026 5555 2082 5598 et

489 5647 884 5714 'pmuitentiam
943 5661 1091 5715 spem
1148 5643 1338 5697 salutis
1386 5644 1649 5704 ostendat,
1691 5650 1743 5694 et
1788 5639 1854 5693 de
1906 5637 2080 5691 medio

516 5745 674 5793 terra:
713 5737 890 5803 Israel,
923 5753 1041 5805 qua-
1067 5737 1326 5789 visionem
1359 5733 1599 5787 continet
1633 5731 1780 5801 pacis
1816 5744 1984 5801 usque
2014 5729 2081 5782 ad

2183 3286 2554 3345 nuncupatur.
2608 3273 2942 3340 llebrteoque
2987 3286 3238 3328 sermone
3279 3271 3520 3324 Thamar
3546 3270 3768 3336 dicitur,

2182 3382 2301 3437 qua:
2331 3368 2383 3420 in
2415 3365 2596 3433 lingua
2619 3372 2804 3418 nostra
2829 3363 3066 3432 palmam
3089 3369 3265 3425 sonat,
3309 3375 3481 3429 usque
3506 3362 3574 3414 ad
3599 3374 3770 3428 aquas

2183 3456 2629 3513 contradictionis
2677 3453 2874 3518 Cades,
2922 3468 3086 3523 quam
3129 3452 3185 3506 in
3237 3452 3454 3506 deserto
3499 3464 3620 3505 esse
3657 3464 3768 3504 non

2187 3550 2408 3606 dubium
2437 3558 2542 3613 est,
2587 3555 2644 3602 et
2673 3555 2886 3601 torrens
2932 3543 3238 3614 ingrediens
3289 3557 3443 3596 mare
3489 3541 3765 3612 Magnum,

2184 3639 2286 3694 hoc
2308 3636 2452 3707 quod
2477 3635 2696 3706 Egypti
2726 3631 3129 3700 Palmstinthue
3167 3631 3454 3700 przetcndit
3497 3630 3770 3684 littoribus

2181 3738 2235 3780 ct
2262 3727 2376 3781 haec
2403 3733 2486 3779 est
2516 3724 2670 3794 plaga
2696 3719 2948 3776 australis
2977 3721 3042 3775 ad
3073 3720 3373 3773 meridiem.
3397 3718 3530 3773 Post
3555 3718 3768 3788 plagam

2182 3834 2313 3888 ergo
2342 3815 2612 3885 aquilonis
2655 3822 2711 3866 ct
2751 3813 2998 3876 orientis,
3036 3811 3253 3880 quando
3289 3820 3443 3865 ortus
3474 3810 3629 3864 nobis
3653 3809 3770 3863 lue-

2183 3910 2256 3963 rit
2299 3907 2378 3962 sol
2422 3904 2690 3977 justitize,
2752 3902 3048 3972 accipimus
3103 3900 3462 3954 meridianam
3512 3901 3764 3969 plagam,

2183 4000 2398 4070 quando
2430 4007 2601 4053 totum
2651 3995 2810 4050 nobis
2859 3994 3089 4062 desuper
3126 3992 3306 4045 lumen
3352 3989 3671 4052 infunditur.
3712 3997 3769 4045 et

2183 4106 2304 4144 eam
2330 4088 2605 4142 Abraham
2632 4085 2832 4139 inimus
2849 4083 3180 4146 convivium,
3205 4091 3259 4135 et
3286 4081 3620 4136 inebriamur
3638 4081 3766 4135 vino

2182 4178 2326 4248 quod
2379 4177 2612 4230 laetiﬁcat
2655 4190 2749 4229 cor
2789 4174 3022 4229 hominis
3085 4169 3257 4243 (Psal.
3299 4174 3454 4236 cut),
3503 4187 3626 4227 cum
3670 4170 3761 4226 Jo-

2184 4267 2312 4336 scph
2338 4277 2392 4321 et
2417 4264 2676 4318 fratribus
2702 4262 2836 4332 ejus.
2882 4261 3072 4331 Incipit
3119 4270 3300 4314 autem
3342 4260 3444 4314 ista
3495 4261 3766 4330 possessio

2184 4367 2239 4415 et
2259 4359 2313 4413 hi
2337 4357 2551 4411 termini
2576 4371 2604 4409 a
2621 4354 2874 4418 Thamar,
2904 4368 2934 4406 a
2959 4354 3135 4422 palma
3158 4353 3408 4408 videlicet
3429 4353 3766 4420 victoriaque

2185 4449 2459 4509 vitiorum,
2482 4462 2653 4516 usque
2693 4448 2759 4499 ad
2799 4461 2966 4514 aquas
3011 4444 3454 4500 contradictionis
3491 4462 3506 4498 :
3551 4457 3768 4512 semper

2186 4539 2330 4593 enim
2371 4537 2662 4592 virtutibus
2699 4535 3104 4590 contradicitur.
3138 4534 3291 4590 Unde
3317 4543 3372 4589 et
3394 4531 3765 4604 praedicationi

2184 4629 2506 4699 evangelica:
2532 4625 2702 4680 Judzei
2725 4633 2913 4679 contra
2949 4624 3170 4678 Paulum
3195 4623 3546 4686 disserentes,
3573 4620 3626 4674 in
3650 4627 3767 4676 toto

2184 4721 2314 4775 orbe
2356 4726 2608 4773 asserunt
2647 4712 2943 4770 contradici
3007 4713 3074 4765 Et
3115 4712 3168 4765 in
3211 4711 3507 4781 Evangelia
3538 4708 3768 4778 legimus

2186 4812 2436 4866 Simeone
2473 4808 2721 4863 dicente:
2758 4824 2774 4856 ‹
2797 4803 2894 4858 Hic
2937 4803 3038 4866 erit
3083 4802 3137 4855 in
3185 4802 3394 4855 ruinam
3429 4809 3486 4854 et
3525 4811 3769 4853 resurre-

2184 4904 2416 4958 ctionem
2461 4898 2777 4961 multorum,
2821 4904 2872 4950 et
2905 4895 2958 4948 in
2985 4894 3197 4963 signum
3241 4891 3326 4946 cui
3364 4889 3770 4944 contradicetur

2188 4994 2338 5065 (Luc.
2369 4994 2452 5063 ιι).
2478 5009 2494 5041 ι
2527 4988 2715 5046 Omnis
2747 4997 2925 5044 autem
2949 4984 3305 5042 contradictio
3325 4992 3410 5039 est
3436 4980 3768 5047 sanctitatis.

2187 5083 2329 5153 quod
2360 5083 2746 5150 interpretatur
2766 5076 2958 5140 Gades,
2985 5075 3200 5129 dicente
3225 5070 3511 5127 Psalmista
3538 5087 3550 5122 :
3583 5087 3604 5119 ι
3630 5066 3771 5123 Con-

2187 5173 2354 5226 eutiet
2409 5169 2666 5223 Dominus
2715 5167 2991 5220 desertum
3043 5161 3219 5218 Gades
3277 5157 3451 5232 (Psal.
3502 5158 3764 5227 xxvnt).i

2189 5265 2342 5333 Quod
2379 5261 2627 5316 videlicet
2664 5260 2895 5329 primum
2927 5270 3035 5310 non
3063 5254 3296 5309 habebat
3326 5251 3540 5306 Domini
3567 5249 3773 5306 sancti—

2190 5369 2374 5425 tatem,
2408 5357 2502 5414 scd
2523 5369 2846 5412 concussum
2889 5360 2973 5408 est
3013 5360 3175 5420 atque
3210 5355 3565 5411 commotum,
3594 5354 3657 5400 ut
3686 5357 3771 5400 ro-

2186 5455 2390 5524 eiperct
2437 5450 2706 5519 hospitem
2757 5447 2947 5509 Deum,
2995 5445 3087 5514 qui
3131 5443 3304 5498 dicit:
3343 5460 3360 5492 ι
3389 5439 3566 5510 Super
3605 5451 3771 5507 quan

2193 5543 2489 5613 requiescit
2537 5541 2760 5611 spiritus
2809 5551 2994 5600 meus,
3047 5534 3149 5589 nisi
3199 5547 3362 5601 sujer
3409 5529 3674 5586 humilem
3716 5535 3774 5582 et

2191 5638 2450 5704 quietum,
2508 5642 2563 5688 et
2611 5642 2929 5686 trementem
2977 5627 3142 5682 verba
3193 5639 3313 5680 mea
3360 5622 3496 5694 (ιτς.
3529 5618 3764 5687 un)?»

2195 5726 2322 5780 Post
2359 5727 2634 5779 desertum
2677 5721 2849 5775 Cades
2893 5731 3064 5788 usque
3113 5715 3179 5772 ad
3229 5729 3379 5769 mare
3420 5711 3673 5782 Magnum
3714 5709 3765 5761 in
