3924 6322
190 371 330 428 ιοῡθ

1115 363 1464 420 (ΣΟΜΜΕΝΤ.
1508 363 1573 416 IN
1610 363 2058 417 EZISIIIIIELi-IM.
2100 395 2168 404 ——
2209 366 2330 419 Liti.
2387 367 2498 420 XX.

3301 379 3321 431 1
3335 379 3437 435 070

184 482 416 540 meridie
463 480 630 550 plagae
676 478 930 533 australis
985 485 1195 531 torrens
1232 484 1336 539 est,
1377 475 1441 528 de
1471 489 1576 542 quo
1607 486 1764 540 supra
1795 477 1843 535 Λ
1871 473 2033 525 salem
2058 475 2352 538 t‘ft:iz‘$lt.'ttl,
2386 477 2486 528 hoc
2508 475 2660 529 estin
2685 472 2886 530 visione
2911 480 3059 545 pacis
3083 485 3440 552 sempiterna.

183 575 446 637 diximus,
481 572 569 640 qui
602 561 707 625 non
738 570 804 626 de
830 579 996 634 terra,
1040 568 1134 622 sed
1181 569 1247 622 de
1285 566 1422 620 cmlo
1450 566 1657 636 pluvias
1681 567 1770 619 ha-

182 661 282 720 bet
303 664 640 719 diversarum
673 661 934 714 virtutum
965 653 1226 711 varietate
1260 655 1532 710 collectas.

265 772 285 804 «
318 754 385 808 Et
413 752 566 822 plaga
600 751 766 805 maris
797 763 944 804 mare
972 747 1220 819 Magnum
1247 763 1278 801 a
1307 746 1542 801 conﬁnio
1569 761 1666 815 per
1691 745 1772 798 di-

191 862 210 896 «
242 853 454 899 rectum
495 843 665 896 donec
707 841 890 893 venias
934 839 1148 894 Emath.
1192 837 1320 891 Haec
1359 844 1441 890 est
1470 835 1625 906 plaga
1658 850 1772 889 ma-

188 956 209 986 «
239 937 338 991 ris.
364 954 380 986 ι
418 935 492 988 De
522 948 626 1002 qua
675 929 1016 985 manifestius
1037 938 1092 984 et
1117 928 1333 983 brevius
1356 927 1546 982 scribit
1573 926 1770 980 Nume-

184 1041 372 1081 rorum
401 1024 538 1077 liber
563 1022 750 1094 (Num.
785 1021 971 1088 xxviv)
1002 1037 1014 1071 :
1048 1018 1248 1088 «Plaga
1293 1026 1472 1071 autent
1519 1016 1795 1070 occidcn-’

184 1113 316 1171 talis
337 1128 365 1168 ει
393 1112 527 1166 mari
554 1109 740 1180 Magno
765 1109 1002 1176 incipiet,
1023 1115 1076 1162 et
1103 1107 1218 1176 ipso
1241 1105 1348 1160 ﬁne
1362 1103 1732 1169 concludetur,
1747 1124 1763 1154 ι

181 1204 293 1260 hoc
316 1211 398 1258 est
436 1202 501 1255 de
532 1202 664 1254 mari
695 1215 864 1268 usque
893 1200 959 1253 ad
992 1210 1156 1261 mare,
1191 1212 1221 1250 a
1252 1204 1491 1250 torrente
1521 1195 1774 1248 videlicet

182 1292 544 1354 Binecorure,
570 1290 658 1359 qui
687 1290 739 1342 in
771 1302 920 1341 mare
944 1285 1118 1341 influit
1138 1301 1309 1356 usque
1333 1285 1399 1339 ad
1421 1300 1543 1339 cum
1573 1283 1766 1349 locum,

180 1388 276 1458 qui
308 1396 389 1441 est
421 1396 606 1441 contra
656 1383 848 1438 Emath
898 1381 1085 1436 urbem
1133 1379 1328 1450 Syriae,
1359 1379 1425 1434 de
1465 1393 1570 1447 qua
1607 1392 1769 1446 supra

180 1479 440 1531 diximus.
500 1474 766 1531 Occidens
827 1481 1007 1526 autem
1053 1471 1208 1542 juxta
1262 1469 1408 1539 leges
1464 1467 1772 1537 tropolOgize

178 1585 400 1639 semper
440 1569 493 1623 in
533 1568 665 1622 mari
709 1576 816 1630 cst,
857 1578 1068 1634 semper
1097 1563 1151 1618 in
1181 1563 1295 1618 salo
1325 1573 1380 1616 et
1403 1560 1654 1614 fluctibus
1679 1559 1768 1613 ubi

179 1661 426 1732 quotidie
451 1657 731 1729 naufragia
760 1658 1115 1731 suscitantur,
1144 1662 1198 1709 et
1224 1653 1550 1718 miserorum
1584 1665 1765 1716 neces,

177 1762 238 1806 et
267 1750 575 1805 divitiarum
607 1757 663 1803 et
706 1747 968 1802 mercium
1021 1745 1259 1799 amissio.
1310 1744 1377 1798 Et
1426 1751 1604 1796 tamen
1644 1757 1764 1796 cum

1877 566 1981 620 Sed
2022 569 2142 636 quis
2177 578 2420 622 nostrum
2457 567 2575 622 talis
2605 577 2708 632 est,
2741 577 2800 621 ιιι
2824 570 2891 622 ab
2919 568 3227 637 hujusmodi
3263 575 3443 631 distri-

1875 659 2092 712 hutionc
2117 659 2180 712 ad
2208 659 2352 712 illam
2392 659 2632 714 caelestis
2673 660 3002 714 haereditatis
3036 672 3237 718 sortem
3262 667 3446 720 venire

1873 748 2175 800 mereatur?
2207 748 2336 814 Quis
2361 749 2432 801 ita
2465 749 2654 802 beatus
2687 750 2808 813 erit,
2854 751 3008 821 cujus
3041 767 3161 808 sors
3191 753 3448 811 Hierusa-

1876 833 1976 887 lem
1999 835 2198 899 venioﬁ,
2230 847 2288 888 ut
2321 836 2390 890 sit
2431 836 2526 901 ibi,
2573 837 2661 890 ubi
2701 838 2955 906 templum
2985 841 3078 896 Dei
3113 851 3213 904 est,
3249 845 3358 899 imo
3387 855 3447 902 ut

1876 923 1990 990 ipse
2035 924 2104 975 sit
2148 925 2239 976 Dei
2279 924 2572 994 templum?
2615 924 2744 991 Quis
2787 926 2862 979 ita
2899 926 3090 982 beatus
3127 939 3227 996 est,
3274 941 3333 986 ut
3374 933 3444 988 ibi

1877 1014 1990 1067 dies
2023 1013 2188 1066 festos
2213 1025 2334 1082 agat
2361 1015 2449 1067 ubi
2475 1014 2644 1069 altare
2670 1016 2909 1070 divinum
2934 1021 3207 1088 perpetuis
3238 1021 3447 1093 ignibus

1874 1103 2153 1156 adolctnr?
2186 1103 2315 1169 Quis
2346 1105 2417 1158 ita
2455 1105 2644 1160 beatus
2670 1117 2774 1168 est,
2805 1108 2896 1176 qui
2925 1110 3250 1165 sacriﬁcium
3292 1128 3447 1168 suum

1873 1207 1928 1250 et
1958 1197 2233 1250 incensum
2261 1197 2541 1252 suavitatis
2578 1214 2735 1267 supra
2777 1199 2924 1252 illum
2964 1201 3138 1272 ignem
3164 1213 3346 1272 ponat,
3384 1205 3450 1260 dc

1873 1304 1980 1358 quo
2022 1289 2235 1343 diccbat
2280 1288 2566 1344 Salvator:
2601 1291 2822 1361 «ignem
2876 1295 2998 1348 veni
3039 1295 3252 1352 mittere
3293 1297 3445 1368 (Luc.

1870 1380 2043 1448 an)?»
2105 1380 2237 1445 Quis
2288 1382 2360 1433 ita
2408 1382 2598 1435 beatus
2650 1392 2757 1446 est,
2805 1385 2898 1451 qui
2949 1385 3020 1438 ibi
3066 1402 3278 1457 semper
3329 1403 3452 1459 agat

1871 1466 2076 1522 Pascha
2115 1468 2311 1524 inloco
2338 1485 2498 1540 quem
2541 1471 2763 1542 elegerit
2804 1473 3063 1530 Dominus
3113 1477 3254 1532 Deus
3299 1495 3446 1545 suns,

1872 1559 1942 1612 ibi
1993 1558 2339 1616 Pentecostes
2368 1562 2508 1616 diem
2536 1573 2706 1632 gerat,
2738 1573 2793 1618 ct
2818 1563 3162 1621 festivitatem
3209 1573 3450 1639 repropi-

1873 1652 2110 1706 tiationis
2135 1661 2189 1707 et
2217 1653 2687 1707 tabernaculorum
2715 1655 3133 1722 solemnitatem,
3187 1674 3291 1714 non
3332 1662 3446 1731 jam

1870 1757 1966 1812 per
1991 1742 2259 1807 umbram,
2307 1744 2401 1797 sed
2428 1758 2524 1811 per
2556 1744 2724 1813 ipsam
2768 1747 3001 1815 speciem
3047 1764 3336 1819 rerumque
3358 1767 3447 1806 ve-

181 1843 302 1895 baec
341 1840 521 1894 omnia
558 1839 818 1908 patientia
841 1837 1190 1908 fregerimus,
1223 1836 1470 1890 venimus
1499 1850 1596 1905 per
1621 1833 1764 1888 dirc-
1799 1828 1844 1886 Β
1874 1831 2120 1885 ritatem?
2183 1831 2315 1898 Quis
2372 1841 2617 1886 nostrum
2678 1834 2869 1904 dignus
2922 1836 3209 1892 habebitur
3277 1838 3446 1894 beata:

178 1941 332 1988 ctum
361 1932 428 1986 ad
454 1931 669 1995 Emath,
705 1930 808 1984 hoc
851 1940 936 1985 est
979 1929 1047 1982 ad
1088 1928 1301 1983 Domini
1332 1910 1636 1992 verilatem,
1677 1926 1768 1996 qui

175 2021 345 2078 victis
366 2022 835 2092 persccutionihus
875 2029 1075 2076 aeterna
1122 2017 1280 2074 nobis
1323 2018 1542 2087 praemia
1586 2032 1772 2087 repro-

176 2113 353 2168 misit.
403 2113 695 2184 (Μλιιιιυε.)
745 2113 812 2167 Ει
851 2120 911 2167 ut
943 2112 1185 2177 breviter
1228 2111 1534 2180 supradicta
1579 2109 1767 2164 morali

175 2218 348 2260 sensu
388 2203 548 2258 simul
593 2203 773 2258 omnia
822 2201 1271 2272 recapitulcmus,
1328 2201 1573 2270 quisquis
1623 2199 1770 2268 cupit

179 2303 347 2348 terra:
391 2301 593 2348 sancta:
640 2292 1011 2348 haereditatem
1039 2295 1340 2364 possidere,
1371 2306 1425 2349 et
1455 2295 1648 2348 futurae
1674 2310 1768 2364 pa-

178 2385 302 2438 triae
337 2395 538 2439 sortem
578 2399 702 2440 cum
742 2384 928 2440 electis
953 2393 1007 2438 et
1038 2387 1239 2440 sanctis
1263 2384 1356 2439 Dei
1380 2385 1644 2454 accipere,
1675 2400 1768 2438 ne-

176 2488 337 2530 cesse
370 2484 455 2530 est
509 2485 569 2530 ut
597 2476 820 2544 incipiat
848 2491 876 2529 a
908 2476 1061 2545 plaga
1094 2475 1482 2545 septentrionis
1510 2485 1563 2528 et
1588 2474 1772 2528 tendat

177 2566 252 2619 ad
280 2565 562 2628 orientem,
595 2564 648 2619 id
674 2574 760 2620 est
784 2573 841 2620 ut
864 2567 1077 2620 deserto
1103 2565 1434 2620 inﬁdelitatis
1457 2563 1672 2635 frigore,
1701 2569 1768 2618 ad

177 2663 351 2710 recta:
383 2655 504 2710 ﬁdei
534 2663 714 2710 ortum
745 2655 948 2721 tendat,
983 2663 1038 2710 et
1067 2656 1301 2726 primum
1329 2664 1387 2709 ut
1413 2655 1646 2709 diximus
1674 2671 1772 2726 per

182 2747 414 2815 Thalon,
460 2749 513 2803 id
555 2757 638 2803 est
671 2763 767 2817 per
803 2749 1175 2817 paenitentiam
1216 2759 1559 2818 peccatorum
1593 2749 1772 2802 veniat

177 2838 254 2893 ad
283 2838 522 2904 Sadada,
545 2839 650 2893 hoc
676 2848 760 2893 est
788 2838 1018 2894 declinet
1041 2856 1071 2892 δ
1097 2839 1263 2904 vitiis,
1295 2847 1349 2893 et
1379 2846 1556 2893 cesset
1585 2854 1612 2892 a
1641 2853 1767 2908 pec-

178 2929 347 2994 catis,
396 2929 821 3000 indignationem
872 2929 1083 2983 Domiui
1127 2939 1394 2984 metuens.
1440 2928 1600 2983 Juxta
1641 2929 1767 2983 illud

179 3015 506 3085 Psalmistaa,
540 3035 648 3090 quo
683 3019 796 3074 ait:
830 3037 848 3070 ι
874 3019 1089 3074 Declina
1119 3036 1149 3073 a
1178 3021 1321 3074 malo
1349 3029 1404 3075 et
1433 3020 1764 3086 fae'bonum,

178 3115 240 3163 et
283 3108 528 3165 inhabita
574 3109 627 3163 in
673 3108 926 3164 sazculum
969 3110 1467 3179 saeculizqnouiam
1512 3112 1770 3166 Dominus

183 3208 339 3257 amat
372 3199 658 3270 judicium,
698 3209 750 3254 et
780 3215 887 3254 non
913 3198 1251 3269 derelinquct
1280 3209 1500 3256 sanctos
1529 3216 1679 3266 suos,
1716 3202 1769 3255 in
1799 3175 1843 3236 Ο

179 3301 452 3350 aeternum
493 3290 979 3345 conscrvabuntur.
1015 3289 1204 3357 Iujusti
1241 3298 1420 3344 autem
1457 3291 1768 3360 punientur,

183 3390 243 3440 et
291 3397 474 3437 semen
521 3381 808 3451 impiorum
864 3379 1091 3449 peribit,
1126 3398 1144 3430 ι
1211 3389 1266 3433 ει
1320 3380 1524 3448 reliqua
1583 3377 1766 3449 (Psal.

190 3472 426 3544 xxxvu).
454 3471 653 3541 Sicque
680 3471 747 3526 ad
775 3479 966 3542 puteos
994 3470 1224 3524 viventis
1252 3485 1425 3541 aqum,
1461 3471 1563 3524 hoc
1598 3480 1679 3524 cst
1705 3470 1772 3525 ad

180 3571 594 3621 saeramentum
649 3561 1032 3632 baptismatis,
1093 3559 1178 3614 vel
1247 3560 1546 3615 doctrinam
1604 3576 1773 3615 sacrae

182 3655 428 3712 scientiae
457 3655 684 3709 tendens
711 3653 779 3708 ad
807 3661 1018 3708 montes
1041 3652 1333 3722 spiritales,
1363 3653 1464 3706 hoc
1486 3660 1568 3707 est
1588 3653 1772 3707 docto-

181 3757 277 3799 res
303 3753 523 3798 sanctos
576 3744 656 3797 ire
699 3742 938 3807 festinet,
985 3749 1045 3793 ut
1087 3741 1156 3794 ab
1197 3739 1276 3794 eis
1319 3741 1550 3809 accipiat
1592 3741 1771 3794 lmncn

181 3849 331 3890 vene
361 3833 600 3888 scicntia:
633 3841 688 3885 et
726 3831 900 3886 discat
946 3829 1214 3897 castigare
1259 3842 1454 3896 corpus
1501 3844 1682 3892 suum,
1719 3837 1771 3884 et

182 3933 404 3980 terrena
447 3900 686 3977 membra
734 3919 1064 3976 mortificare
1106 3935 1118 3972 :
1165 3930 1429 3990 quatenus
1476 3920 1542 3973 ad
1573 3921 1769 3974 atrium

181 4013 357 4069 fontis
381 4011 566 4067 aeterni
607 4021 662 4065 et
689 4010 864 4080 ipsum
901 4009 1188 4062 terminum
1221 4010 1464 4063 veritatis
1491 4011 1772 4078 pervenire

182 4103 378 4177 possit.
415 4101 548 4157 Cum
587 4109 766 4155 autem
804 4100 852 4154 ci
897 4101 965 4154 ab
1010 4099 1261 4156 orientali
1299 4099 1455 4170 plaga
1483 4101 1595 4170 ipsa
1626 4102 1770 4154 veri-

181 4201 303 4249 tate
347 4192 609 4248 illucessit
647 4201 702 4247 ct
735 4207 798 4246 ex
829 4194 1155 4249 testimoniis
1185 4205 1493 4249 sanctarum
1527 4193 1770 4264 Scriptu-

181 4299 377 4340 rarum
425 4284 680 4354 mysteria
730 4283 844 4352 ipsa
891 4283 1219 4349 revelantur,
1273 4297 1400 4339 tunc
1435 4286 1485 4338 in
1516 4284 1768 4351 Jarilaim,

181 4378 294 4434 hoc
322 4386 406 4432 est
441 4376 493 4429 in
524 4377 638 4429 rivo
667 4375 856 4444 judleii
907 4376 1328 4446 profunditatem
1369 4377 1645 4446 sapientize
1693 4377 1773 4430 in-

180 4466 415 4538 telligit,
466 4474 521 4520 et
575 4479 701 4521 vere
742 4466 1111 4520 mundationis
1139 4467 1413 4520 lavacrum
1467 4468 1766 4537 cognoscit.

185 4557 480 4628 Postquam
526 4564 707 4611 autem
745 4557 811 4611 ad
852 4557 1158 4622 meridiem,
1199 4559 1302 4612 hoc
1344 4568 1427 4612 est
1472 4560 1538 4613 ad
1581 4575 1771 4628 puram

183 4649 365 4705 lucem
395 4649 635 4703 scientiae
660 4657 716 4702 et
740 4649 988 4703 ardorem
1011 4650 1293 4704 charitatis
1317 4652 1644 4719 pervenerit,
1679 4667 1772 4705 nc-

187 4754 346 4796 cesse
394 4748 478 4795 est
522 4749 584 4794 ut
628 4739 767 4794 bella
809 4739 1256 4794 contradictionis
1295 4749 1349 4795 ct
1384 4742 1770 4810 persecutionis

184 4839 380 4887 aestum
423 4831 706 4886 sustineat.
755 4830 890 4897 Quia
933 4830 1088 4900 juxta
1132 4831 1485 4900 Apostolum:
1531 4831 1771 4887 «Omnes

187 4922 283 4992 qui
332 4922 418 4991 pie
472 4921 660 4975 volunt
709 4921 890 4974 vivere
942 4920 993 4974 in
1049 4919 1286 4984 Christo,
1336 4923 1766 4990 persecutionem

186 5013 472 5081 patiuntur
521 5009 608 5082 (11
634 5009 768 5063 Tim.
807 5009 955 5080 ιιι).›
1010 5009 1235 5076 Quando
1281 5020 1457 5065 autem
1505 5013 1573 5067 ad
1628 5014 1770 5068 occi-

191 5101 411 5176 dentem
444 5115 820 5171 properamus,
863 5108 917 5154 et
948 5099 1073 5154 finis
1096 5100 1218 5154 vitae
1247 5109 1444 5156 nostra:
1483 5105 1770 5173 appropin-

192 5181 706 5260 quaveritmeccsse
743 5199 826 5246 est
866 5203 925 5246 ut
949 5193 1002 5254 in
1043 5193 1213 5246 maris
1263 5193 1528 5254 ﬂuctibus,
1565 5195 1665 5246 hoc
1687 5203 1772 5248 est

192 5281 480 5350 prmscntis
525 5281 702 5336 smcnli
757 5282 1059 5337 turbinibus
1103 5283 1458 5351 exagitemur,
1496 5293 1550 5338 et
1573 5285 1650 5339 sic
1675 5300 1771 5354 per

195 5357 512 5437 patientiam
541 5371 608 5424 ad
639 5371 846 5425 Domini
877 5371 1157 5425 veritatem
1189 5371 1411 5427 devictis
1440 5376 1770 5441 persecutio-

193 5463 356 5518 nibus
412 5463 788 5533 perveniamus
827 5481 839 5516 :
874 5472 932 5517 ut
984 5465 1280 5519 secundum
1341 5466 1508 5535 ipsius
1559 5464 1769 5521 Domini

193 5552 541 5618 sententiam,
571 5551 624 5606 in
651 5545 911 5621 patientia
942 5561 1128 5608 nostra
1158 5554 1530 5624 possideamus
1561 5557 1771 5612 animas

194 5652 436 5711 nostras,
465 5653 523 5700 et
550 5643 879 5716 accipiamus
918 5647 1135 5717 praemia
1169 5647 1293 5703 vitae
1326 5657 1560 5713 aeternae,
1593 5651 1768 5720 possi-

195 5736 526 5808 deamusq‘ne
556 5746 755 5793 terram
777 5740 1092 5806 viventium,
1109 5731 1161 5796 et
1182 5739 1486 5797 habitemus
1514 5742 1564 5796 in
1589 5739 1770 5796 Hieru-

1873 1921 2034 1975 sortis
2078 1921 2342 1976 electione
2383 1937 2503 1976 cum
2551 1923 2793 1979 dividere
2839 1917 3261 1998 Dcus‘coeperit
3306 1929 3446 1985 ﬁlios

1870 2011 2178 2076 novissime,
2210 2011 2297 2065 cui
2340 2011 2484 2067 dicat
2520 2010 2673 2081 (Luc.
2703 2013 2819 2084 xrx)
2847 2032 2858 2065 :
2896 2034 2913 2065 «
2946 2016 3066 2070 Eris
3098 2033 3260 2088 super
3289 2022 3443 2089 quin-

1870 2119 1975 2174 qae
1990 2105 2238 2166 civitates
2259 2113 2581 2173 potestatem
2604 2106 2827 2172 habens,
2843 2126 2859 2158 ι
2887 2117 2980 2161 aut
2999 2109 3084 2162 cui
3112 2110 3256 2165 dicat
3273 2130 3282 2139 -
3297 2131 3312 2160 ς
3327 2112 3446 2166 Eris

1869 2213 2030 2267 super
2047 2198 2232 2252 decem
2249 2199 2500 2271 civitates
2520 2208 2844 2268 potestatem
2868 2200 3123 2267 habens,»
3153 2218 3250 2258 nec
3274 2204 3446 2259 solum

1870 2294 1952 2346 cui
1978 2293 2140 2357 dicat,
2173 2312 2190 2342 «
2213 2292 2354 2346 Intra
2377 2293 2431 2346 in
2455 2294 2708 2362 gaudium
2732 2294 2945 2347 Domini
2972 2295 3064 2349 Dei
3085 2297 3215 2360 tui,»
3247 2299 3341 2352 sed
3363 2300 3445 2351 cui

1870 2385 2034 2450 dicat,
2069 2404 2085 2434 ι
2107 2385 2302 2440 Sedete
2333 2393 2387 2439 et
2417 2399 2512 2438 vos
2548 2399 2758 2439 mecum
2797 2401 2961 2456 super
2990 2387 3269 2442 duodecim
3302 2390 3450 2442 thro-

1873 2491 1970 2529 nos
1989 2474 2300 2541 iudicantes
2324 2484 2379 2529 ct
2399 2489 2496 2530 vos
2526 2475 2808 2530 duodecim
2842 2477 3014 2530 tribus
3044 2476 3205 2532 Israel
3230 2477 3444 2550 (.lfaulz.

1873 2565 2006 2635 XIX).
2035 2585 2052 2616 ›
2088 2565 2153 2620 Ει
2192 2566 2256 2620 (ιε
2299 2565 2498 2635 quibus
2532 2565 2712 2619 dicat:
2752 2585 2767 2616 «
2791 2565 2974 2630 Pater,
3004 2566 3121 2620 voio
3147 2576 3204 2621 ut
3235 2569 3323 2620 ubi
3351 2576 3450 2639 ego

1874 2671 2010 2717 sum,
2042 2663 2097 2709 ct
2123 2655 2210 2708 isti
2247 2655 2353 2708 sint
2389 2669 2597 2734 mecum
2646 2652 2826 2723 (Joan.
2860 2655 2970 2726 xv),
2998 2674 3013 2704 ι
3057 2663 3110 2709 ει
3143 2655 3261 2710 volo
3286 2657 3448 2710 etiam

1872 2747 2006 2800 istos
2032 2761 2148 2800 csse
2177 2762 2349 2817 reges,
2375 2756 2430 2798 ut
2460 2761 2558 2814 ego
2584 2761 2700 2800 sum
2730 2760 2822 2799 rex
2853 2761 3059 2816 regum,
3087 2747 3207 2800 volo
3236 2757 3290 2801 et
3319 2749 3451 2803 istos

1874 2840 2073 2892 habere
2105 2838 2545 2901 dominationem,
2577 2846 2636 2888 ut
2658 2845 2713 2890 et
2741 2852 2838 2906 ego
2862 2853 2978 2891 sum
3003 2838 3258 2892 Dominus
3287 2840 3453 2894 domi-

1874 2928 2140 2983 nantium.
2168 2927 2318 2982 Beati
2342 2927 2433 2996 qui
2475 2928 2541 2980 ad
2567 2927 2705 2980 hanc
2727 2929 3040 2995 pervenient
3064 2930 3449 2984 beatitudinem

1873 3033 2160 3074 summam.
2210 3017 2360 3072 Beati
2410 3018 2499 3086 qui
2540 3021 2605 3072 ad
2653 3018 2753 3072 ista
2796 3020 3210 3073 conscendet-int
3239 3018 3450 3092 fastigia

1875 3109 2213 3163 meritorum.
2269 3107 2335 3160 Et
2384 3107 2700 3162 benedictus
2745 3109 2884 3162 Deus
2938 3117 3144 3169 noster.
3198 3110 3288 3178 qui
3339 3111 3455 3165 hate

1875 3199 2124 3269 promisit
2163 3197 2508 3268 diligentibus
2547 3214 2623 3251 se.
2675 3196 2738 3250 lli
2791 3207 2914 3257 sunt
2961 3198 3060 3267 ipsi
3105 3214 3231 3254 vere
3284 3202 3455 3258 sacris

1875 3290 2117 3344 numeris
2159 3289 2422 3342 munerati
2466 3287 2603 3356 apud
2655 3288 2822 3341 Deum
2855 3305 2867 3339 :
2901 3289 3007 3342 imo
3033 3289 3131 3357 ipsi
3162 3298 3285 3344 sunt
3316 3307 3453 3361 quo-

1876 3398 1993 3435 rum
2028 3382 2189 3434 etiam
2218 3379 2396 3448 capilli
2436 3380 2631 3447 capitis
2670 3380 2938 3434 numerati
2982 3389 3106 3434 sunt
3145 3396 3241 3450 per
3269 3380 3452 3438 Jesum

1876 3470 2148 3525 Christum
2189 3471 2475 3524 hominum
2525 3479 2789 3523 nostrum.
2841 3469 2946 3524 Sed
2992 3471 3116 3539 quia
3153 3467 3249 3541 per
3268 3486 3455 3542 supcr-

1876 3561 2020 3614 biam
2075 3560 2156 3613 vcl
2207 3559 2461 3613 invidiam
2512 3573 2669 3612 nemo
2699 3559 2766 3611 ad
2802 3567 3000 3611 sortem
3050 3560 3345 3614 electorum
3399 3570 3456 3616 et

1877 3653 1943 3706 ad
1974 3652 2367 3720 possessionem
2400 3650 2637 3704 caelestis
2676 3651 2864 3720 patriae
2901 3654 3208 3721 pertingere
3234 3655 3451 3723 poterit,

1877 3759 2096 3800 necesse
2146 3753 2231 3797 est
2269 3753 2329 3796 ut
2369 3757 2462 3812 per
2501 3741 2865 3795 humilitatem
2911 3757 3093 3796 veram
3121 3752 3174 3796 et
3206 3743 3454 3798 dilectio-

1875 3850 1999 3889 nem
2043 3832 2341 3887 fraternam
2380 3831 2506 3886 illuc
2537 3831 2616 3885 ire
2660 3831 2971 3896 contendat,
3003 3833 3248 3901 quisquis
3274 3833 3341 3888 ad
3370 3834 3453 3887 fu-

1879 3937 1996 3981 tura
2035 3927 2172 3979 bona
2205 3925 2488 3994 pcn'cnire
2539 3923 2832 3986 desiderat,
2875 3923 3289 3993 memineritqne
3319 3926 3456 3979 scri-

1875 4027 2024 4087 ptum
2057 4033 2068 4069 :
2111 4033 2129 4065 ι
2160 4015 2294 4081 Quia
2343 4015 2537 4078 omnis,
2588 4014 2677 4084 qui
2706 4029 2762 4067 se
2787 4013 3102 4068 cxaltaverit
3140 4006 3451 4091 humiliab‘i;

1877 4119 1982 4172 tur,
2001 4116 2054 4160 ct
2080 4108 2170 4176 qui
2191 4120 2248 4159 se
2269 4105 2633 4160 humiliaverit
2655 4105 2981 4160 cxaltabitur
3002 4105 3215 4178 (Matth.
3233 4109 3414 4181 xxnt).
3429 4118 3452 4161 ι’

1877 4199 2107 4268 Ideoque
2137 4198 2340 4252 nullum
2371 4198 2655 4266 despiciat,
2696 4198 2900 4252 nullum
2931 4210 3173 4268 spernat,
3214 4202 3309 4256 sed
3340 4217 3456 4256 ma-

1877 4289 1958 4358 gis
1982 4287 2290 4342 inferiorem
2321 4302 2379 4340 se
2404 4287 2652 4341 omnibus
2677 4301 2796 4341 esse
2817 4289 3016 4351 credat,
3043 4289 3283 4359 sciatque
3295 4291 3453 4360 juxta

1877 4380 2020 4435 l’etri
2053 4379 2282 4449 apostoli
2315 4379 2662 4444 sententiam,
2711 4380 2854 4448 quod
2881 4398 2899 4430 «
2927 4395 3034 4435 non
3067 4389 3150 4436 est
3193 4397 3453 4452 persona-

1879 4485 1998 4522 rum
2031 4477 2283 4539 acceptor
2312 4469 2475 4531 Deus,
2527 4469 2622 4523 sed
2662 4469 2715 4522 in
2753 4470 2900 4524 omni
2943 4480 3126 4540 gente,
3168 4472 3260 4541 qui
3303 4473 3456 4528 timet

1880 4562 2048 4614 Deum
2069 4568 2122 4613 et
2137 4559 2695 4628 operaturjustitiam,
2716 4570 2968 4629 acceptus
2986 4569 3068 4616 est
3087 4561 3163 4615 illi
3180 4561 3316 4634 (Act.
3336 4562 3412 4632 ς).
3429 4583 3446 4614 ι

1879 4649 2030 4714 Quod
2054 4656 2443 4717 consequenter
2462 4649 2544 4701 vir
2566 4649 2654 4717 qui
2681 4649 2744 4703 ad
2768 4651 3087 4720 prophetam
3109 4651 3320 4708 locutus
3345 4663 3444 4715 est,

1877 4738 2130 4802 ostendit,
2160 4738 2375 4792 dicens:

1952 4848 1970 4878 «
2005 4829 2071 4882 Et
2101 4828 2351 4882 dividetis
2398 4837 2597 4882 terram
2643 4830 2801 4884 istam
2838 4830 3010 4897 vobis,
3038 4831 3222 4897 Israel,
3249 4840 3303 4886 et
3333 4848 3444 4888 mc-

1880 4941 1897 4973 «
1933 4921 2074 4975 tietis
2097 4935 2214 4974 eam
2244 4920 2295 4972 in
2324 4919 2692 4974 lizcreditatcm
2724 4920 2876 4975 vobis
2916 4929 2970 4976 et
2997 4921 3218 4976 advenis
3243 4923 3332 4994 qui
3362 4937 3452 4977 ac.

1880 5032 1897 5063 «
1934 5010 2195 5065 cesserint
2234 5009 2300 5063 ad
2363 5025 2478 5074 vos,
2531 5011 2620 5079 qui
2670 5011 2951 5080 genuerint
2987 5010 3125 5066 ﬁlios
3163 5011 3214 5066 in
3271 5013 3448 5068 medio

1880 5123 1897 5154 «
1934 5102 2136 5167 vestri,
2182 5110 2235 5155 et
2279 5108 2436 5155 erunt
2479 5101 2632 5154 vobis
2669 5101 2807 5155 sicut
2853 5101 3112 5171 indigenae
3141 5101 3280 5156 inter
3309 5101 3447 5156 ﬁlios

1881 5213 1896 5243 «
1936 5193 2119 5247 Israel.
2151 5192 2436 5244 Vobiscum
2474 5191 2709 5244 divident
2738 5191 3128 5268 possessionem
3175 5193 3226 5246 in
3267 5192 3445 5246 medio

1879 5304 1896 5335 «
1940 5284 2172 5338 tribuum
2214 5283 2395 5337 lsrael.
2446 5282 2502 5336 ln
2555 5283 2696 5335 tribu
2741 5291 2917 5335 autem
2964 5297 3280 5352 quacunque
3324 5283 3444 5338 fue-

1879 5393 1896 5424 «
1936 5375 2006 5427 rit
2045 5375 2248 5429 advena
2285 5375 2354 5428 ibi
2392 5374 2587 5428 dabitis
2623 5373 3017 5442 possessionem
3057 5373 3131 5427 illi
3171 5390 3185 5426 :
3225 5373 3298 5428 ita
3335 5373 3442 5429 Do-

1878 5484 1895 5514 «
1934 5465 2110 5518 minus
2155 5464 2312 5517 Deus.
2344 5483 2361 5515 ι
2398 5463 2665 5537 (Hirrum)
2698 5464 2799 5518 Per
2835 5464 2938 5519 hoc
2969 5463 3258 5534 capitulum
3283 5461 3447 5519 disci-

1874 5573 2013 5620 mus,
2055 5565 2110 5610 et
2144 5555 2411 5611 decutitur
2446 5557 2787 5625 supercilium
2826 5553 3159 5621 Iudaeorum,
3199 5553 3333 5610 nihil
3362 5554 3447 5609 iti-

1873 5657 1957 5702 ter
1980 5647 2145 5703 Israel
2174 5656 2228 5701 et
2252 5648 2488 5717 gentium
2516 5647 2769 5718 pepulum
2794 5661 2914 5702 esse
2939 5648 3188 5718 divisum.
3217 5639 3274 5710 Si
3299 5646 3442 5702 enim

1876 5743 2095 5796 advenis
2136 5751 2186 5794 et
2224 5729 2537 5813 alienigenis
2583 5756 2704 5796 cum
2744 5741 2830 5795 his
2871 5740 2962 5810 qui
2999 5748 3125 5797 sunt
3155 5740 3222 5796 de
3244 5742 3440 5811 populo
