3924 6360
438 377 567 453 io‘n

1039 392 1103 449 Β.
1152 390 1400 448 RABANI
1440 391 1662 450 MAURI
1696 390 2013 448 ARCIIIEP.
2058 391 2364 450 MOGUN‘T.
2398 393 2681 452 OPERUM
2736 396 2913 452 PARS
2952 399 3013 452 Il.

3571 401 3708 458 {072

428 508 621 577 Israel,
667 512 769 567 hoc
802 518 879 565 est
930 509 1216 579 indigenis,
1258 519 1399 564 terra
1435 510 1708 574 dividitur,
1744 509 1871 564 nulli
1911 510 2010 563 du-
2042 509 2089 568 Α
2118 505 2425 570 Jordauen.
2468 510 2637 566 Bosor
2677 512 2921 567 videlicet
2962 524 3016 566 et
3060 513 3321 580 Ruinoth,
3365 526 3421 571 et
3459 515 3705 584 Gaulon,

431 600 581 659 bium
620 602 866 656 eamdem
912 617 1032 657 esse
1075 602 1446 657 hmreditatem
1480 602 1657 673 populi
1694 602 1933 671 gentium
1963 610 2019 656 et

432 695 616 767 populi
657 691 987 760 Iudaeorum,
1032 695 1075 750 si
1106 704 1285 751 tamen
1317 695 1567 751 conversi
1592 694 1793 749 fuerint
1819 694 1883 748 ad
1909 695 2018 748 cul-

432 799 545 842 tum
580 784 675 840 Dei
705 784 870 839 Israel
899 785 1043 854 quod
1086 787 1309 856 proprie
1356 799 1550 839 nomen
1586 785 1826 853 possidet
1864 783 2015 839 Chri-

429 878 664 933 stianum
706 875 1033 950 habentibus
1071 873 1273 931 Iudaeis
1309 874 1443 946 legis
1487 874 1726 931 litteram
1765 884 1818 929 et
1861 875 2016 929 nobis

428 967 679 1039 spiritum
702 1008 716 1033 ,
758 966 1321 1038 illisque,tenentibus
1357 965 1729 1031 membranas,
1772 973 1826 1019 et
1861 966 2016 1020 nobis

427 1074 554 1115 eum
576 1059 668 1129 qui
696 1058 931 1129 scriptus
960 1067 1045 1113 est
1067 1059 1121 1112 in
1154 1058 1519 1114 membranis:
1552 1065 1605 1112 et
1627 1056 1765 1127 apud
1794 1056 2013 1128 Moysen

429 1161 577 1208 sorte
604 1160 750 1212 terra
776 1150 1053 1217 dividitur,
1097 1152 1187 1208 hic
1227 1158 1408 1206 autem
1447 1158 1507 1205 ut
1536 1150 1771 1205 diximus
1799 1149 2013 1203 Domini

422 1242 630 1315 judicio
658 1241 946 1314 delegatur
990 1256 1206 1311 unaque
1244 1239 1518 1311 possessio
1558 1248 1659 1304 est,
1708 1240 1929 1293 advenae
1959 1247 2013 1292 et

428 1334 635 1401 Israeli,
663 1335 795 1390 etin
824 1332 1051 1406 singulis
1094 1333 1341 1389 tribubus
1384 1333 1542 1387 datur
1586 1331 1874 1387 [Hereditas
1917 1330 2009 1399 ju-

427 1427 589 1484 bente
616 1428 844 1483 Domino
865 1426 998 1482 Deo.

974 1513 1200 1572 CAPUT
1238 1513 1469 1570 XLVIII.

426 1606 533 1665 Hic
561 1608 873 1681 describitu;
898 1608 1087 1663 divisio
1117 1615 1305 1673 terra,
1336 1615 1590 1678 quantum
1622 1606 1691 1659 ad
1719 1606 2007 1660 intraneos.

502 1719 523 1754 ι
554 1686 624 1756 Et
672 1701 789 1756 haze
835 1700 1054 1756 nomina
1105 1699 1345 1754 tribuum
1377 1716 1390 1754 :
1430 1698 1488 1752 Α,
1512 1698 1707 1752 ﬁnibus
1743 1698 2011 1767 aquilonis

431 1792 632 1863 «juxta
686 1792 829 1846 viam
878 1791 1094 1847 Etblom
1142 1790 1512 1861 pergentibus.
1564 1788 1759 1843 Emath
1810 1788 2008 1842 atrium

2090 596 2175 650 'in
2228 598 2437 653 duabus
2492 608 2545 653 et
2600 600 2823 655 dimidia
2880 599 3022 655 tribu
3078 602 3218 657 datze
3270 615 3427 669 sunt,
3488 617 3544 660 et
3598 618 3710 664 tres

2121 689 2262 743 intra
2307 688 2611 757 Iordanen,
2655 691 2828 747 Cades
2868 692 3117 748 videlicet
3156 704 3212 750 et
3253 694 3471 752 Sichem
3516 708 3572 753 et
3609 700 3708 755 Ca-

2121 779 2418 836 riatharbe.
2467 780 2650 852 Neque
2698 784 2843 837 enim
2891 799 3027 855 opus
3073 794 3192 840 erat
3241 787 3295 841 in
3344 788 3709 861 descriptione

2116 874 2347 941 mystica
2389 881 2441 926 et
2477 872 2815 929 habitatione
2855 883 3163 931 sanctorum
3203 886 3257 932 et
3296 882 3709 938 conversatione

2118 962 2358 1033 perfecta
2393 963 2741 1033 fugitivorum
2775 968 3007 1024 describi
3051 972 3250 1026 auxilia
3289 975 3489 1043 quibus
3544 975 3712 1032 Israel

2119 1053 2348 1125 indiguit
2397 1055 2573 1111 adhuc
2628 1058 2680 1110 in
2732 1067 2880 1112 terra
2947 1060 3195 1129 positus,
3251 1072 3307 1118 et
3359 1080 3456 1132 per
3511 1066 3711 1120 multos

2119 1143 2333 1201 labores
2387 1156 2550 1216 atque
2598 1148 2913 1203 discrimina
2971 1144 3039 1205 ad
3092 1152 3235 1207 hanc
3286 1153 3558 1209 civitatem
3613 1172 3708 1211 ve-

2118 1234 2237 1291 nire
2288 1226 2587 1304 fostinans,
2645 1246 2698 1293 et
2751 1240 2805 1294 in
2859 1241 3089 1313 singulis
3157 1245 3363 1298 sanctis
3428 1248 3706 1315 loquens:

2123 1345 2141 1377 ‹
2177 1326 2398 1381 Advena
2444 1343 2562 1383 sum
2609 1337 2663 1384 et
2702 1333 3057 1401 peregrinus,
3104 1334 3243 1409 sicut
3289 1350 3481 1392 omnes
3526 1348 3713 1407 patres

2116 1417 2222 1472 mei
2256 1416 2445 1489 (Psal.
2479 1435 2687 1474 xxxviii
2712 1418 2751 1491 ).
2788 1441 2807 1473 ›
2842 1422 2910 1475 Et
2957 1423 3011 1477 in
3055 1423 3163 1478 alio
3206 1424 3323 1481 loco
3355 1446 3366 1479 :
3402 1446 3418 1478 ι
3457 1427 3711 1484 Ilahitavi

2116 1522 2239 1561 cum
2292 1508 2657 1566 habitantibus
2708 1509 2907 1578 Cedar,
2958 1513 3182 1568 multum
3231 1518 3576 1587 peregrinata
3624 1530 3713 1575 est

2117 1598 2296 1653 anima
2345 1614 2461 1654 mea
2517 1598 2706 1667 (Psal.
2740 1603 2927 1674 cxnx).
2961 1622 2979 1654 ι

2193 1711 2210 1743 ι
2248 1690 2315 1745 Et
2340 1707 2500 1761 super
2532 1694 2818 1749 terminum
2841 1694 2977 1751 Juda
3008 1712 3038 1751 a
3068 1698 3225 1771 plaga
3254 1700 3505 1756 orientali
3536 1718 3708 1771 usque

2123 1804 2140 1834 ι
2179 1784 2247 1839 ad
2274 1784 2488 1855 plagam
2522 1787 2710 1851 maris,
2742 1797 2903 1843 erunt
2924 1790 3175 1870 primitiae
3204 1808 3337 1861 quas
3380 1794 3710 1863 separabitis

430 1901 448 1933 ι
486 1880 669 1937 Enen
725 1881 1018 1936 terminum
1077 1878 1329 1935 Damasci
1387 1879 1453 1933 ad
1506 1878 1813 1948 aquilonem
1859 1879 2012 1949 juxta
2047 1863 2090 1921 Β
2124 1894 2141 1925 ‹
2184 1890 2288 1927 xxv
2319 1874 2486 1931 millia
2539 1876 2841 1934 latitudinis
2889 1889 2943 1934 et
2990 1863 3339 1953 longitudinis
3384 1886 3547 1940 sicuti
3595 1885 3707 1941 sin-

433 1994 451 2025 ι
488 1974 703 2038 Emath,
740 1981 795 2029 et
832 1973 938 2028 erit
962 1973 1010 2028 ei
1036 1972 1193 2042 plaga
1230 1970 1511 2027 orientalis
1545 1986 1697 2025 mare
1732 1970 1843 2025 Dan
1880 1985 2006 2024 una.

432 2082 451 2115 ι
488 2062 558 2118 Et
606 2078 637 2116 a
693 2063 923 2118 termino
973 2061 1089 2136 Dan
1137 2073 1182 2115 a'
1216 2061 1373 2132 plaga
1421 2059 1672 2116 orientali
1722 2076 1893 2141 usque
1943 2060 2011 2115 ad

431 2175 448 2207 ι
485 2154 695 2226 plagam
748 2152 885 2209 Aser
936 2167 1075 2207 una.
1116 2152 1185 2207 Et
1233 2166 1397 2222 super
1447 2150 1735 2206 terminum
1784 2150 1924 2205 Aser
1981 2164 2011 2203 a

430 2267 449 2299 ι
488 2246 646 2318 plaga
697 2245 949 2300 orientali
976 2259 1151 2315 usque
1176 2245 1244 2301 ad
1288 2244 1503 2316 plagam
1533 2242 1699 2298 maris
1736 2240 2012 2311 Nephtha-

431 2356 448 2388 ι
486 2335 579 2390 lim
616 2351 743 2390 una.
794 2335 862 2389 Et
886 2350 1050 2405 super
1082 2335 1377 2390 terminum
1410 2330 1756 2403 Nephthalim
1794 2347 1824 2385 a
1858 2331 2011 2401 plaga

435 2448 454 2480 ι
490 2428 719 2483 orientis
758 2442 927 2497 usque
966 2427 1032 2483 ad
1061 2426 1275 2498 plagam
1308 2427 1476 2481 maris
1508 2424 1754 2478 Manasse
1782 2438 1907 2477 una.
1946 2423 2013 2477 Et

432 2543 449 2573 ι
487 2534 650 2589 super
685 2520 975 2574 terminum
1013 2517 1261 2572 Manasse
1302 2533 1330 2571 a
1365 2517 1521 2588 plaga
1556 2514 1804 2570 orientali
1843 2529 2012 2584 usque

429 2630 446 2662 ι
484 2610 552 2665 ad
597 2608 827 2689 plagam.
859 2609 1027 2663 maris
1061 2608 1319 2677 prralm
1355 2623 1483 2662 una.
1522 2608 1589 2661 Et
1621 2622 1783 2689 super
1822 2606 2012 2661 termi-

429 2722 447 2755 ι
485 2717 614 2757 num
654 2698 909 2772 Ephraim
954 2717 982 2754 a
1026 2700 1181 2771 plaga
1221 2700 1466 2755 erientaIi
1500 2714 1670 2768 usque
1707 2700 1772 2751 ad
1801 2699 2013 2769 plagam

429 2811 448 2843 α
488 2790 656 2846 maris
690 2789 880 2845 Ruben
919 2805 1046 2844 una.
1097 2790 1162 2843 Et
1203 2805 1363 2859 super
1411 2789 1697 2843 terminum
1750 2788 1935 2842 Ruben
1980 2804 2009 2841 a

428 2907 447 2941 ‹
482 2888 640 2959 plaga
663 2885 909 2942 orientali
938 2899 1110 2971 usque
1137 2884 1205 2939 ad
1230 2884 1443 2954 plagam
1473 2883 1637 2936 maris
1664 2881 1797 2971 .lluda
1828 2897 1955 2934 una.
1987 2900 2005 2932 ι

425 2975 729 3050 (Ηὶενοη.)
762 2976 1040 3046 Descripta
1061 2960 1229 3030 terra:
1277 2984 1478 3030 sancta:
1514 2960 1857 3044 possessione
1897 2982 2005 3026 tam

419 3068 575 3139 juxta
602 3064 1253 3138 prazsentemEzeehielis
1275 3064 1637 3135 prophetiam,
1663 3080 1823 3133 quam
1856 3062 2007 3131 juxta

422 3156 784 3212 Numerorum
833 3153 1058 3219 librum,
1110 3168 1254 3207 nunc
1298 3152 1633 3223 singularum
1688 3151 1924 3205 tribuum
1978 3167 2008 3203 a

2128 1984 2145 2013 ‹
2181 1964 2317 2035 gulcc
2365 1975 2547 2036 partes
2591 1983 2619 2020 a
2667 1967 2821 2039 plaga
2863 1972 3110 2027 orientali
3156 1989 3325 2042 usque
3372 1975 3439 2028 ad
3492 1976 3709 2046 plagam

2096 2071 2139 2101 ,ι
2177 2052 2364 2108 n'iaris.
2413 2053 2480 2107 Et
2528 2056 2631 2109 erit
2674 2058 3040 2113 sanctuarium
3083 2060 3137 2113 in
3180 2062 3357 2116 medio
3401 2060 3541 2131 ejus.
3586 2063 3704 2119 Pri-

2122 2162 2139 2192 ι
2179 2142 2344 2199 miliae
2387 2160 2523 2213 quas
2565 2147 2889 2216 separabitis
2930 2150 3159 2205 Domino
3198 2151 3477 2223 longitudo
3517 2145 3705 2223 viginti

2121 2253 2137 2285 ι
2176 2234 2413 2304 quinque
2444 2236 2680 2292 millibus
2708 2248 2762 2293 et
2788 2237 3016 2294 latitudo
3046 2241 3229 2296 decem
3262 2242 3518 2299 millibus.
3552 2263 3570 2295 ι
3603 2242 3706 2298 Su-

2114 2316 2380 2396 perlluum
2421 2338 2506 2385 est
2546 2330 2778 2387 disserta
2809 2332 3110 2401 disserere,
3141 2345 3197 2391 et
3229 2337 3281 2393 in
3313 2339 3511 2408 quibus
3539 2354 3705 2409 supra

2116 2416 2483 2473 laboravimus
2506 2458 2520 2485 ,
2551 2422 2707 2490 quasi
2746 2437 2853 2476 non
2884 2423 2995 2478 sint
3024 2424 3168 2480 dicta
3204 2427 3398 2482 iterum
3432 2428 3703 2485 laborare.

2117 2509 2244 2565 Post
2286 2520 2495 2582 septem
2536 2514 2773 2569 tribuum
2804 2517 3066 2572 terminos
3094 2519 3161 2574 ab
3190 2520 3401 2575 oriente
3433 2537 3604 2591 usque
3635 2524 3706 2579 ait

2116 2599 2451 2656 occidentem
2494 2602 2873 2659 describuntur
2901 2594 3183 2675 primitias,
3215 2611 3707 2685 quarum‘latitudo

2117 2697 2298 2744 teneat
2326 2690 2513 2761 viginti
2546 2692 2783 2762 quinque
2814 2694 2985 2748 millia
3015 2694 3349 2751 calamorum
3378 2718 3389 2751 :
3425 2700 3707 2771 longitudo

2114 2795 2245 2834 vero
2287 2781 2673 2838 sicuti'tcnent
2713 2784 2936 2855 singula:
2979 2786 3165 2847 tribus;
3181 2788 3248 2842 ab
3277 2788 3489 2845 oriente
3528 2806 3705 2861 usque

2116 2872 2185 2927 ad
2222 2888 2373 2926 mare
2418 2872 2570 2941 cujus
2618 2874 2973 2944 longitudinis
3018 2878 3257 2932 incertus
3296 2884 3383 2934 est
3420 2894 3703 2935 numerus.

2114 2960 2299 3031 Neque
2357 2963 2502 3018 enim
2559 2965 2637 3018 in’
2668 2965 2997 3035 singularum
3051 2967 3415 3037 descriptione
3465 2970 3704 3028 tribuum

2114 3068 2368 3108 mensura
2396 3055 2667 3133 descripta
2691 3064 2801 3119 est.
2820 3056 2915 3111 Sin
2945 3066 3125 3113 autem
3150 3060 3377 3116 latitudo
3407 3061 3572 3118 habet
3595 3078 3706 3119 xxv

2117 3143 2341 3199 millium
2382 3145 2711 3200 calamorum
2738 3188 2751 3210 ,
2804 3149 2978 3204 conici
3019 3149 3179 3204 datur
3222 3150 3390 3207 multo
3441 3151 3705 3221 majorem

424 3246 580 3320 plaga
617 3242 864 3300 orientali
902 3258 1071 3313 usque
1107 3242 1174 3297 ad
1206 3241 1414 3313 plagam
1445 3241 1773 3303 occidentis,
1809 3241 1862 3296 id
1894 3248 2003 3304 est,
2036 3225 2081 3286 C
2113 3248 2233 3289 esse
2276 3250 2562 3289 numerum
2604 3236 2984 3307 longitudinis,
3018 3253 3138 3308 qua:
3178 3254 3390 3311 semper
3421 3240 3594 3310 major
3619 3252 3710 3298 est

420 3337 592 3394 maris
628 3335 903 3405 possessio
940 3332 1283 3388 describitur.
1336 3332 1405 3385 Et
1450 3332 1684 3402 primum
1737 3330 1872 3385 tiues
1921 3346 2009 3386 ac-

424 3427 633 3499 cipiunt
686 3426 755 3481 ab
808 3424 1058 3493 aquilone
1106 3424 1259 3494 juxta
1310 3423 1451 3478 viam
1510 3422 1722 3477 Ethlom
1776 3437 2006 3492 pergen—

427 3520 575 3577 tibus
617 3514 852 3582 Emath,
908 3517 1104 3569 atrium
1157 3517 1272 3571 sive
1320 3515 1458 3570 Aser
1512 3514 1665 3569 Enou
1718 3514 2007 3569 terminum

426 3610 711 3675 Damasci,
760 3608 829 3663 ad
873 3608 1181 3677 aquilonem
1226 3606 1380 3675 juxta
1428 3606 1654 3669 Emath,
1705 3606 1770 3659 de
1816 3605 2011 3674 quibus

427 3713 554 3761 ante
601 3688 729 3774 jam.
764 3701 1019 3756 diximus.
1073 3700 1266 3770 Incipit
1320 3709 1504 3755 autem
1554 3700 1783 3768 primum
1836 3700 2011 3754 tribus

427 3786 564 3861 Dan,
601 3794 835 3850 secunda
874 3792 1032 3856 Aser,
1069 3791 1231 3845 tertia
1266 3789 1634 3861 Nephthalim,
1668 3799 1859 3859 quarta
1896 3789 2009 3844 Ma-

430 3874 591 3944 nasse
610 3928 623 3951 ,
660 3886 848 3955 quinta
887 3882 1145 3953 prraim
1166 3923 1181 3948 ,
1217 3891 1370 3937 sexta
1401 3880 1589 3936 Ruben
1614 3922 1628 3947 ,
1659 3882 1884 3952 septima
1912 3880 2010 3935 Ju-

434 3976 537 4030 (ιω.
591 3974 705 4029 Hoc
751 3980 865 4039 est,
921 3987 950 4025 a
1000 3971 1222 4025 sinistra
1274 3980 1430 4041 parte
1480 3979 1537 4024 et
1581 3970 1880 4040 completus
1913 3987 2012 4025 nu-

428 4050 614 4119 merus
650 4061 1008 4134 septenarius.
1049 4060 1251 4139 Deinde
1284 4060 1537 4131 primitire
1578 4062 1917 4115 sacerdotum
1958 4070 2015 4116 et

430 4153 742 4209 Levitarum
766 4192 780 4217 ,
813 4160 867 4207 et
907 4151 1272 4207 sanctuarium
1318 4151 1529 4205 Domini
1574 4152 1626 4204 in
1672 4151 1848 4205 medio
1888 4167 2013 4205 san-

433 4254 687 4313 ctumque
717 4249 1051 4297 sanctorum.
1106 4240 1246 4297 Urbs
1286 4255 1500 4310 quoque
1549 4242 1873 4297 describitur
1916 4258 2013 4311 per

434 4336 644 4408 singula
686 4336 855 4391 latera
895 4335 949 4389 in
993 4333 1257 4405 quadrum
1296 4343 1527 4403 quatuor
1568 4333 1733 4388 millia
1777 4342 1832 4388 et
1858 4335 2014 4404 quin—

432 4436 623 4501 gentos
664 4426 871 4481 habens
911 4425 1169 4480 calamos.
1218 4422 1536 4501 Suburbana
1582 4439 1795 4494 quoque
1836 4440 2014 4481 sacer-

430 4519 619 4575 dotum
660 4526 714 4573 et
756 4516 1066 4572 Levitarum
1110 4530 1207 4585 per
1245 4516 1491 4571 ordinem
1528 4514 1926 4582 describuntur,
1960 4525 2016 4572 et

2112 3325 2413 3380 latitudine.
2441 3326 2498 3380 In
2521 3328 2697 3383 medio
2718 3339 2893 3383 autem
2920 3330 3283 3386 sanctuarium
3310 3333 3705 3402 poniturjuxta

2110 3415 2405 3486 primitias,
2448 3431 2567 3486 qua:
2596 3426 2719 3472 sunt
2764 3418 2990 3474 Domluo
3030 3428 3323 3490 separatm,
3354 3422 3710 3493 longitudinis

2110 3511 2301 3582 viginti
2339 3514 2577 3582 quinque
2620 3514 2842 3567 millium
2905 3515 3236 3570 calamorum
3302 3526 3355 3571 et
3403 3518 3707 3574 latitudinis

2114 3602 2299 3657 decem
2324 3603 2569 3656 millium.
2596 3603 2724 3670 Quae
2752 3602 2933 3674 legens
2957 3605 3089 3658 nihil
3112 3605 3253 3659 aliud
3277 3622 3495 3676 possum
3525 3609 3707 3663 dicere

2113 3694 2217 3772 nisi
2255 3694 2382 3749 illud
2414 3693 2656 3764 Apostoli
2685 3694 2873 3778 (\Rom.
2909 3696 2995 3764 χι)
3028 3714 3040 3748 :
3079 3716 3095 3746 ι
3126 3695 3169 3751 0
3200 3696 3527 3766 profundum
3569 3700 3709 3753 divi-

2112 3784 2310 3839 tiarum
2338 3786 2615 3854 sapientiae
2641 3794 2696 3840 et
2720 3786 2959 3841 scientia:
2986 3787 3111 3842 Dei!
3142 3801 3301 3856 quam
3332 3789 3706 3845 inscrutabilia

2107 3874 2309 3944 judicia
2351 3876 2467 3945 ejus
2505 3884 2558 3930 et
2603 3878 2998 3947 investigabiles
3039 3878 3139 3932 vim
3182 3876 3334 3946 ejus!
3368 3900 3384 3929 ‹
3417 3880 3484 3933 Et
3513 3882 3567 3933 in
3595 3880 3708 3936 alio

2114 3969 2231 4024 loco
2259 3968 2482 4041 (Ep/tes.
2518 3970 2612 4041 ιιι)
2644 3989 2654 4025 τ
2688 3990 2705 4021 t
2734 3970 2803 4026 Ut
2828 3972 3044 4041 possitis
3089 3973 3550 4041 comprehendere
3577 3989 3708 4029 cum

2113 4060 2363 4114 omnibus
2391 4060 2593 4115 sanctis
2612 4100 2626 4124 ,
2660 4075 2779 4130 qua:
2808 4061 2879 4116 sit
2905 4060 3129 4115 latitudo
3150 4070 3203 4116 et
3229 4062 3508 4139 longitudo
3528 4074 3580 4119 et
3605 4080 3705 4119 su-

2112 4146 2350 4201 blimitas
2373 4158 2427 4201 et
2451 4146 2791 4217 profundum.
2839 4149 2991 4203 Scire
3017 4150 3179 4204 etiam
3208 4153 3705 4220 supereminentem

2115 4241 2352 4295 scientia:
2372 4242 2691 4296 charitatem
2716 4242 2938 4309 Christi,
2960 4254 3015 4299 ut
3046 4246 3376 4315 impleamini
3405 4248 3458 4301 in
3486 4264 3705 4303 omnem

2114 4322 2501 4399 plenitudinem
2545 4330 2661 4386 Dei.
2694 4351 2710 4381 ι
2744 4330 2939 4402 Viginti
2973 4333 3210 4402 quinque
3256 4336 3482 4390 millium
3518 4347 3707 4394 autem

2116 4435 2399 4475 numerum
2432 4419 2620 4476 referri
2662 4422 2727 4476 ad
2766 4438 2954 4477 sensus
2988 4423 3053 4477 de
3099 4424 3295 4492 quibus
3336 4426 3537 4481 dictum
3570 4439 3705 4492 est:

2119 4507 2346 4565 Sensum
2378 4511 2615 4565 divinum
2642 4512 2983 4580 possidebitis
3004 4532 3014 4565 :
3034 4524 3087 4567 et
3116 4531 3149 4567 x
3179 4516 3407 4570 millium
3438 4519 3505 4571 ad
3526 4520 3711 4588 perfe-

435 4608 709 4681 possessio
776 4605 1057 4677 principis.
1110 4578 1465 4673 'Rursumque
1542 4618 1571 4657 a
1619 4612 1771 4673 parte
1824 4604 2012 4659 dextra
2040 4578 2092 4637 Ῑ)
2118 4608 2260 4653 ctam
2288 4612 2827 4672 consummatamque
2855 4605 3110 4659 virtutem
3130 4648 3144 4671 ,
3175 4622 3295 4677 qum
3324 4608 3581 4681 decalogo
3614 4628 3712 4667 ve-

438 4698 738 4755 succedunt
774 4694 1012 4764 quinque
1047 4692 1220 4749 tribus
1249 4709 1278 4747 a
1318 4692 1471 4765 plaga
1508 4693 1756 4749 similiter
1790 4694 2015 4749 orientis

432 4801 604 4857 usque
652 4785 719 4840 ad
774 4784 986 4855 plagam
1044 4784 1381 4849 occidentis,
1432 4798 1659 4853 quarum
1707 4786 1881 4853 prima
1931 4795 2014 4840 est

431 4873 709 4957 Benjainin
740 4917 753 4941 ,
815 4876 1050 4931 secunda
1125 4874 1345 4930 Simeon
1390 4890 1558 4957 [suam
1613 4878 2037 4956 possessionem

433 4950 739 5036 specialiter
780 4965 1003 5030 habens,
1046 4974 1102 5020 et
1140 4950 1479 5035 nequaquam
1506 4973 1565 5020 ut
1614 4950 1762 5037 prius
1786 4970 2012 5022 mixtam

433 5072 556 5111 cum
602 5054 737 5111 Juda
762 5097 775 5120 ,
809 5056 967 5109 tertia
999 5054 1265 5120 lssachar,
1295 5062 1486 5124 quarta
1521 5054 1792 5120 Zabulon,
1826 5058 2011 5127 quinta

434 5150 567 5207 Gad.
618 5149 901 5219 Portzeque
952 5148 1186 5203 civitatis
1232 5158 1432 5213 ternm,
1479 5164 1577 5217 per
1620 5148 1857 5218 singulas
1900 5151 2014 5219 pla-

432 5257 529 5312 gas
553 5249 611 5297 et
638 5254 830 5295 nomen
862 5240 1033 5309 ipsius
1080 5240 1346 5304 civitatis,
1390 5240 1534 5310 quod
1571 5240 1623 5293 in
1659 5238 1836 5295 fronte
1882 5258 2015 5312 pon-

435 5332 595 5388 tilicis
656 5333 772 5386 auri
829 5332 1027 5385 lamina
1108 5332 1463 5397 continetur,
1519 5333 1585 5387 de
1647 5334 1843 5403 quibus
1894 5335 2013 5389 uni-

436 5426 607 5481 versis
655 5425 707 5478 in
758 5426 872 5478 suis
920 5415 1247 5479 disseremus
1294 5424 1443 5503 locis.
1494 5423 1607 5479 [Ioc
1654 5440 1867 5496 quoque
1902 5431 2012 5495 “nos

437 5518 690 5581 tandum,
744 5515 886 5585 quod
940 5514 1297 5586 quadraginta
1352 5525 1476 5569 octo
1527 5515 1839 5580 civitatum,
1892 5532 2010 5586 quae

436 5607 492 5662 in
549 5605 908 5659 Numerorum
964 5603 1234 5658 volumine
1291 5602 1454 5657 tribui
1510 5602 2011 5660 Leviticm-dantur

438 5698 508 5752 ad
557 5696 907 5751 habitandum
947 5710 1068 5751 cum
1115 5694 1437 5749 suburbanis
1475 5696 1609 5760 suis,
1657 5696 1747 5750 hic
1786 5695 2013 5752 silentur

434 5788 686 5856 nomina,
714 5794 771 5843 et
802 5786 1050 5843 civitates
1082 5784 1426 5857 fugitivorum
1460 5801 1686 5854 quarum
1719 5795 1827 5842 tres
1864 5796 2011 5843 trans

2118 4692 2247 4768 teris
2284 4692 2631 4748 Instrumenli
2680 4696 2747 4750 ad
2770 4696 3151 4768 evangelicum
3195 4701 3477 4768 perveniat
3519 4716 3714 4757 sacra-

2118 4762 2389 4849 mentum,
2420 4794 2477 4838 ut
2503 4786 2656 4855 prius
2683 4787 2831 4841 brevi
2871 4801 3125 4843 sermone
3162 4792 3582 4859 perstrinximus
3606 4836 3621 4858 ,
3654 4804 3713 4851 et

2117 4875 2205 4928 hic
2248 4890 2314 4928 ex
2355 4884 2508 4945 parte
2555 4877 3036 4931 commonebimus.
3073 4877 3127 4931 Si
3160 4879 3303 4933 enim
3348 4882 3417 4935 ab
3456 4898 3564 4937 uno
3612 4886 3714 4941 ad-

2117 4965 2249 5021 dens
2270 4981 2494 5021 numero
2515 4968 2580 5020 ad
2607 4977 2837 5037 quatuor
2866 4970 3175 5037 pervenias,
3198 4969 3480 5027 denarium
3514 4973 3713 5043 imple»

2117 5062 2202 5117 bis
2220 5078 2525 5127 numerum,
2549 5072 2708 5131 atque
2735 5062 2808 5117 ita
2836 5063 2926 5118 lict
2952 5072 3012 5117 ut
3033 5073 3088 5118 et
3111 5072 3263 5120 vetus
3288 5065 3712 5125 Testamentum

2116 5153 2516 5223 constringatur
2553 5154 2605 5207 in
2643 5168 2803 5227 novo,
2828 5163 2881 5207 et
2911 5169 3107 5208 novum
3136 5156 3189 5209 in
3224 5157 3390 5217 veteri
3420 5157 3711 5214 dilatetur.

2192 5261 2209 5292 ι
2246 5239 2340 5296 liae
2366 5253 2546 5297 autem
2572 5252 2729 5298 erunt
2756 5244 3007 5312 primitiae
3034 5246 3325 5301 sanctuarii
3353 5248 3715 5306 sacerdotum

2122 5352 2141 5383 ι
2179 5332 2246 5387 ad
2299 5333 2602 5403 aquilonem
2652 5333 3001 5404 longitudinis
3053 5336 3241 5405 viginti
3291 5338 3533 5407 quinque
3583 5340 3714 5395 mil-

2122 5439 2140 5471 ‹
2179 5420 2306 5475 lium
2326 5462 2341 5486 ,
2372 5429 2427 5477 ct
2455 5422 2523 5476 ad
2553 5437 2702 5477 mare
2731 5414 3032 5480 latitudinis
3075 5426 3259 5480 decem
3304 5426 3555 5481 millium.
3594 5429 3713 5486 Sed

2122 5529 2138 5560 ‹
2178 5520 2231 5565 et
2267 5512 2335 5565 ad
2375 5512 2639 5565 orientem
2679 5512 2977 5568 latitudinis
3019 5515 3202 5569 decem
3244 5516 3506 5581 millium,
3542 5529 3599 5573 et
3640 5521 3714 5575 ad

2120 5622 2137 5653 (
2176 5603 2456 5659 meridiem
2494 5603 2840 5674 longitudinis
2878 5607 3067 5676 viginti
3111 5608 3347 5677 quinque
3392 5610 3654 5665 millium.
3687 5631 3709 5667 ι

2117 5693 2485 5765 (Αάαηιαηι.)
2533 5694 2735 5770 Omnes
2787 5695 2881 5750 lilii
2929 5695 3096 5752 lsrael
3151 5694 3479 5769 acceperunt
3526 5712 3715 5758 sortes

2115 5800 2239 5841 suas
2286 5786 2338 5840 in
2386 5792 2547 5842 terra.
2593 5785 2795 5841 Levitis
2839 5794 3018 5842 autem
3062 5786 3348 5844 htereditas
3392 5788 3542 5845 solus
3594 5788 3714 5847 suf-
