3924 6320
198 399 342 456 1073
1130 394 1461 454 COMMENT
1525 394 1590 463 ΙΝ
1630 391 2085 450 EZECHIELEM.
2128 428 2196 435 —
2230 397 2358 452 LIB.
2408 398 2525 453 XX.
3328 403 3467 458 1074

196 512 314 566 ﬁcit
363 512 525 566 Deus.
560 511 756 565 Verum
803 509 1056 579 quoniam
1096 510 1435 581 accipiebant
1462 508 1665 563 Levita:
1693 505 1867 568 de-’A
1890 513 1945 560 et
1985 517 2180 578 quanta
2228 510 2527 566 differentia
2576 512 2631 566 in
2677 512 2974 584 Scripturis
3022 524 3075 569 et
3123 530 3301 570 rerum
3347 531 3475 572 con-
3518 492 3521 493 ν

192 602 371 657 rimas
416 608 469 654 et
509 598 776 671 primitias
821 598 889 654 de
929 597 1196 654 fructibus
1239 613 1269 651 a
1316 596 1441 652 ﬁliis
1482 595 1648 652 Israel
1692 610 1791 668 per

192 698 527 761 praeceptum
572 690 705 755 Dei,
750 688 1035 760 oportebat
1077 704 1171 744 eos
1209 689 1373 745 etiam
1416 689 1482 744 de
1526 686 1696 754 terra,
1729 696 1790 742 ut

192 780 276 836 ita
332 780 508 837 dicam
539 821 554 846 ,
606 794 661 835 ct
712 781 778 835 de
825 780 1156 854 habitaculis
1208 779 1451 837 decimas
1498 781 1787 851 accipere,

189 869 302 926 hoc
345 879 432 947 est
476 871 652 935 enim,
697 871 765 926 ab
808 872 1056 928 omnibus
1099 872 1337 927 decimas
1382 870 1672 943 accepisse.
1722 871 1791 927 Et

196 959 323 1014 ideo
370 960 698 1016 accedentes
744 961 987 1031 primarii
1036 961 1177 1028 viri,
1222 960 1318 1031 qui‘
1358 970 1516 1017 erant
1557 962 1624 1018 de
1663 961 1791 1018 ﬁliis

194 1047 329 1105 Levi
381 1050 447 1105 ad
496 1049 815 1104 Eleazarum
867 1050 1236 1117 sacerdotem,
1282 1059 1338 1106 ct
1381 1052 1449 1108 ad
1492 1050 1676 1107 Jesum
1724 1054 1787 1115 li-

193 1139 329 1197 lium
358 1139 505 1195 Nave
526 1183 539 1207 ,
570 1149 626 1196 et
654 1143 722 1196 ad
744 1141 1016 1212 principes
1046 1128 1279 1199 tribuum
1334 1143 1566 1199 ﬁliorum
1619 1143 1784 1199 Israel

193 1231 254 1285 in
311 1230 491 1287 Selom
545 1230 609 1292 in
657 1240 800 1286 terra
849 1220 1105 1287 Chanaan
1157 1233 1411 1289 dixerunt
1460 1252 1470 1286 :
1528 1233 1787 1289 Dominus

191 1323 458 1394 praedepit
508 1324 560 1376 in
614 1337 778 1377 manu
826 1322 996 1396 Moysi
1046 1325 1162 1379 dari
1213 1324 1370 1380 nobis
1420 1324 1670 1380 civitates
1718 1326 1787 1380 ad

193 1412 591 1480 habitandum,
636 1423 691 1469 et
737 1414 1043 1470 suburbana
1091 1431 1277 1471 earum
1326 1417 1653 1474 animalibus
1691 1434 1790 1474 no-

187 1488 361 1573 stris,
401 1506 541 1561 sicut
577 1506 631 1560 in
671 1505 811 1582 libro
854 1504 984 1562 Jesu
1023 1505 1171 1563 Nave
1212 1502 1473 1577 scriptum
1518 1509 1786 1580 reperitur

190 1597 422 1669 (Iosue.
455 1615 547 1654 χχι
574 1598 614 1672 ).
657 1598 957 1670 Oportebat
990 1615 1120 1671 ergo
1155 1599 1319 1655 etiam
1358 1602 1424 1656 de
1459 1595 1786 1657 suburbanis

186 1690 358 1747 etde
399 1692 716 1747 civitatibus
759 1700 963 1747 sortem
1010 1693 1127 1747 ﬁeri
1162 1711 1172 1745 ε
1216 1683 1295 1747 ne
1319 1691 1457 1749 forte
1495 1692 1786 1749 indiscrete

188 1790 246 1837 et
296 1780 544 1840 fortuito.
570 1782 715 1837 inter
761 1780 979 1838 Levites
1030 1781 1300 1836 celebrata
1334 1782 1527 1838 divisio
1568 1782 1782 1839 videre-

1892 602 2176 671 sequentia
2225 602 2565 667 describitur,
2619 605 2890 674 quomodo
2941 605 3076 660 nihil
3124 606 3240 661 sine
3287 609 3469 663 mode-

1894 689 2103 744 ratione
2150 697 2212 771 et.
2246 691 2437 747 ordine
2481 693 2711 763 geritur.
2762 693 2978 749 Intuere
3023 695 3367 768 diligentius,
3416 705 3473 753 et

1892 778 1948 834 in
1990 782 2135 836 omni
2179 783 2447 854 scriptura
2498 785 2613 839 haec
2655 785 2732 840 ita
2776 786 3018 841 invenies
3056 788 3328 843 ordinata.
3361 784 3475 845 Sed

1891 872 2013 941 quis
2055 879 2231 942 potest
2275 866 2568 929 ascendere
2614 876 2729 930 haec
2791 876 2970 931 omnia
3018 886 3073 932 et
3115 881 3474 949 comprehen-

1892 964 2065 1019 dere?
2096 963 2229 1031 Quis
2275 965 2547 1022 invenisse
2591 974 2769 1037 potest
2810 967 3034 1034 saltem,
3082 976 3137 1024 et
3180 972 3472 1026 observare

1889 1056 2134 1112 ordinem
2184 1059 2567 1131 mysteriorum
2614 1058 2792 1124 valet,
2844 1066 2973 1129 cum'
3032 1060 3327 1116 secundum
3378 1060 3469 1116 lit-

1892 1154 2064 1203 teram
2112 1148 2282 1204 solam
2332 1148 2547 1204 difﬁcile
2604 1157 2783 1205 textus
2832 1151 3164 1206 narrationis
3209 1152 3467 1222 explicari

1886 1245 2101 1308 potest,
2128 1247 2184 1294 et
2224 1238 2513 1308 permixtio
2552 1239 2645 1293 vel.
2676 1239 2913 1294 locorum
2956 1232 3037 1294 vel
3078 1253 3466 1311 personarum,

1879 1321 2008 1401 quae
2044 1329 2109 1387 in
2140 1331 2368 1387 historia
2405 1332 2754 1387 continentur
2786 1330 3005 1387 evolvi?
3046 1330 3467 1399 Quid,dicimus

1888 1422 1954 1477 de
1979 1413 2082 1479 'his
2118 1423 2477 1478 sacramentis
2499 1464 2512 1489 ,
2552 1438 2670 1492 qure
2704 1438 2804 1494 per
2840 1424 2942 1479 hoc
2976 1423 3288 1479 scribuntur
3327 1432 3385 1479 et
3412 1425 3468 1479 in

1888 1514 2084 1584 quibus
2113 1514 2525 1571 distributiones
2556 1513 2752 1569 futurae
2786 1514 3115 1570 bzereditatis
3138 1502 3467 1571 adumbran-

1889 1605 2033 1659 tur?‘
2062 1612 2117 1660 et
2160 1620 2256 1675 per
2299 1620 2459 1675 quem
2505 1613 2708 1660 sancta:
2751 1614 2942 1671 terrm,
2991 1621 3151 1676 quam
3200 1607 3467 1662 mansueti

1887 1694 2201 1750 haereditate
2247 1685 2575 1765 suscipient,
2626 1696 2819 1752 divisio
2868 1696 3278 1752 celebrabitur?
3330 1697 3464 1765 Quis

1887 1795 2191 1840 castrorum
2235 1785 2391 1845 sedes
2437 1785 2683 1841 diversas
2726 1786 2991 1855 explicet,
3040 1786 3310 1856 quomodo
3353 1788 3470 1842 hate

186 1881 303 1926 tur.
346 1871 499 1927 Sicut
532 1888 662 1945 ergo
698 1872 1009 1928 distributio
1043 1873 1236 1937 sortis,
1281 1888 1401 1944 quze
1440 1872 1582 1929 facta
1616 1874 1783 1929 estin
1812 1885 1859 1945 Β
1890 1876 1943 1929 in
1993 1876 2393 1931 resurrectione
2443 1891 2537 1947 per
2585 1876 2827 1948 singulos
2870 1892 3110 1947 quosque
3154 1886 3467 1933 sanctorum

186 1963 321 2020 ﬁliis
349 1965 512 2021 Israel
532 2006 546 2030 ,
581 1965 771 2020 habuit
803 1964 1065 2019 rationem
1087 2004 1102 2029 ,
1136 1979 1242 2034 qua
1276 1964 1399 2033 quis
1430 1964 1607 2035 prima
1638 1972 1784 2019 sorte

186 2058 387 2129 dignus
435 2056 749 2125 haberetur,
802 2070 910 2128 qua
956 2065 1012 2112 et
1058 2056 1195 2112 alius
1226 2056 1509 2128 secunda,
1560 2057 1627 2114 de
1679 2073 1784 2127 qua

187 2158 252 2204 ut
282 2150 555 2220 potuimus
590 2147 703 2217 jam
750 2156 876 2203 ante
918 2149 1314 2215 tractavimus;
1368 2149 1463 2204 sed
1502 2157 1558 2204 et
1596 2149 1650 2205 hi
1692 2150 1783 2219 qui

183 2256 290 2311 per
338 2240 555 2312 Moysen
611 2240 754 2295 ultra
809 2238 1083 2295 Iordanen
1133 2247 1189 2294 et
1232 2239 1301 2294 ab
1354 2236 1481 2294 Jesu
1531 2240 1586 2295 iu
1638 2247 1781 2294 terra

190 2331 637 2403 repromissionis
686 2330 993 2404 accipiunt,
1043 2329 1135 2386 ubi
1184 2330 1361 2401 prima
1418 2317 1540 2386 sors
1590 2330 1786 2386 cecidit

186 2420 245 2476 in
279 2418 559 2489 Benjamin
582 2462 597 2486 ,
630 2430 684 2476 et
722 2422 1067 2492 postmodum
1111 2423 1254 2479 inter
1290 2433 1517 2480 caeteros
1562 2424 1614 2479 in
1657 2425 1779 2494 qui—

186 2512 294 2566 bus
344 2510 444 2566 fuit
486 2511 709 2568 ultimus
756 2512 874 2568 Dan
923 2532 936 2568 :
990 2514 1067 2569 ita
1114 2530 1337 2572 necesse
1383 2524 1467 2571 est
1511 2531 1632 2572 esse
1680 2517 1781 2571 ali-

184 2618 354 2674 quam
395 2603 659 2659 rationem
700 2604 866 2659 etiam
902 2605 955 2660 in
997 2605 1186 2661 ordine
1216 2607 1572 2662 sacerdotalis
1592 2615 1654 2662 et
1683 2606 1785 2663 Le-

189 2695 376 2750 viticze
429 2695 631 2761 sortis,
684 2705 744 2751 ut
789 2696 880 2751 alii
932 2697 1109 2767 prima
1142 2738 1155 2764 ,
1208 2697 1299 2751 alii
1359 2698 1639 2763 secunda,
1690 2696 1801 2756 aliL

187 2799 323 2839 vero
380 2786 535 2839 tertia
591 2801 708 2841 sors
761 2787 1033 2853 ducatur,
1076 2801 1173 2857 per
1226 2802 1361 2857 quas
1410 2786 1499 2842 illa
1554 2787 1638 2843 vel
1694 2787 1782 2843 illa

183 2874 310 2930 loca
362 2876 652 2945 unicuique
702 2877 1087 2933 decernuntur.
1144 2877 1409 2933 Dicuntur
1451 2887 1647 2935 autem-
1684 2878 1793 2935 ﬁlii'

184 2980 310 3019 esse
346 2964 505 3031 Levi,
540 2964 745 3020 Cerson
767 3008 782 3030 ,
814 2974 867 3022 et
901 2966 1106 3030 Caath,
1146 2975 1201 3022 et
1237 2967 1468 3037 Merari,
1507 2976 1562 3024 et
1601 2975 1783 3024 osten-

186 3055 337 3108 ditur
391 3056 683 3124 primatum
740 3058 983 3112 tenuisse
1036 3058 1348 3115 in'honore
1401 3058 1615 3124 Caath,
1672 3059 1780 3115 hoc

180 3156 303 3208 est,
356 3148 448 3216 qui
498 3147 595 3201 ﬁlii
641 3148 807 3203 Caath
857 3148 1075 3203 fuerunt
1116 3163 1182 3204 ex
1224 3146 1493 3205 Aniram:
1539 3163 1666 3205 nam
1714 3151 1782 3207 de

1890 1960 2209 2019 sacerdotali
2246 1964 2330 2019 vel
2363 1964 2613 2020 .Levitico
2648 1966 2838 2022 ordine
2878 1967 3127 2023 habenda
3173 1968 3243 2023 sit
3288 1967 3470 2023 distri-

1888 2054 2081 2110 butio?
2129 2061 2189 2109 ut
2243 2056 2694 2125 quemadmodum
2750 2056 2883 2125 dicit
2926 2056 3219 2127 Apostolus
3268 2057 3324 2113 in
3378 2072 3467 2114 re-

1886 2147 2226 2203 surrectione
2269 2163 2375 2203 non
2419 2147 2643 2204 confuse
2682 2156 2911 2221 agantur
2953 2150 3165 2215 omnia,
3201 2149 3296 2206 sed
3323 2170 3341 2203 ι
3378 2166 3469 2208 ve-

1887 2239 2003 2293 niat
2043 2238 2413 2309 unusquisque
2455 2240 2509 2293 in
2558 2255 2655 2295 suo
2700 2240 2891 2295 ordine
2935 2240 3145 2295 initium
3181 2239 3465 2309 Christus,

1886 2333 2082 2388 deinde
2134 2333 2229 2398 hi,
2277 2330 2370 2404 qui
2403 2340 2528 2389 sunt
2563 2332 2797 2401 Christi,
2835 2336 2925 2405 qui
2973 2335 3041 2390 in.
3072 2336 3303 2391 adventu
3349 2336 3471 2409 ejus

1887 2413 2245 2497 speraverunt
2286 2441 2408 2482 cum
2452 2427 2734 2483 tradiderit
2780 2443 3006 2499 regnum
3046 2428 3156 2483 Deo
3201 2436 3256 2484 et
3288 2429 3464 2499 patri.

1886 2512 2083 2573 etcum
2112 2515 2403 2585 subiecerit
2448 2517 2497 2571 ei
2545 2531 2759 2573 omnem
2806 2518 3170 2589 principatum
3216 2525 3269 2574 et
3310 2527 3465 2589 pote-

1886 2615 2080 2664 statem
2126 2607 2198 2679 (I
2232 2606 2355 2662 Cor.
2392 2607 2593 2680 xv),t
2623 2609 2713 2664 ubi
2757 2608 2875 2663 sine
2921 2609 3082 2664 dubio
3130 2608 3266 2664 tales
3313 2624 3460 2679 qua:—

1887 2700 2012 2755 dam
2036 2706 2341 2755 castrorum
2364 2698 2771 2755 observationes
2805 2707 2861 2754 et
2891 2697 3251 2755 sacerdotales
3285 2698 3469 2755 distri-

1884 2790 2135 2846 butiones
2157 2799 2212 2846 et
2236 2790 2454 2845 ordines
2478 2805 2541 2845 ac
2566 2791 2813 2845 tubarum
2841 2789 3261 2861 signiﬁcationes
3284 2798 3463 2845 erunt.

1885 2880 2037 2949 Quod
2066 2890 2247 2937 autem
2278 2882 2517 2952 exceptis
2544 2898 2636 2937 sex
2666 2882 2892 2954 urbibus
2920 2880 3267 2952 fugitivorum
3289 2921 3303 2946 ,
3331 2879 3467 2935 alias

1866 2974 2240 3046 «quadraginta
2285 2974 2420 3029 duas
2463 2975 2628 3029 urbes
2662 2973 2860 3029 Levita:
2904 2974 3209 3045 accipiunt,
3253 2971 3467 3028 indubi—

1884 3071 2065 3119 tenter
2090 3056 2202 3133 ipsa
2231 3063 2541 3134 przedicatio
2564 3072 2874 3120 sanctorum
2901 3065 3165 3137 signatur.
3192 3062 3465 3134 lpsienim

1882 3152 2161 3223 possident
2209 3153 2541 3237 doctrinam,
2589 3170 2709 3223 quae
2752 3162 2962 3209 constat
3005 3155 3139 3225 legis
3166 3154 3465 3242 ‘decalogo,

180 3254 249 3294 eo
290 3238 533 3310 Moyses,
568 3249 623 3296 et
650 3238 864 3305 Aaron,
913 3249 967 3296 et
1010 3240 1200 3295 Muria.
1253 3240 1565 3313 (Nazian.)
1612 3243 1782 3314 igitur
1808 3236 1942 3313 ciet
1974 3244 2279 3315 quadriﬁdo
2313 3236 2585 3316 Evangelii
2623 3260 2884 3312 numero,
2922 3247 3078 3316 quasi
3114 3236 3294 3302 decies
3326 3264 3476 3319 (μιαί

179 3330 251 3385 de
289 3330 460 3385 Caath
502 3346 629 3401 pars
659 3332 876 3401 quidem
917 3330 1233 3403 [quaedam]
1268 3331 1437 3400 plebis
1469 3332 1659 3387 effecta
1691 3341 1776 3388 est

179 3423 578 3491 sacerdotalis,
629 3440 748 3494 quae
792 3433 877 3479 est
918 3425 1100 3479 Aaron
1146 3432 1202 3479 et
1256 3423 1350 3478 ﬁlii
1386 3422 1521 3492 ejus.
1565 3424 1776 3496 Moyses

180 3524 368 3569 autem
422 3515 477 3568 in
527 3515 847 3570 sacerdotali
897 3514 1122 3578 o’rdine,
1173 3524 1276 3567 aut
1328 3515 1373 3568 si
1424 3515 1554 3583 quid
1604 3515 1773 3569 etiam

179 3602 419 3673 amplius
450 3604 772 3657 sacerdotali
812 3619 933 3658 esse
974 3611 1151 3673 potest
1181 3602 1463 3658 habendus
1507 3612 1627 3658 est:
1665 3603 1773 3659 alia

177 3707 316 3747 vero
346 3701 431 3747 est
460 3694 598 3748 ratio
638 3693 705 3747 de
748 3693 872 3747 ﬁliis
915 3691 1050 3760 ejus.
1090 3691 1283 3747 Caeteri
1322 3676 1500 3747 autem
1543 3707 1609 3747 ex
1653 3692 1776 3749 ﬁliis

178 3784 394 3849 Caath,
438 3784 731 3840 secundum
776 3792 1063 3838 tenuerunt
1099 3783 1155 3837 iu
1200 3784 1344 3852 tribu
1368 3768 1534 3838 Levi.
1582 3782 1639 3838 Si
1682 3783 1774 3853 qui

186 3882 318 3930 sunt
354 3888 419 3927 ex
450 3873 699 3930 Issachar
736 3884 790 3928 et
829 3873 1081 3929 Chebron
1120 3881 1177 3927 et
1212 3872 1382 3929 0diel.
1416 3873 1548 3930 Cum
1581 3872 1775 3930 deinde

172 3973 303 4034 post
353 3964 459 4017 hoc
498 3963 769 4034 accipiunt
807 3971 1015 4033 partem
1057 3970 1181 4031 post
1221 3961 1389 4017 Caath
1422 3978 1458 4017 e
1489 3961 1614 4017 ﬁliis
1641 3961 1776 4017 Ger-

178 4071 280 4113 son
328 4055 491 4111 tertio
527 4055 644 4111 loco
677 4073 689 4108 :
730 4054 1059 4110 novissimus
1098 4070 1228 4109 vero
1270 4054 1510 4109 omnium
1548 4054 1765 4109 Merari.

176 4153 309 4209 Haec
359 4158 673 4210 est,autem
723 4147 1025 4204 diﬁ‘erentia
1074 4147 1235 4218 primi
1283 4145 1523 4213 ordinis,
1576 4155 1633 4205 et
1680 4162 1771 4202 se—

175 4241 383 4306 cundi,
432 4248 490 4295 et
533 4239 679 4295 tertii
729 4240 810 4293 vel
854 4237 1066 4308 quarti,
1114 4252 1275 4306 quam
1319 4236 1494 4305 primo
1533 4234 1773 4290 omnium

177 4332 596 4391 observavimus
628 4331 680 4385 in
727 4329 986 4384 numeris.
1029 4327 1223 4382 Postea
1271 4327 1449 4385 enim,
1482 4340 1644 4394 quam
1688 4340 1777 4378 or-

178 4427 381 4482 dinatae
424 4422 644 4478 fuerant
681 4421 961 4477 duodecim
1007 4420 1181 4475 tribus
1218 4430 1318 4490 per
1353 4426 1586 4489 quatuor
1626 4418 1775 4473 orbis

175 4525 342 4572 terrae
385 4523 601 4586 partes,
657 4513 804 4569 circa
845 4526 1028 4569 arcam
1082 4511 1388 4565 testamenti
1427 4508 1638 4563 Domini
1677 4523 1773 4564 ex-

1882 3342 2065 3389 ternas
2108 3335 2269 3397 urbes
2304 3335 2595 3399 habentes,
2634 3336 2835 3405 quibus
2865 3336 3029 3391 etiam
3061 3336 3180 3391 dua:
3205 3333 3484 3411 adjiciun-A

1883 3431 1991 3488 tur,
2024 3422 2148 3492 quia
2181 3422 2436 3476 nimirum
2462 3432 2655 3478 cuneta
2683 3439 2803 3494 quae
2827 3425 3158 3495 praedicant,
3186 3425 3377 3480 morali
3400 3442 3465 3481 ac

1878 3511 2109 3582 mystico
2154 3526 2313 3567 sensu
2349 3512 2687 3567 annuntiant.

1955 3620 1974 3652 ι
2008 3601 2078 3655 Et
2115 3601 2253 3668 erit,
2277 3601 2474 3675 [inquit
2500 3602 2913 3666 ,‘sanctuarium
2944 3603 3155 3658 Domini
3187 3604 3241 3658 in
3282 3604 3461 3660 medio

1883 3711 1902 3743 «
1940 3690 2076 3760 ejus.
2120 3691 2509 3748 Sacerdotibus
2550 3694 2931 3765 sanetuarium
2955 3694 3061 3750 erit
3094 3695 3161 3749 de
3196 3694 3321 3751 ﬁliis
3360 3695 3458 3751 Sa-

1883 3804 1900 3835 ι
1939 3784 2075 3838 doeh
2096 3824 2110 3848 ,
2152 3783 2253 3853 qui'
2282 3785 2656 3839 custodierunt
2676 3788 3035 3842 cmremonias
3077 3803 3225 3843 meas
3258 3798 3313 3843 et
3348 3800 3457 3845 non

1884 3891 1901 3922 ι
1938 3881 2260 3928 erraverunt
2290 3889 2412 3928 cum
2442 3883 2693 3929 errarent
2718 3874 2811 3929 ﬁlii
2840 3875 3040 3943 Israel,
3069 3878 3211 3933 sicut
3238 3859 3458 3934 errave-

1883 3982 1901 4015 ‹
1938 3954 2309 4025 Ῡυηιῖεγίιω.
2337 3964 2402 4018 Et
2423 3973 2580 4020 erunt
2609 3966 2863 4035 primitiae
2891 3966 2957 4023 de
2982 3968 3272 4038 primitivis
3302 3977 3458 4025 teme

1882 4075 1901 4107 ι
1937 4064 2185 4111 sanctum
2224 4057 2732 4126 sanctornm'juxta
2763 4059 3051 4115 terminum
3082 4055 3412 4117 Levitarum.
3438 4082 3455 4113 ι

1877 4146 2156 4219 (Ηὶενοη.)
2190 4146 2431 4214 Quatuor
2458 4148 2819 4219 primitiarum
2848 4150 3231 4208 describuntur
3261 4152 3457 4225 plaga),

1874 4254 1996 4309 qua:
2024 4254 2130 4293 non
2158 4238 2225 4293 ad
2252 4238 2509 4309 populum
2539 4254 2639 4295 nec
2665 4239 2732 4294 ad
2759 4240 2949 4312 vulgus
2980 4242 3210 4315 ignobile
3228 4284 3242 4309 ,
3287 4256 3463 4315 neque

1878 4327 1944 4383 ad
1989 4328 2237 4393 chitas,
2282 4329 2387 4383 hoc
2429 4337 2511 4385 est
2556 4316 2868 4385 inferiorem
2904 4333 3167 4403 gradum,
3198 4334 3293 4389 sed
3334 4348 3461 4405 pro-

1876 4422 1993 4492 prie
2040 4422 2106 4477 ad
2151 4422 2355 4477 cultum
2397 4424 2634 4494 pertinet
2673 4425 3050 4492 sacerdotum,
3082 4426 3350 4497 aquilonis
3381 4429 3463 4483 vi-

1877 4511 2073 4567 delicet
2115 4523 2170 4567 et
2217 4513 2515 4569 occidentis
2563 4523 2618 4569 et
2660 4516 2887 4571 orientis
2928 4525 2983 4571 et
3028 4519 3227 4585 austri,
3270 4527 3325 4574 et
3363 4535 3462 4592 per

175 4608 370 4666 euhias
408 4622 603 4678 agere,
648 4614 705 4662 et
747 4612 966 4662 statuta:
1006 4611 1134 4658 sunt
1178 4610 1289 4658 tres
1335 4601 1553 4671 quidem
1602 4602 1776 4657 tribus
1798 4602 1853 4663 D
1878 4609 2076 4672 partes.
2101 4602 2439 4673 profectuum
2478 4603 2613 4659 ordo
2652 4614 2925 4671 narratur,
2964 4615 3023 4661 ut
3061 4607 3329 4677 aquilonis
3350 4608 3458 4665 ι’τί-

172 4698 249 4754 ab
301 4699 547 4761 oriente,
600 4704 656 4751 et
700 4704 812 4751 tres
858 4692 1077 4764 quidem
1126 4694 1195 4748 ab
1246 4690 1431 4747 Africo
1474 4690 1557 4746 vel
1603 4691 1769 4746 meri-

174 4792 379 4856 diano,
411 4799 523 4845 tres
553 4798 731 4844 autem
773 4801 957 4852 mare,
995 4786 1141 4855 quod
1170 4793 1253 4840 est
1291 4786 1360 4840 ad
1401 4783 1766 4849 occidentem,

174 4892 297 4940 tres
344 4890 476 4937 vero
525 4881 593 4934 ad
640 4878 985 4948 aquilonem,
1031 4877 1121 4947 qui
1168 4884 1247 4932 est
1297 4875 1627 4945 septentrio,
1676 4876 1766 4930 ubi

1877 4709 2007 4766 gora
2056 4694 2426 4763 relinquentes
2477 4694 2760 4751 veniamus
2807 4696 2875 4751 ad
2924 4699 3294 4767 occidentem,
3349 4717 3457 4771 quo

1876 4783 2071 4838 scilicit
2121 4784 2372 4840 occidant
2420 4784 2580 4839 nobis
2630 4784 2759 4839 vitia
2816 4794 2978 4856 atque
3034 4788 3325 4844 intereant.
3384 4789 3455 4844 Et

1876 4877 2000 4932 inde
2046 4884 2386 4936 transeamus
2430 4878 2497 4931 ad
2538 4876 2837 4945 orientem,
2881 4886 3108 4948 ortuque
3152 4880 3307 4936 nobis
3344 4880 3457 4936 sole

175 4975 351 5033 etiam
397 4972 487 5028 isti
530 4986 630 5043 per
675 4978 909 5040 quatuor
954 4968 1101 5024 orbis
1149 4976 1307 5022 terrae
1347 4974 1527 5038 partes
1574 4967 1765 5021 eodem
1866 4965 2091 5036 justitize
2130 4966 2413 5022 veniamus
2455 4965 2523 5021 ad
2562 4967 2842 5031 meridiem
2874 4969 2926 5024 in
2955 4985 3061 5039 qua
3094 4971 3454 5027 clarissimum

172 5065 373 5123 ordine
408 5063 752 5132 deputantur.
788 5060 855 5115 Et
890 5061 956 5114 ab
988 5059 1198 5114 oriente
1240 5059 1458 5127 quidem
1516 5057 1606 5112 ubi
1651 5064 1772 5111 erat

177 5158 360 5213 tribus
401 5154 536 5209 Juda
559 5195 573 5217 ,
604 5168 724 5224 qua}
750 5162 869 5207 erat
908 5154 1049 5207 inter
1082 5160 1309 5207 caeteras
1351 5152 1524 5221 prima
1546 5192 1562 5217 ,
1591 5150 1770 5206 Aaron

176 5258 346 5317 atque
377 5245 475 5300 ﬁlii
504 5244 621 5314 ejus
658 5245 1014 5300 collocantur.
1060 5242 1230 5298 Caath
1271 5256 1402 5297 vero
1444 5250 1498 5297 et
1542 5241 1767 5312 reliqui,

177 5336 275 5414 qui
324 5348 485 5399 erant
526 5338 620 5393 ﬁlii
669 5352 849 5393 aream
889 5334 1198 5392 testamenti
1235 5334 1449 5390 Domini
1492 5335 1672 5390 levare
1716 5336 1769 5390 in

175 5436 440 5494 humeros
484 5442 538 5487 et
583 5433 727 5487 tubis
768 5446 965 5487 canere
1012 5430 1373 5487 statuuntur:
1418 5430 1493 5484 ita
1534 5436 1595 5485 ut
1643 5444 1767 5485 cum

177 5523 358 5598 prima
407 5524 537 5577 tuba
592 5521 943 5586 cecinissent,
999 5528 1280 5577 moverent
1329 5527 1509 5576 castra
1564 5518 1619 5574 hi
1673 5520 1764 5590 qui

179 5622 342 5673 erant
389 5615 457 5671 ab
502 5613 735 5669 oriente.
789 5611 926 5668 Cum
973 5625 1105 5666 vero
1154 5609 1442 5665 cecinisset
1492 5609 1762 5673 secunda,

178 5709 237 5765 hi
281 5706 376 5778 qui
420 5713 579 5761 erant
619 5720 649 5759 a
688 5705 987 5759 meridiano
1028 5708 1450 5771 consurgerent,
1494 5702 1655 5763 tertia
1698 5703 1766 5757 ab

180 5797 494 5862 occidente,
528 5803 718 5866 quarta
760 5795 826 5850 ab
853 5793 1124 5866 aquilone.
1156 5793 1318 5849 Vides
1343 5796 1600 5862 quantum
1630 5790 1766 5847 ordo

1872 5059 2052 5115 lumen
2101 5047 2263 5129 atque
2311 5058 2623 5134 perfectum.
2659 5067 2776 5127 est,
2829 5069 2883 5116 et
2928 5044 3041 5117 tam
3088 5063 3157 5118 ab
3201 5063 3453 5135 aquilone

1872 5163 2043 5219 usque
2085 5148 2152 5204 ad
2199 5163 2382 5214 mare,
2430 5163 2591 5224 quam
2637 5149 2701 5203 ab
2746 5149 2959 5209 oriente
3005 5166 3178 5222 usque
3219 5150 3453 5209 ad’me-

1877 5234 2068 5296 ridiem
2114 5239 2317 5311 viginti.
2347 5238 2587 5309 quinque
2628 5238 2793 5294 millia
2841 5239 3187 5314 longitudinis
3233 5242 3456 5299 etlati-

1878 5329 2082 5385 tudinis
2124 5331 2309 5385 decem
2354 5327 2522 5383 millia
2566 5328 2707 5393 sint,
2752 5336 2813 5383 ut
2856 5329 3053 5400 ubique
3094 5330 3282 5386 eadem
3332 5332 3447 5389 lon-

1878 5423 2135 5497 gitudinis
2183 5431 2237 5478 et
2285 5420 2588 5476 latitudinis
2628 5434 2892 5476 mensura
2934 5431 3209 5483 servetur.
3247 5441 3268 5476 ι
3306 5421 3452 5479 San-

1877 5515 2146 5572 etuarium
2199 5520 2414 5579 autem,
2453 5533 2484 5579 ι,
2507 5513 2561 5569 id
2612 5522 2697 5570 est
2746 5514 3003 5585 templum
3050 5514 3303 5583 Domini,
3334 5517 3447 5571 «(in

1875 5606 2052 5661 medio
2101 5606 2203 5661 erit
2239 5624 2258 5657 ι
2291 5605 2653 5675 primitiarum
2701 5606 3148 5666 sacerdotalium.
3196 5616 3250 5663 et
3295 5624 3452 5678 {equo

1875 5697 2045 5752 latere
2086 5712 2153 5753 ex
2195 5696 2342 5751 omni
2383 5703 2538 5765 parte
2583 5694 2887 5752 vallabitur.
2933 5695 3001 5750 Et
3040 5697 3167 5767 quia
3204 5698 3447 5762 dixerat,

1874 5788 1958 5843 iure
2002 5795 2189 5843 autem
2224 5795 2383 5841 erunt
2423 5784 2674 5853 primitia:
2719 5785 3011 5839 sanctuarii
3060 5791 3443 5849 sacerdotum,
