3924 6326
173 368 311 425 ΙΟΠ

1132 365 1481 424 ΕΟΜΜΕΝΪ.
1523 365 1589 420 1N
1630 364 2082 421 EZECUlELEM.
2126 399 2194 407 ——
2232 367 2357 422 LlB.
2403 367 2516 422 XX.

3283 367 3417 423 1078

172 500 192 534 ι
225 482 410 538 Astitit
439 483 616 555 regina
642 497 672 536 a
700 481 1033 561 dextris'tuis
1063 482 1116 536 in
1140 483 1332 537 vestitu
1363 483 1622 537 deaurato
1640 481 1746 537 cir—
1773 485 1824 542 Α
1851 494 1907 538 ut
1930 483 2105 538 nullus
2133 500 2191 538 se
2218 485 2286 539 ab
2313 500 2473 555 opere
2517 485 2752 542 civitatis
2791 487 3080 541 innuunem
3123 493 3288 554 putet,
3326 487 3418 540 sed

166 572 420 625 cumdata
453 572 730 641 varietate.
765 591 783 623 ι
817 571 882 624 Et
904 571 1096 627 iterum
1129 590 1141 625 :
1180 591 1198 623 ι
1225 571 1409 627 Omnis
1435 571 1600 642 gloria
1628 571 1748 625 ﬁliae

165 659 316 730 regis
344 661 698 727 intrinsecus,
731 682 748 713 ι
781 671 840 715 ut
867 677 970 716 non
1001 662 1070 716 sit
1111 661 1300 717 similis
1329 661 1629 732 sepulchris
1663 660 1745 716 fo-

167 748 418 803 rinsecus
446 750 737 814 dealbatis,
768 751 862 805 sed
887 759 940 803 et
969 751 1111 804 intus
1135 759 1190 806 et
1220 749 1351 805 foris
1389 750 1748 806 onmiatlavet

166 840 493 909 paropsidis.
524 839 765 910 Cumque
802 841 1183 896 recesserimus
1213 843 1279 896 ab
1310 842 1556 911 aquilone
1586 853 1746 898 vento

169 927 548 999 frigidissime,
579 931 869 986 transimus
899 931 965 986 ad
996 933 1273 990 meridiem
1295 973 1310 996 ,
1341 941 1397 986 et
1424 941 1546 1001 post
1569 941 1744 987 ortum

167 1018 224 1072 in
259 1018 411 1073 nobis
441 1020 617 1075 lumen
649 1021 885 1097 scientia:
934 1035 1184 1076 occasum
1229 1020 1596 1076 fortitudinum
1639 1023 1721 1075 for

165 1107 471 1174 midamus,
521 1124 857 1180 nequaquam
903 1112 1206 1181 praeterita,
1259 1112 1352 1167 sed
1391 1110 1566 1166 futura
1617 1128 1716 1168 con

163 1198 504 1266 siderantes,
535 1217 643 1260 ,nec
682 1203 940 1256 habentes
975 1215 1176 1256 certam
1201 1202 1418 1257 virtutis
1452 1206 1718 1273 possessio

164 1303 316 1353 nem,
345 1291 438 1345 sed
458 1291 698 1359 quotidie.
723 1292 775 1346 in
803 1295 1045 1348 oratione
1071 1294 1310 1349 dicentes
1334 1312 1346 1347 :
1379 1313 1397 1345 ι
1425 1295 1503 1349 Ne
1523 1295 1744 1351 inducas

164 1392 266 1432 nos
292 1378 347 1432 in
376 1381 754 1446 tentationem,
790 1402 808 1434 ›
845 1398 1005 1452 quam
1033 1381 1175 1438 ferre
1206 1400 1311 1439 non
1342 1385 1631 1454 possimus.

243 1486 263 1520 ι
306 1469 480 1524 Erunt
507 1481 688 1526 autent
721 1474 1024 1529 suburbana
1067 1475 1301 1538 civitatis
1335 1477 1402 1530 ad
1441 1471 1742 1544 aquilonem

168 1576 188 1608 ι
237 1558 452 1612 ducenti
471 1561 879 1631 quinquaginta,
900 1573 953 1617 et
972 1564 1038 1616 ad
1060 1564 1338 1619 meridiem
1359 1566 1570 1620 ducenti
1589 1567 1743 1635 quino

168 1667 187 1700 ι
236 1649 515 1718 quaginta,
546 1658 600 1704 et
634 1651 698 1704 ad
727 1653 989 1706 orientem
1027 1653 1238 1709 ducenti
1279 1655 1660 1726 quinquaginta
1691 1666 1744 1712 et

168 1755 190 1788 ι
234 1737 302 1791 ad
339 1753 488 1792 mare
527 1740 740 1796 ducenti
778 1744 1182 1815 quinquaginta.
1220 1766 1238 1798 ›
1269 1745 1374 1803 Pro
1410 1747 1740 1814 suburbanis,

160 1845 285 1900 qua
316 1829 578 1887 Hebraice
606 1833 856 1890 dicuntur
887 1853 1114 1907 magras,
1147 1854 1358 1894 rursum
1391 1841 1742 1913 Septuaginta

159 1921 454 1993 Διάστημα,
478 1923 530 1978 id
553 1934 636 1979 est
656 1926 908 1994 spatium,
943 1929 1349 1984 transtulerunt.
1369 1932 1517 1998 Quod
1547 1934 1744 1989 dicitur

158 2012 382 2069 ducenti
409 2016 794 2087 quinquaginta
816 2033 909 2087 per
937 2019 1176 2090 singulas
1197 2021 1402 2092 plagas,
1426 2025 1744 2079 subauditur

156 2104 381 2170 calami,
430 2107 520 2176 qui
566 2122 694 2163 seua
741 2110 918 2164 cubita
951 2110 1148 2166 habent
1179 2122 1232 2166 et
1261 2130 1422 2168 unum
1461 2115 1695 2183 palmum
1727 2134 1738 2170 :

157 2205 213 2250 et
239 2211 340 2264 per
367 2197 573 2268 singula
600 2198 764 2254 latera
796 2199 1001 2256 faciunt
1026 2216 1214 2271 passus
1247 2215 1529 2260 sexcentos
1557 2207 1741 2261 decem

156 2294 217 2340 et
244 2296 450 2356 septem
480 2288 840 2356 paulominus,
865 2300 918 2346 et
947 2291 999 2345 in
1025 2308 1306 2350 commune
1334 2296 1477 2349 mille
1505 2298 1742 2352 calamos

158 2375 429 2430 habentes
459 2391 650 2446 passus
676 2378 781 2435 duo
806 2381 970 2436 millia
1005 2385 1424 2454 quadringentos
1459 2390 1739 2459 sexaginta

156 2476 306 2532 octo,
331 2483 450 2537 qua:
477 2471 646 2539 spatia
688 2488 869 2528 muros
893 2489 989 2544 per
1011 2476 1293 2530 circuitum
1328 2479 1572 2532 ambiunt
1606 2481 1743 2534 civi-

160 2560 313 2623 tatis,
340 2569 398 2614 ut
421 2561 559 2616 inter
580 2563 764 2618 urbem
790 2574 846 2618 et
865 2580 924 2619 ea
947 2582 1064 2636 quae
1097 2567 1300 2635 reliqua
1331 2576 1455 2622 sunt
1481 2569 1741 2624 dividant.

159 2653 240 2708 Ex
265 2670 374 2724 quo
406 2656 708 2710 ostenditur
737 2657 939 2712 nullum
975 2658 1039 2712 de
1066 2659 1152 2714 bis
1179 2661 1364 2730 Spatiis
1390 2661 1457 2714 ad
1487 2677 1743 2716 exercen-

157 2743 292 2797 dum
314 2759 474 2813 opera
498 2745 732 2799 civitatis
754 2747 1241 2817 capiendorumque
1256 2749 1524 2803 fructuum
1542 2750 1742 2805 habere

157 2833 460 2899 licentiam,
495 2836 586 2889 sed
613 2849 805 2890 vacare
843 2839 910 2891 ab
941 2855 1038 2893 usu
1079 2847 1131 2892 et
1159 2854 1321 2908 opere
1355 2841 1651 2906 hominum,
1683 2852 1741 2896 ut

157 2924 368 2979 circum
387 2924 613 2978 tnuralia
634 2927 782 2981 urbis
808 2937 995 2997 sponte
1022 2929 1356 2984 nasccntium
1387 2931 1738 3000 virgultorum

156 3024 324 3085 atque
371 3017 658 3072 herbarum
711 3027 764 3073 et
811 3029 1150 3085 exterorum,
1199 3036 1316 3091 quae
1364 3030 1504 3076 terra
1548 3023 1737 3094 gignit,

158 3104 402 3160 habeant
428 3107 816 3162 ammnitatem.

1849 589 2036 629 omnes
2065 575 2312 634 certatim
2350 584 2628 629 exstruunt
2650 576 2965 640 Ecclesium,
2996 575 3135 646 quod
3168 576 3218 628 in
3245 575 3420 630 taber-

1849 665 2040 721 naculo
2067 681 2277 734 quoque
2312 663 2510 722 factum
2537 666 2784 738 legimus,
2823 674 2883 721 ut
2917 682 3012 736 pro
3047 666 3306 719 varietate
3335 665 3420 720 vi-

1847 755 2012 819 rium,
2041 755 2176 810 alius
2208 771 2416 817 aurum,
2453 763 2507 808 ct
2535 755 3336 826 argentum,coccum,byssum,
3365 761 3422 807 et

1845 860 2174 914 purpuram,
2223 845 2482 915 variaque
2531 855 2586 900 et
2633 845 2844 900 diversa
2899 843 3272 913 subtegmina;
3327 843 3421 897 alii

1847 935 2031 1005 pelles,
2076 945 2130 990 et
2180 951 2465 1006 caprarum
2520 935 2750 990 oil‘eruut
2795 934 2948 1004 pilos.
2995 933 3058 987 Et
3088 949 3210 987 cum
3235 939 3421 988 essent

1846 1028 1982 1080 dona
2013 1027 2220 1080 diversa
2261 1041 2359 1096 pro
2395 1026 2657 1095 qualitate
2682 1025 2993 1080 substantia:
3022 1039 3184 1076 unum
3215 1024 3417 1077 donan-

1848 1119 1978 1171 tium
2008 1126 2150 1172 esset
2181 1117 2456 1186 praemium
2495 1136 2507 1170 :
2538 1118 2645 1170 imo
2696 1117 2866 1186 majus
2917 1131 3103 1170 eorum
3133 1114 3222 1183 qui
3249 1128 3415 1183 parva

1843 1205 2060 1274 quidem
2085 1205 2398 1269 obtulerint,
2427 1206 2521 1259 sed
2544 1205 2741 1272 majora
2766 1221 2862 1275 pro
2884 1205 3107 1270 viribus,
3142 1205 3194 1258 in
3230 1219 3416 1258 exem-

1842 1297 1989 1367 plum
2038 1297 2210 1350 vidua:
2263 1297 2535 1366 pauperis,
2583 1312 2703 1366 qua:
2760 1297 2863 1351 duo
2913 1297 3113 1350 minata
3163 1296 3214 1350 in
3257 1310 3418 1366 gazo-

1841 1387 2074 1457 pbylacii
2116 1388 2258 1443 dona
2299 1387 2544 1443 mittebat
2605 1387 2752 1458 (Luc.
2796 1389 2930 1458 xxi),
2975 1397 3030 1443 et
3083 1389 3290 1443 Domini
3335 1396 3418 1442 est

1837 1476 2040 1545 judicio
2067 1477 2280 1531 laudata
2304 1477 2546 1540 dicentis,
2581 1497 2598 1529 ι
2629 1479 2765 1532 Vere
2781 1477 2902 1531 dico
2932 1477 3084 1531 vobis
3110 1477 3234 1545 quia
3257 1477 3414 1532 vidua

1844 1567 1958 1620 bzec
1983 1566 2310 1635 paupercula
2339 1567 2458 1634 plus
2482 1581 2643 1635 quam
2667 1581 2854 1620 omnes
2876 1566 3039 1619 misit.
3067 1564 3199 1619 Nam
3231 1579 3420 1620 omnes

1843 1654 1897 1708 hi
1923 1669 1987 1708 ex
2018 1654 2352 1709 abundantia
2374 1654 2475 1708 sibi
2510 1653 2772 1708 miserunt
2797 1655 2849 1706 in
2886 1667 3108 1707 munera
3140 1652 3252 1706 Dei.
3291 1650 3418 1706 litec

1845 1756 2025 1800 autem
2056 1762 2125 1801 ex
2172 1761 2237 1800 eo
2284 1745 2428 1814 quod
2477 1745 2626 1800 deest
2658 1743 2731 1798 illi
2770 1759 2984 1798 omnem
3016 1744 3217 1798 victum
3259 1758 3417 1798 suum

1773 1823 1816 1880 Β
1845 1853 2004 1906 quem
2033 1837 2220 1892 habuit
2249 1835 2612 1890 misitJSicut
2642 1851 2768 1906 ergo
2801 1835 3036 1890 diximus
3065 1836 3129 1890 de
3163 1836 3418 1906 operibus

1845 1927 2103 1992 civitatis,
2129 1927 2209 1982 sic
2237 1924 2365 1980 illud
2397 1924 2633 1980 breviter
2659 1925 3120 1994 perstringendum
3150 1933 3254 1989 est,
3275 1924 3418 1994 quod

1844 2031 2030 2072 omnes
2056 2016 2307 2086 primitiae
2331 2015 2648 2080 sanctuarii,
2680 2023 2732 2069 et
2760 2014 3032 2084 possessio
3061 2013 3297 2069 civitatis
3325 2030 3418 2084 pa-

1847 2107 1980 2160 riter
2020 2113 2306 2174 supputata
2348 2119 2446 2175 per
2492 2105 2757 2174 quadrum
2801 2103 3074 2159 contineat
3116 2105 3279 2159 millia
3316 2104 3420 2158 du-

1843 2205 1999 2252 centa
2046 2195 2401 2264 quadrag’nta
2446 2210 2536 2251 sex
2575 2202 2628 2250 et
2667 2204 2872 2265 partem
2908 2197 3142 2250 tertiam.
3175 2195 3230 2250 Si
3272 2196 3416 2250 enim

1844 2289 2029 2358 viginti
2061 2290 2297 2357 quinque
2324 2288 2488 2342 millia
2519 2288 2874 2350 calamorum,
2903 2287 2993 2357 qui
3021 2302 3180 2342 senos
3207 2287 3418 2343 cubitos

1845 2379 2042 2433 habent
2081 2387 2136 2432 ct
2176 2377 2414 2449 palmum
2461 2393 2624 2432 unum
2681 2376 2904 2442 faciunt,
2929 2385 3136 2441 nostra,
3177 2377 3279 2431 hoc
3307 2385 3413 2440 est,

1844 2465 2084 2521 Romana
2137 2468 2416 2535 sexaginta
2469 2474 2524 2520 et
2571 2481 2737 2520 unum
2791 2465 2975 2530 millia,
3025 2473 3081 2520 et
3133 2473 3416 2521 sexcentos

1843 2559 2122 2628 sexaginta
2171 2568 2374 2628 septem
2413 2574 2630 2628 passus,
2667 2557 2798 2612 nulli
2836 2557 3054 2614 dubium
3081 2567 3185 2624 est,
3214 2557 3328 2612 hate
3358 2557 3415 2612 in

1843 2649 2200 2720 quadruplum
2241 2658 2528 2719 supputata
2581 2649 2914 2719 superiorem
2970 2647 3179 2702 ellicere
3221 2660 3414 2702 nume-

1846 2758 1981 2796 rum.
2016 2742 2092 2794 Ex
2125 2757 2231 2810 quo
2263 2741 2614 2811 perspicimus
2649 2739 2827 2795 omnia
2867 2737 3210 2809 intelligenda
3250 2737 3415 2808 spiri-

1843 2832 2038 2898 taliter,
2072 2831 2324 2887 Ecclesia:
2363 2831 2751 2900 possessionem
2798 2829 2963 2883 multo
2993 2829 3241 2883 latiorem
3271 2840 3410 2892 esse,

1842 2938 2004 2993 quam
2047 2922 2314 2992 quondam
2352 2922 2450 2976 fuit
2480 2923 2533 2977 in
2567 2921 2766 2984 Iudaea,
2811 2922 2901 2992 qui
2932 2935 2999 2976 ne
3017 2936 3273 2991 accepere
3295 2920 3416 2990 qui-

1842 3015 1962 3069 dem
2007 3021 2190 3084 partes
2233 3021 2390 3067 terrze
2434 3019 2656 3075 sancte,
2690 3009 2782 3065 sed
2813 3025 2877 3064 ex
2915 3009 3138 3080 singulis
3168 3009 3413 3064 tribubus

1845 3108 2196 3180 quadraginta
2222 3114 2345 3162 octo
2369 3105 2677 3167 civitatum,
2708 3119 2810 3158 non
2842 3116 2904 3156 ex
2932 3101 3088 3172 pleno
3118 3103 3416 3172 possessio—

234 3214 256 3248 ι
305 3196 458 3264 Quod
495 3207 673 3252 autem
711 3199 986 3269 .t'cliquum
1023 3199 1187 3254 fuerit
1218 3202 1269 3255 in
1301 3202 1631 3272 longitudine
1659 3220 1744 3259 se-
1771 3167 1814 3229 Ο
1846 3167 1987 3264 tiem,
2023 3167 2116 3252 scd
2161 3195 2545 3252 habitationem
2589 3201 2643 3248 et
2682 3192 2911 3262 hospitia
2955 3201 3325 3262 susceperunt,
3357 3199 3417 3245 ut

162 3301 184 3336 ι
232 3286 470 3340 cundum
489 3286 754 3355 primitias
769 3288 1061 3342 sanctuarii
1087 3289 1269 3343 decem
1294 3290 1457 3344 millia
1491 3291 1542 3344 in
1568 3293 1744 3346 orien-

163 3394 183 3428 ι
234 3387 365 3442 tem,
412 3388 466 3431 et
508 3377 693 3432 decem
736 3379 900 3432 millia
941 3379 992 3433 in
1033 3380 1366 3434 occidentem
1409 3391 1568 3435 erunt
1603 3383 1743 3436 sicut

162 3486 182 3518 ‹
231 3467 483 3535 primitize
515 3469 804 3523 sanctuarii
836 3479 888 3524 ct
930 3485 1086 3524 erunt
1117 3471 1297 3541 fruges
1324 3473 1437 3539 ejus
1478 3473 1532 3526 in
1560 3473 1742 3528 cibum

162 3577 182 3605 ι
234 3557 315 3610 vel
346 3557 398 3610 in
425 3573 591 3626 panes
620 3558 722 3622 bis,
752 3558 842 3628 qui
883 3561 1122 3613 serviunt
1157 3561 1237 3614 vel
1283 3542 1582 3629 operantur
1617 3561 1745 3616 civi-

163 3666 181 3698 ι
234 3646 350 3700 tati.
386 3646 695 3702 Servientes
737 3657 914 3705 autem
950 3651 1032 3704 vel
1054 3660 1339 3719 cperantes
1379 3653 1580 3706 civitati
1629 3669 1743 3708 ser-

163 3756 181 3786 ι
233 3736 379 3790 vicnt
405 3736 518 3790 sive
539 3737 901 3806 operabuntur
927 3755 990 3792 ex
1019 3741 1266 3793 omnibus
1290 3741 1534 3794 tribubus
1553 3741 1736 3796 Israel.

164 3844 183 3878 ι
230 3825 434 3882 Omnes
461 3827 708 3895 primitite
746 3826 927 3896 viginti
969 3828 1205 3896 quinque
1251 3829 1493 3892 millium,
1523 3845 1620 3898 per
1664 3830 1740 3884 vi~

166 3937 185 3968 ε
234 3917 368 3986 ginti
403 3918 637 3986 quinque
667 3916 828 3970 millia
861 3917 912 3970 in
949 3920 1233 3987 quadrum,
1267 3921 1660 3987 separabantur
1688 3920 1740 3972 in

164 4029 183 4062 ι
229 4010 501 4080 primitias
523 4010 811 4063 sanctuarii
834 4018 886 4063 et
911 4012 1303 4078 possessionem
1323 4011 1572 4065 civitatis.
1587 4010 1740 4064 ipost

159 4101 314 4155 urbis
345 4109 545 4154 sancta:
576 4100 991 4168 descriptionem
1021 4110 1074 4154 et
1104 4102 1405 4155 suburbana
1435 4100 1581 4169 ejus,
1616 4103 1740 4156 reli-

157 4207 326 4263 quam
372 4199 577 4260 partem
623 4191 982 4260 primitiarmn
1023 4192 1316 4245 sanctuarii
1355 4191 1539 4246 decem
1573 4192 1738 4246 millia

160 4286 498 4341 calamorum
525 4283 575 4336 in
604 4283 890 4346 orientem,
915 4292 967 4337 et
983 4282 1084 4335 alia
1104 4283 1285 4337 decem
1314 4283 1476 4338 millia
1507 4283 1572 4338 ad
1596 4285 1742 4339 occi-

161 4379 379 4434 dentem
405 4375 731 4431 tendentium
758 4375 989 4444 delegari
1021 4375 1130 4428 vult
1160 4377 1266 4438 bis.
1291 4378 1381 4446 qui
1425 4393 1587 4446 opera
1609 4379 1738 4432 civi-

162 4472 295 4527 tatis
321 4476 575 4524 exercent
605 4467 671 4520 ad
711 4468 888 4520 varios
912 4483 1062 4530 usus,
1091 4477 1143 4520 et
1173 4468 1580 4538 quibuscunque
1608 4471 1736 4525 urbs

161 4564 390 4634 indiget,
431 4571 490 4614 ut
533 4559 737 4616 scilicet
766 4567 1034 4622 serantur,
1069 4568 1121 4613 et
1146 4574 1211 4612 ex
1249 4559 1508 4630 frugibus,
1540 4577 1659 4630 qua:
1684 4563 1735 4617 in

163 4654 269 4710 hoc
310 4661 468 4705 terra:
504 4659 796 4704 nascuntur
837 4649 1030 4718 spatio,
1053 4663 1340 4704 vescantur
1367 4653 1624 4719 Operarii,
1647 4654 1739 4722 qui

159 4747 250 4802 vel
277 4744 475 4800 mcenia
496 4742 645 4795 urbis
671 4748 975 4804 exstruunt,
1014 4740 1094 4793 vel
1119 4741 1415 4809 interrupta
1443 4749 1499 4795 et
1524 4743 1738 4798 ruinosa

162 4836 480 4895 restituant,
510 4841 569 4886 ut
594 4832 787 4885 habeat
824 4829 1012 4883 civitas
1055 4829 1256 4882 cultum
1293 4845 1467 4894 sumn,
1508 4838 1560 4885 et
1594 4841 1738 4888 sarta

163 4937 308 4986 tecta
337 4941 457 4979 eum
488 4922 789 4994 peposccrit
813 4920 1104 4974 necessitas
1133 4921 1514 4975 instaurentur.
1548 4923 1612 4976 Et
1638 4923 1739 4978 hoc

162 5035 276 5076 non
301 5017 473 5074 solum
502 5017 552 5087 in
585 5014 764 5075 Israel,
797 5014 875 5066 vel
903 5013 955 5067 in
988 5014 1326 5082 possessione
1357 5022 1512 5068 terra:
1540 5027 1738 5071 sancue
1782 5057 1784 5060 μ

163 5109 479 5182 spiritaliter
504 5106 753 5161 Ecclesia:
786 5104 1038 5174 mysterio
1061 5106 1387 5170 continetur,
1417 5107 1510 5161 sed
1543 5107 1594 5160 in
1633 5107 1740 5160 Ro-

165 5215 329 5255 mano
364 5213 575 5269 quoque
623 5195 738 5249 ﬁeri
787 5195 1076 5263 probamus
1122 5195 1365 5263 imperio,
1403 5208 1461 5251 ut
1495 5198 1736 5266 qumdam

162 5291 304 5346 villae
338 5290 445 5344 sint
472 5288 803 5358 pertinentes
833 5286 896 5339 ad
939 5286 1053 5354 jura
1084 5285 1295 5339 urbium
1329 5287 1410 5340 vel
1441 5290 1585 5358 regia
1627 5305 1741 5342 tnu-

162 5378 440 5438 niiicentia
487 5377 570 5430 vel
606 5375 1005 5431 hmreditatibus
1038 5384 1090 5429 et
1130 5375 1270 5431 dono
1310 5376 1596 5431 multorum
1628 5395 1640 5430 :
1675 5393 1742 5433 ne

163 5471 371 5530 scilicet
399 5468 623 5523 aedilicia
662 5466 916 5537 paulatim
963 5465 1318 5531 collabantur,
1366 5476 1418 5520 et
1462 5467 1603 5521 antes
1644 5483 1740 5536 pu—

163 5559 338 5624 blicm,
369 5573 489 5628 qua:
519 5563 837 5610 ornamento
877 5561 1000 5609 sunt
1040 5554 1262 5617 civitati,
1297 5554 1450 5625 longa
1480 5565 1738 5608 vexentur

164 5650 392 5706 incuria.
427 5647 671 5718 Operarii
700 5655 895 5707 autem,
921 5645 1116 5713 inquit,
1156 5644 1268 5698 sive
1296 5644 1386 5713 qui
1408 5644 1648 5698 serviunt
1682 5645 1735 5699 in

162 5740 415 5812 operibus
457 5737 712 5802 civitatis,
743 5745 890 5790 erunt
921 5753 982 5789 ex
1013 5733 1249 5788 omnibus
1280 5733 1512 5800 tribubus
1546 5731 1732 5797 Israel,

1845 3293 1944 3363 ipsi
1968 3304 2180 3360 quoque
2202 3289 2294 3358 qui
2321 3287 2570 3342 videntur
2595 3285 2736 3349 laici,
2779 3298 2878 3338 nec
2905 3285 3214 3354 pervenisse
3239 3284 3304 3337 ad
3334 3298 3416 3337 sa-

1843 3381 2166 3456 cerdotalem
2197 3389 2249 3435 et
2271 3378 2542 3432 leviticum
2573 3377 2812 3448 gradum,
2849 3385 3026 3430 tamen
3053 3375 3098 3430 si
3127 3383 3416 3446 operentur

1843 3474 1897 3528 in
1921 3473 2129 3528 Domini
2159 3472 2373 3526 civitate
2391 3511 2404 3536 ,
2431 3478 2716 3524 vescantur
2748 3467 2817 3530 de
2843 3475 3342 3539 sanctaterra,terra
3361 3469 3434 3524 vi-

1821 3565 2052 3620 ventium
2086 3572 2334 3633 terraque
2359 3561 2711 3625 credentium,
2741 3575 2968 3629 quorum
2995 3574 3136 3614 unus
3155 3558 3416 3628 loquebao

1843 3666 1930 3711 tur
1958 3674 2016 3710 τι(
2047 3656 2218 3710 Credo
2266 3655 2450 3709 videre
2499 3651 2637 3707 bona
2693 3649 2904 3706 Domini
2959 3650 3012 3703 in
3054 3657 3198 3703 terra
3233 3648 3415 3702 viven-

1844 3747 1972 3800 tium
1999 3743 2180 3814 (Psal.
2226 3759 2348 3798 xxvi
2385 3745 2420 3813 ).
2466 3761 2485 3796 ›

1918 3855 1935 3888 ‹
1975 3834 2127 3900 Quod
2168 3842 2348 3888 autem
2392 3832 2656 3902 reliquum
2703 3830 2864 3885 fuerit
2905 3831 3162 3902 principis
3199 3831 3304 3884 erit
3344 3845 3412 3885 ex

1847 3946 1864 3978 ι
1903 3925 2045 3978 omni
2072 3933 2221 3992 parte
2255 3923 2611 3993 primitiarnm
2645 3922 2937 3976 sanctuarii
2971 3929 3023 3976 et
3062 3920 3416 3990 possessionis

1848 4036 1863 4067 ι
1903 4016 2136 4070 civitatis
2168 4033 2178 4066 :
2209 4028 2239 4067 c
2267 4015 2481 4083 regione
2508 4013 2694 4082 viginti
2726 4013 2960 4082 quinque
2986 4011 3209 4065 millium
3237 4010 3416 4080 primi-

1846 4125 1863 4156 t
1902 4105 2095 4157 tiarum
2119 4119 2287 4172 usque
2307 4103 2372 4158 ad
2397 4103 2677 4156 terminum
2696 4101 3031 4165 orientalem,
3051 4101 3142 4156 sed
3163 4108 3215 4154 et
3233 4116 3261 4154 a
3278 4101 3414 4154 mari

1846 4217 1863 4248 ι
1902 4212 1932 4250 e
1956 4196 2173 4266 regione
2208 4195 2392 4264 viginti
2421 4195 2652 4262 quinque
2680 4193 2902 4247 millium
2933 4209 3101 4262 usque
3132 4193 3196 4247 ad
3229 4193 3416 4248 termi-

1848 4310 1864 4341 ι
1900 4305 2024 4343 num
2057 4287 2221 4341 maris
2250 4286 2497 4341 similiter
2526 4287 2576 4338 in
2618 4285 2861 4354 partibus
2897 4286 3156 4354 principis
3188 4285 3308 4339 erit.
3348 4283 3419 4341 Et

1847 4400 1864 4432 ι
1901 4387 2058 4434 erunt
2101 4377 2349 4446 primitiae
2390 4375 2678 4430 sanctuarii
2727 4384 2782 4428 et
2827 4374 3191 4428 sanctuariqu
3233 4371 3414 4444 templi

1847 4491 1865 4523 ‹
1902 4470 1953 4523 in
1984 4469 2158 4522 medio
2180 4465 2314 4535 ejus.
2344 4466 2418 4520 De
2437 4465 2776 4534 possessione
2796 4479 3005 4534 quoque
3029 4464 3335 4520 Levitarum
3362 4471 3416 4518 et

1848 4581 1866 4615 ι
1901 4561 1968 4615 de
1987 4558 2324 4629 possessione
2350 4556 2580 4610 civitatis
2611 4556 2664 4608 in
2693 4555 2869 4609 medio
2898 4554 3131 4624 partium
3160 4553 3416 4623 principis

1847 4670 1864 4703 ι
1901 4651 2024 4713 erit,
2049 4649 2188 4702 inter
2203 4644 2657 4710 terminumJuda,
2681 4653 2735 4698 et
2758 4645 2896 4697 intra
2918 4644 3201 4698 terminum
3228 4643 3416 4712 Benja-

1846 4760 1864 4793 ε
1900 4740 2078 4794 minet
2102 4737 2166 4791 ad
2190 4735 2482 4805 principem
2504 4734 2810 4804 pertinebit.
2837 4753 2854 4785 ι
2876 4734 2952 4788 De
2965 4734 3064 4788 hoc
3078 4733 3310 4803 principe
3329 4748 3416 4787 su-

1839 4849 1932 4902 pra
1962 4831 2170 4900 plenius
2197 4830 2522 4897 disputatum
2545 4836 2645 4890 cst,
2673 4836 2726 4880 et
2750 4826 2889 4896 quod
2919 4836 3124 4878 tantum
3148 4824 3292 4879 solus
3320 4839 3411 4878 ac-

1839 4922 2058 4991 ciperet,
2076 4930 2329 4988 quantum
2356 4932 2457 4969 una
2483 4916 2654 4969 tribus
2681 4933 2692 4966 :
2717 4931 2858 4968 nunc
2881 4922 3058 4968 autem
3088 4913 3230 4967 aliud
3254 4913 3414 4968 disci-

1842 5029 1980 5078 mus,
1996 5011 2136 5080 quod
2153 5024 2216 5063 ex
2228 5008 2434 5063 cunctis
2449 5007 2692 5061 tribubus
2703 5005 2959 5076 quidquid
2978 5006 3240 5074 reliquum
3254 5003 3416 5058 fuerit

1842 5106 1930 5160 hic
1971 5104 2115 5157 solus
2158 5100 2404 5169 accipiat,
2435 5107 2494 5152 ut
2523 5097 2668 5152 nulla
2698 5097 2868 5152 tribus
2903 5097 2996 5162 sit,
3031 5111 3148 5164 qua!
3178 5094 3410 5164 Principi

1843 5197 1980 5250 dona
2010 5209 2115 5246 non
2141 5191 2350 5254 oil‘erat,
2380 5205 2486 5243 non
2509 5188 2746 5252 aliunde,
2776 5187 2868 5244 sed
2899 5202 2965 5241 ex
2996 5186 3266 5257 primitiis,
3295 5199 3415 5253 quae.

1846 5284 2042 5353 templo
2072 5292 2125 5336 et
2152 5281 2454 5337 sanctuario
2479 5287 2535 5334 et
2557 5277 2815 5350 delegatis
2851 5278 3000 5332 urbis
3028 5276 3273 5346 partibus
3298 5289 3413 5329 ser-

1843 5377 2011 5429 viunt.
2029 5374 2140 5429 Hoc
2159 5380 2240 5426 est
2264 5371 2406 5425 enim
2421 5371 2563 5440 quod
2588 5369 2719 5424 dicit
2736 5389 2746 5424 :
2761 5387 2779 5420 ι
2797 5384 2828 5425 e
2849 5369 3064 5439 regione
3085 5368 3200 5421 sive
3224 5374 3412 5420 contra

1844 5463 2059 5528 facient,
2085 5461 2269 5532 viginti
2306 5460 2540 5530 quinque
2581 5457 2808 5512 millium
2841 5457 3198 5528 primitiarnm
3241 5468 3414 5523 usque

1841 5555 1906 5606 ad
1942 5553 2222 5608 terminum
2249 5552 2586 5615 orientalem,
2609 5569 2626 5601 ι
2672 5550 2788 5604 sive
2817 5564 2984 5618 usque
3020 5549 3086 5603 ad
3124 5545 3411 5600 terminum

1840 5644 2024 5706 maris,
2058 5651 2116 5696 ut
2149 5643 2256 5696 sint
2281 5642 2532 5712 primitiae
2557 5642 2697 5696 inter
2731 5650 2934 5711 septem
2965 5649 3019 5694 et
3045 5641 3279 5710 quinque
3309 5636 3410 5692 tri-

1839 5733 1937 5788 bus
1973 5740 2027 5787 et
2062 5732 2114 5786 in
2159 5731 2286 5802 ipsis
2335 5731 2587 5803 primitiis
2621 5732 2809 5787 civitas
2853 5743 2907 5788 et
2949 5732 3255 5788 suburbana
3295 5730 3413 5801 ejus
