3924 6324
464 327 603 385 1079

1101 331 1162 386 B.
1206 328 1466 389 RtBANl
1496 291 1718 392 suum
1755 335 2036 394 ARCHl-El

2144 338 2433 397 dOGUNT.
2475 341 2763 400 OPERUM
2803 345 2983 402 PARS
3022 346 3086 403 ll.

3619 349 3638 403 i
3649 350 3748 408 080

459 447 519 506 in
559 450 738 505 medio
778 447 1014 506 civitatis
1057 452 1428 509 sanctuarium
1479 453 1681 524 templi.
1737 452 1842 509 Sed
1887 463 1943 510 et
1987 455 2054 510 de
2081 459 2133 519 Α
2157 470 2257 527 per
2289 456 2342 512 in
2371 457 2474 512 line
2500 457 2720 528 ponitur
2743 476 2872 526 una,
2899 461 3335 534 subintelligitur,
3374 465 3455 521 vel
3491 480 3638 534 pars,
3664 462 3747 520 vel

459 540 802 611 jossessione
849 539 1159 596 Levitarum
1199 550 1255 598 et
1307 544 1374 599 de
1421 544 1762 614 possessione
1793 545 2050 610 civitatis,

460 633 718 702 quidquid
745 632 1011 704 reliquum
1032 641 1136 701 est,
1175 636 1408 707 principi
1436 624 2053 709 deputabitur.'Eritque

459 737 587 793 pars
606 731 851 778 extrema
874 733 1080 793 septem
1111 725 1347 781 tribuum
1372 727 1547 782 vicina
1574 727 1828 798 primitiis
1850 737 1906 783 et
1926 730 2056 785 civi-

460 813 557 868 tati
582 821 636 867 et
662 814 860 886 templo
890 815 942 869 in
967 817 1108 871 tribu
1134 815 1294 884 Iuda,
1320 827 1374 874 et
1397 834 1524 890 pars
1548 828 1792 875 extrema
1816 821 2055 892 quinque

459 905 698 960 tribuum
734 907 924 962 eodem
957 905 1082 973 jure
1129 924 1237 979 quo
1283 926 1446 982 supra
1483 912 1538 970 in
1582 913 1722 967 tribu
1767 911 2048 982 Benjamin

457 993 574 1066 ipsa
621 1004 863 1052 extrema
910 1014 1038 1068 pars
1063 1000 1129 1056 ad
1155 1001 1453 1072 principem
1484 1005 1794 1074 pertinebit.
1829 1005 1905 1059 Ex
1939 1021 2047 1076 quo

458 1086 752 1156 Scriptum
776 1097 1342 1161 sanctesaeramenta
1374 1095 1618 1150 miranda
1649 1104 1792 1160 sunt,
1823 1106 1877 1150 et
1903 1097 2051 1168 cogi-

455 1177 616 1231 tanda
646 1180 816 1252 magis
836 1196 997 1251 quam
1020 1183 1234 1255 eloquio
1255 1184 1596 1256 proferenda.
1630 1185 1683 1240 ln
1708 1187 1875 1256 priori
1902 1189 2046 1243 enim

453 1266 720 1324 divisione
755 1278 1023 1326 terrarum
1059 1282 1208 1331 trans
1237 1275 1526 1335 Iordanem
1564 1293 1661 1347 per
1697 1278 1880 1334 Mosen
1914 1281 2045 1335 dua-

452 1357 555 1413 bus
599 1360 843 1418 tribubus
888 1364 1076 1420 Ruben
1113 1375 1168 1420 ct
1205 1368 1322 1423 Gad
1363 1377 1419 1422 et
1458 1369 1694 1442 dimidia:
1731 1371 1895 1426 tribui
1929 1371 2044 1427 Ma-

451 1468 612 1509 nasse
664 1463 808 1512 terra
848 1459 1016 1512 divisa
1059 1469 1164 1525 est,
1207 1462 1348 1515 intra
1395 1459 1686 1517 Iordanem
1733 1473 1912 1518 autem
1948 1481 2045 1535 per

450 1539 613 1599 Iosue
644 1544 811 1600 tilium
843 1545 959 1600 Nun
989 1557 1044 1603 et
1067 1548 1385 1605 Eleazarum
1423 1551 1589 1608 lilium
1624 1553 1804 1607 Aaron
1833 1568 1847 1607 :
1875 1551 2042 1609 Iudas

449 1637 692 1705 possedit
727 1638 796 1693 ab
847 1650 1051 1704 austro,
1095 1652 1149 1698 et
1186 1643 1444 1713 Ephraim
1488 1655 1542 1700 et
1580 1645 1829 1702 Manassc
1871 1647 2043 1702 tribus

448 1729 672 1784 dimidia
713 1731 782 1785 ab
817 1733 1089 1803 aquilone.
1115 1735 1311 1790 Postea
1343 1751 1472 1790 vero
1501 1737 1568 1792 de
1603 1736 1715 1791 Silo
1744 1737 1924 1793 missis
1949 1754 2044 1793 ex-

2159 549 2450 632 possessio,
2481 550 2566 604 vel
2593 551 2880 610 htereditas
2905 569 2919 606 :
2947 552 3071 608 licet
3092 553 3281 624 Aquila
3305 563 3362 608 et
3387 553 3747 625 Symmachus

2157 639 2827 712 interpretentur‘geuere
2870 645 3099 698 neutrali
3128 646 3188 700 τὸ
3234 643 3372 720 aptos
3405 638 3748 720 quodgslgniv

2131 729 2281 783 .lieat
2314 730 2626 784 terminum.
2678 730 2921 801 llludqne
2967 734 3205 788 breviter
3253 717 3640 797 attendendum
3686 731 3746 790 in

2155 828 2394 874 extrema
2423 821 2932 892 quinquetribuum,
2952 823 3148 878 tribum
3173 822 3309 889 Gad,
3339 840 3462 894 qua:
3493 824 3548 878 in
3574 821 3746 894 priori

2154 911 2517 982 descr'ptione
2550 923 2700 968 trans
2742 912 3030 970 Iordanem
3057 914 3190 981 fuit,
3218 911 3344 986 poni
3376 932 3500 971 eam
3531 923 3748 987 partem

2153 1017 2316 1072 quam
2358 1004 2510 1073 prius
2547 1001 2712 1059 Iudas
2742 1005 2914 1060 tenuit
2941 1006 3009 1059 ad
3049 1005 3259 1075 plagam
3289 1005 3542 1061 videlicet
3574 1001 3747 1059 austri

2156 1093 2207 1147 in
2241 1094 2519 1148 meridiem
2564 1113 2576 1148 :
2617 1105 2672 1149 et
2697 1111 2834 1170 esse
2875 1097 3166 1150 terminum
3209 1098 3276 1152 de
3304 1097 3541 1152 Thamar
3571 1109 3752 1167 usque

2152 1184 2220 1239 ad
2246 1200 2416 1255 aquas
2452 1175 2898 1242 contradictionis
2938 1187 3110 1242 Cades
3147 1189 3518 1242 hrcreditatem
3552 1196 3749 1243 contra

2150 1291 2302 1332 mare
2324 1277 2594 1349 Magnum.
2631 1278 2868 1334 Thamar
2901 1280 3013 1350 ipsa
3033 1288 3118 1335 est
3142 1281 3207 1335 de
3229 1297 3333 1351 qua
3351 1281 3465 1351 jam
3484 1281 3744 1344 diximus,

2150 1383 2312 1438 quam
2353 1385 2496 1423 nunc
2538 1368 2842 1440 Palmyram
2890 1379 3086 1426 vocant
3128 1379 3182 1424 et
3217 1370 3345 1426 olim
3375 1386 3403 1423 a
3451 1369 3746 1423 Salomone

2149 1465 2475 1513 constructa.
2526 1458 2707 1513 Palma
2763 1460 2904 1515 enim
2956 1460 3180 1515 llebrteo
3223 1475 3476 1515 sermone
3504 1459 3748 1513 Thamar

2147 1548 2464 1617 appellatur,
2517 1549 2585 1603 ab
2633 1565 2698 1603 eo
2747 1551 2890 1614 quod
2940 1550 3012 1604 ibi
3060 1550 3292 1620 palmeta
3340 1549 3455 1603 sint
3489 1546 3741 1618 plurima,

2147 1644 2366 1714 quidam
2402 1652 2596 1712 putant
2632 1645 2733 1698 hoc
2795 1643 3043 1698 sortitam
3091 1641 3431 1697 vocabulum.
3467 1639 3620 1707 Quod
3650 1653 3741 1693 se-

2147 1735 2332 1804 quitur
2364 1753 2376 1788 :
2413 1755 2430 1786 ‹
2457 1735 2636 1805 Usque
2663 1735 2731 1788 ad
2759 1749 2928 1802 aquas
2963 1733 3408 1789 contradictionis
3433 1730 3610 1786 Cades
3633 1729 3746 1783 ha!-

445 1821 813 1892 ploratoribus
842 1841 939 1895 per
960 1826 1198 1897 singulas
1223 1822 1396 1882 tribus
1425 1834 1478 1883 et
1501 1828 1864 1898 descriptione
1885 1836 2046 1883 terra:
2075 1827 2119 1885 Β
2149 1825 2349 1880 reditas
2376 1832 2566 1879 contra
2599 1839 2745 1877 mare
2777 1823 3052 1894 Magnum,
3083 1843 3100 1875 ι
3128 1838 3226 1893 pro
3251 1836 3358 1892 quo
3387 1817 3744 1889 Septuaginta

446 1912 611 1977 allata
639 1914 705 1968 ad
738 1913 902 1970 Iosue
926 1924 980 1970 et
1007 1917 1254 1980 Eleazar,
1281 1917 1554 1984 Benjamin
1575 1919 1728 1989 juxta
1755 1917 1949 1974 Iudam
1969 1919 2037 1974 ab

445 2011 653 2068 austro,
685 2012 740 2058 et
762 2003 918 2073 juxta
954 2005 1206 2074 Ephraim
1238 2017 1292 2061 et
1334 2007 1614 2062 dimidiam
1649 2008 1847 2063 tribum
1885 2023 2038 2064 arce-

439 2093 522 2162 pit
562 2095 980 2164 possessionem.
1018 2097 1193 2151 Secun
1216 2098 1264 2151 iu
1301 2098 1474 2152 tribus
1504 2096 1723 2153 Simcoa
1754 2099 2038 2154 haeredita-

445 2192 551 2237 tem
588 2186 796 2255 accepit
830 2186 896 2240 de
924 2187 1064 2241 tribu
1088 2178 1243 2253 Iuda,
1276 2197 1336 2243 ut
1366 2188 1703 2258 impleretur,
1731 2189 1873 2259 quod
1903 2189 2038 2243 scri-

439 2285 594 2346 ptum
637 2287 722 2332 est
749 2279 812 2332 de
838 2278 966 2332 Levi
993 2288 1044 2332 et
1069 2277 1310 2343 Simeon,
1341 2300 1357 2331 ι
1389 2279 1632 2334 Dividam
1662 2295 1756 2335 eos
1782 2280 1836 2334 in
1869 2277 2037 2336 Iacob

443 2376 498 2421 ct
526 2368 830 2438 dispergam
861 2385 954 2423 eos
982 2370 1033 2424 iu
1066 2369 1228 2424 Israel
1259 2368 1411 2439 (Gen.
1444 2370 1616 2436 κως).
1647 2389 1664 2421 ι

516 2459 698 2513 Tertia
723 2459 960 2514 Zabulon
993 2458 1266 2515 Galil-tuam
1306 2462 1515 2530 accepit
1542 2461 1594 2514 in
1629 2477 1733 2531 qua
1763 2471 1848 2516 est
1881 2478 2037 2516 mons

443 2550 683 2605 Thabor.
715 2552 916 2619 Quarta
963 2552 1232 2617 lssacliar,
1261 2553 1350 2608 ubi
1383 2562 1466 2608 est
1493 2553 1742 2609 Iezrahel
1773 2570 1942 2624 usque
1969 2538 2035 2610 ad

441 2632 758 2696 Iordanem.
789 2642 985 2709 Quinta
1016 2642 1200 2706 Asser,
1231 2660 1402 2712 usque
1437 2643 1501 2698 a;l
1544 2653 1780 2698 montem
1813 2644 2036 2700 Carme-

440 2733 576 2797 lum,
611 2733 704 2802 qui
745 2733 990 2788 imminet
1038 2734 1174 2787 mari
1230 2734 1757 2805 Magno.’l‘yrumque
1787 2744 1842 2789 et
1880 2736 2038 2790 Sido-

443 2842 586 2881 nem.
629 2826 793 2883 Sexta
825 2825 1128 2896 Nepthalim
1174 2827 1227 2881 in
1269 2826 1490 2882 Galiltea
1530 2843 1699 2898 usque
1737 2828 1802 2882 ad
1845 2827 2038 2883 Iorda-

440 2933 589 2982 nem,
618 2919 709 2972 ui:i
732 2917 975 2973 Tiberius
997 2934 1118 2987 qua:
1144 2918 1272 2973 olim
1296 2918 1667 2988 appellabatur
1701 2917 2028 2973 Chenereth.

441 3004 682 3077 Septima
709 3008 821 3060 Dan
862 3023 1030 3077 usque
1061 3008 1287 3078 Ieppeu,
1313 3009 1401 3062 ubi
1440 3019 1565 3062 sunt
1595 2998 1772 3063 turres
1800 3010 2032 3065 Ahialon

439 3108 494 3153 et
521 3099 696 3154 Selebi
723 3109 776 3155 et
798 3100 1074 3166 Emmaus.
1101 3117 1220 3170 qua:
1237 3117 1380 3155 nunc
1399 3102 1702 3172 appellatur
1728 3103 2028 3172 Nicopolis;

2144 1915 2558 1982 transtulerunt,
2589 1935 2607 1968 ι
2633 1917 2710 1971 De
2723 1915 2964 1971 Theman
2989 1927 3043 1970 et
3065 1929 3202 1985 aqua
3221 1911 3546 1967 Maribinoth
3569 1908 3745 1965 Cades

2143 2007 2429 2062 haereditas
2461 2022 2631 2077 usque
2653 2007 2720 2060 ad
2748 2021 2901 2065 mare
2931 2005 3201 2076 Magnum,
3238 2022 3257 2055 ι
3290 2002 3419 2057 illud
3445 2003 3745 2055 observan-

2141 2098 2268 2154 dum
2316 2099 2368 2153 in
2417 2098 2683 2153 llebraico
2735 2097 2984 2152 eumdem
3037 2108 3341 2150 sermonem
3387 2091 3570 2146 nehela
3611 2089 3743 2160 quia

2140 2190 2424 2257 ambiguus
2469 2189 2539 2242 sit
2590 2197 2644 2244 et
2688 2185 3063 2243 luereditatem
3107 2199 3302 2239 sonare
3327 2191 3386 2250 et
3412 2188 3740 2264 torrentem,

2140 2291 2194 2336 ct
2219 2283 2307 2337 hic
2337 2282 2509 2350 magis
2543 2288 2839 2335 torrentem
2883 2279 3055 2347 accipi
3095 2278 3310 2341 debere,
3358 2291 3522 2346 quam
3565 2275 3743 2330 htere-

2141 2373 2384 2428 ditatem.
2415 2371 2522 2426 lste
2566 2379 2648 2424 est
2674 2371 2818 2425 enim
2857 2382 3085 2431 torrens,
3119 2368 3209 2438 qui
3255 2367 3558 2437 ingreditur
3587 2377 3743 2421 mare

2143 2463 2404 2535 Magnum
2440 2462 2812 2526 Rinocorurre,
2856 2469 2915 2516 ut
2968 2469 3093 2515 ante
3130 2459 3242 2528 jam
3279 2459 3535 2512 diximus.
3563 2455 3741 2513 Gades

2139 2562 2338 2617 atrtrm,
2367 2568 2486 2623 qua:
2522 2553 2577 2607 in
2604 2553 2742 2608 libro
2765 2551 2929 2606 Iosue
2954 2538 3453 2622 appellatur-Gades
3482 2549 3649 2601 barne
3680 2546 3739 2602 in

2139 2646 2352 2701 deserto
2396 2653 2499 2710 est,
2552 2645 2694 2713 quod
2740 2643 3049 2698 extenditur
3096 2656 3267 2711 usque
3312 2639 3378 2694 ad
3417 2640 3606 2692 urbem
3632 2637 3739 2692 Pe.

2141 2743 2300 2791 tram.
2349 2735 2675 2790 Maribinoth
2719 2749 2871 2798 vero,
2914 2724 3057 2802 quoi
3108 2724 3494 2799 interpretatur
3524 2737 3741 2782 contra-

2138 2828 2393 2883 dictionis
2435 2842 2542 2881 non
2588 2825 2906 2882 vocabulum
2952 2823 3054 2878 loci
3093 2831 3194 2884 est,
3227 2832 3286 2875 ut
3316 2820 3562 2891 plerique
3590 2820 3738 2874 resti-

2139 2928 2306 2975 mant.
2337 2919 2430 2974 sed
2461 2929 2747 2986 ‘aquarum
2803 2916 2857 2970 in
2902 2916 3099 2985 quibus
3139 2913 3367 2968 Domino
3405 2910 3739 2968 contradixit

2136 3011 2384 3082 populus,
2418 3019 2471 3064 et
2502 3009 2713 3080 Moyses
2743 3006 2971 3062 ollendit
2998 3007 3186 3067 Deum,
3216 3004 3430 3058 dicente
3471 3002 3682 3072 psalmo
3716 3019 3731 3054 :
3783 3007 3796 3018 ‘

2145 3121 2163 3153 ι
2202 3102 2570 3157 Tcntaverunt
2631 3115 2754 3154 eum
2817 3099 2884 3153 ad
2924 3113 3120 3167 aquam
3167 3094 3635 3156 contradictionis,
3679 3100 3739 3147 et

440 3189 568 3244 licet
594 3198 782 3260 postea
809 3190 1118 3262 legerimus,
1153 3191 1294 3259 quo!
1324 3191 1586 3260 eruperint
1623 3193 1725 3246 sibi
1753 3201 2032 3247 transcen-
2059 3176 2103 3237 Ο
2136 3194 2367 3250 alilietus
2394 3204 2478 3250 est
2508 3195 2682 3248 Moses
2708 3201 2932 3262 propter
2959 3206 3052 3246 eos
3082 3187 3257 3261 (Psal.
3294 3187 3402 3258 cv).
3437 3186 3738 3255 Omnisque

441 3282 518 3336 sis
557 3281 681 3336 aliis
721 3281 966 3336 tribubus
1010 3282 1196 3335 urbem
1240 3281 1427 3336 [.esem
1475 3283 1528 3337 in
1571 3283 1711 3338 tribu
1747 3282 1882 3346 Dan,
1912 3299 2032 3354 qua:

440 3373 601 3429 hodie
631 3373 929 3443 appellatur
956 3373 1183 3443 Paucas.
1223 3374 1358 3430 Cum
1400 3377 1514 3430 luce
1549 3391 1606 3430 se
1653 3377 1726 3431 ita
1773 3376 2030 3440 habeant,

440 3474 496 3520 et
551 3447 700 3519 inter.
742 3466 978 3533 priorem
1023 3465 1257 3519 tribuum
1313 3466 1758 3538 descriptionem,
1811 3478 1867 3522 et
1914 3485 2034 3538 quae

438 3573 583 3612 nunc
605 3558 834 3612 habetur
859 3564 1005 3612 tanta
1031 3558 1319 3613 diversitas
1340 3560 1409 3612 sit
1435 3578 1446 3611 :
1475 3561 1576 3613 hoc
1603 3561 2032 3624 consideremus,

439 3647 711 3717 quomodo
740 3655 793 3701 et
833 3648 883 3701 in
920 3649 1168 3717 prteseati
1207 3649 1568 3718 descriptione
1594 3660 1648 3704 et
1679 3651 1728 3704 in
1763 3651 2032 3720 praeterita

341 3765 344 3773 ι
441 3738 581 3791 inter
615 3739 850 3792 tribuum
876 3738 1034 3803 Iuda,
1078 3747 1132 3794 et
1167 3740 1446 3808 Beujamin
1475 3744 1603 3796 urbs
1640 3744 1893 3812 templum
1925 3744 2033 3796 eal-

441 3826 677 3881 locatum
713 3829 803 3891 sit,
832 3837 886 3882 et
927 3829 981 3881 in
1016 3829 1179 3897 priori
1216 3829 1433 3896 quidem
1475 3830 1834 3899 descriptione
1868 3830 2034 3885 Iudas

437 3919 652 3973 eratab
693 3928 900 3984 austro,
933 3928 988 3975 et
1032 3919 1308 3990 Benjamin
1349 3920 1416 3974 ab
1453 3921 1725 3992 aquilone.
1767 3921 1864 3977 llic
1903 3937 2032 3977 vero

440 4029 471 4068 e
500 4016 776 4069 contrario
803 4014 880 4080 lit,
906 4022 964 4068 ut
989 4013 1156 4070 Iudas
1185 4015 1257 4068 sit
1279 4016 1344 4067 a3)
1375 4015 1645 4084 aquilone,
1673 4025 1727 4071 et
1751 4015 2030 4084 Benjamiu

439 4107 724 4162 ab‘austro
758 4127 770 4161 :
804 4117 925 4177 post
955 4123 1112 4176 quem
1145 4107 1413 4162 secundus
1453 4117 1533 4162 est
1563 4108 1804 4171 Simeon,
1841 4108 2032 4163 tertius

437 4197 676 4275 lsacltar,
707 4207 934 4267 quartus
969 4195 1228 4259 Zabulon,
1257 4196 1476 4265 quintus
1506 4197 1648 4258 (ind,
1683 4198 1922 4268 quinque
1957 4198 2034 4251 vi-

439 4290 632 4346 delicet
663 4292 857 4356 tribus,
887 4291 1025 4345 sicut
1063 4290 1114 4344 in
1152 4290 1608 4358 consequentibus
1635 4291 1853 4343 dicitur.
1885 4288 2030 4345 Seri-

440 4393 589 4452 ptum
616 4393 699 4437 est
728 4383 869 4437 enim
905 4399 917 4435 :

516 4497 534 4527 ι
580 4477 649 4531 Et
692 4475 915 4545 reliquis
955 4473 1200 4530 tribubus
1232 4490 1260 4528 a
1291 4475 1442 4546 plaga
1482 4475 1735 4530 orientali
1765 4491 1935 4544 usque
1961 4475 2026 4528 ad

444 4592 460 4619 ‹
509 4569 723 4641 plaga_m
769 4566 1161 4624 occidentalem
1213 4566 1492 4638 Benjamiu
1540 4583 1664 4620 una.
1724 4567 1788 4620 Et
1839 4577 2025 4622 contra

443 4681 462 4710 ι
513 4660 806 4715 terminum
852 4658 1133 4728 Beniamin
1176 4673 1206 4710 a
1251 4658 1406 4728 plaga
1452 4657 1700 4712 orientali
1747 4672 1916 4727 usque
1961 4657 2027 4711 ad

443 4774 460 4804 4
507 4751 719 4822 plagam
759 4748 1149 4803 occidentalem
1198 4747 1416 4803 Simeon
1463 4763 1588 4800 una.
1632 4748 1693 4800 Et
1729 4762 1888 4815 super
1915 4757 2027 4801 ter-

445 4863 464 4895 σ
511 4846 716 4898 minum
756 4842 1026 4897 Simeonis
1057 4856 1088 4894 a
1130 4839 1286 4909 plaga
1321 4840 1568 4894 orientali
1607 4855 1774 4909 usque
1811 4840 1878 4894 ad
1910 4839 2025 4910 pla-

445 4956 463 4986 ι
510 4951 634 5009 gam
664 4933 1056 4990 occidentalem
1095 4932 1314 4988 lsachar
1352 4948 1475 4984 una.
1524 4931 1587 4984 Et
1632 4947 1795 5000 super
1841 4931 2029 4996 termi-

447 5047 466 5082 ι
515 5045 641 5083 num
671 5027 891 5082 lsachar
925 5041 956 5080 a
995 5025 1148 5097 plaga
1187 5024 1434 5080 orientali
1460 5040 1652 5094 ~usque
1698 5026 1764 5080 ad
1814 5025 2028 5095 plagam

447 5139 466 5171 ι
513 5116 899 5173 occidentalem
951 5115 1190 5170 Zabulon
1239 5131 1366 5168 una.
1415 5114 1692 5194 Et’super
1741 5115 2027 5170 terminum

447 5229 467 5262 ι
512 5209 751 5264 Zabulon
782 5224 812 5262 a
837 5208 994 5280 plaga
1030 5205 1279 5262 orientali
1315 5220 1485 5274 usque
1521 5207 1587 5260 ad
1623 5205 1832 5275 plagam
1864 5205 2031 5260 maris

450 5321 470 5353 ο
515 5302 631 5356 Gad
652 5317 777 5354 una.
804 5300 872 5354 Et
897 5315 1058 5370 super
1083 5299 1374 5354 terminum
1402 5296 1516 5352 Gad
1541 5296 1606 5350 ad
1627 5296 1834 5366 plagam
1860 5297 2031 5350 austri

451 5411 472 5446 ι
521 5394 573 5448 in
589 5392 890 5458 meridiem,
913 5401 969 5447 et
988 5392 1093 5446 erit
1115 5391 1239 5446 linis
1252 5391 1318 5444 de
1340 5390 1578 5444 Thamar
1593 5404 1764 5458 usque
1782 5389 1847 5443 ad
1865 5405 2035 5458 aquas

451 5503 473 5539 ι
517 5483 968 5541 contradictionis
994 5482 1190 5548 Gades,
1212 5482 1499 5538 haereditas
1525 5490 1717 5536 contra
1747 5495 1896 5536 mare
1924 5482 2036 5536 Ma-

452 5595 476 5631 α
518 5593 705 5649 gnum.
742 5576 868 5631 [lare
913 5582 996 5630 est
1039 5583 1216 5639 terra,
1261 5588 1423 5642 quam
1459 5571 1754 5626 metiemini
1787 5569 2034 5626 tribubus

456 5687 476 5721 .t
520 5669 775 5730 lsrae’l,et
798 5667 1211 5738 harpartitiones
1225 5664 1526 5728 earum,ait
1545 5664 1799 5718 Dominus
1825 5661 1983 5716 Deus.
2012 5680 2029 5711 ι

455 5759 722 5830 (Hirrum)
767 5759 918 5827 Quod
944 5760 993 5813 in
1031 5759 1269 5827 quinque
1297 5765 1346 5810 et
1371 5765 1575 5823 septem
1619 5754 1862 5809 tribubus
1899 5769 2036 5805 smn-

2139 3299 2296 3344 terra:
2327 3297 2528 3343 sancta:
2565 3281 2852 3342 hmreditas
2883 3285 2952 3339 ab
2984 3283 3208 3339 australi
3247 3282 3401 3353 plaga
3428 3280 3584 3351 juxta
3625 3289 3737 3332 ter-

2134 3381 2312 3434 minos
2337 3379 2555 3451 ZEgypti
2582 3379 2919 3434 Rinocorura
2941 3386 2996 3431 et
3019 3383 3261 3431 torrente
3289 3375 3494 3428 linitur.
3519 3374 3584 3428 Et
3603 3371 3734 3443 quia

2135 3471 2249 3525 Gud
2295 3471 2686 3540 interpretatur
2731 3469 2968 3534 tentatio,
3025 3469 3079 3524 in
3125 3467 3470 3536 possessione
3522 3455 3634 3535 ejus
3666 3465 3737 3520 de

2136 3560 2387 3629 palmetis
2428 3560 2725 3614 transimus
2769 3548 2844 3612 ad
2877 3573 3048 3627 aquas
3087 3556 3536 3611 contradictionis
3561 3568 3735 3624 usque

2134 3654 2330 3715 (Iazles,
2383 3664 2502 3722 qmn
2549 3653 2939 3720 interpretatur
2977 3661 3200 3714 sancta,
3252 3657 3312 3703 ut
3365 3647 3735 3718 intelligamus

2136 3761 2234 3798 nos
2261 3745 2422 3798 etiam
2448 3752 2567 3813 post
2592 3743 2873 3798 victoriam
2906 3741 3091 3795 mundi
3137 3740 3335 3796 debere
3373 3754 3499 3793 esse
3533 3736 3735 3791 sollici-

2135 3843 2220 3888 tos
2257 3842 2311 3888 et
2355 3847 2568 3904 semper
2602 3834 2656 3886 in
2691 3841 2857 3897 metu,
2900 3840 2955 3886 et
2983 3831 3257 3887 recordari
3283 3831 3428 3886 illius
3457 3827 3732 3893 versiculi,

2141 3946 2158 3976 ι
2189 3926 2440 3988 Tentatio
2470 3935 2555 3980 est
2585 3927 2690 3980 vita
2734 3925 3014 3980 hominum
3044 3939 3207 3994 super
3243 3931 3448 3977 terram
3481 3934 3510 3976 ε’
3529 3941 3548 3974 ι
3579 3930 3634 3976 et
3661 3919 3734 3975 ad

2135 4019 2474 4073 sanctitatem
2535 4017 2865 4071 adversariis
2921 4015 3345 4086 repugnantibus
3403 4012 3733 4083 pervenire;

2136 4110 2322 4179 sicque
2349 4108 2596 4162 ol..tinere
2622 4107 2938 4172 victoriam,
2956 4117 3011 4160 et
3032 4121 3062 4160 e
3093 4105 3275 4160 vicino
3296 4111 3593 4159 torrentem
3617 4101 3736 4172 ple-

2135 4216 2261 4254 num
2291 4199 2541 4252 imbrium
2571 4197 3000 4268 contemplemur
3019 4235 3033 4250 .

2211 4311 2229 4341 ι
2275 4290 2342 4344 Et
2401 4305 2652 4360 egressus
2709 4289 2945 4343 civitatis
3012 4305 3041 4341 a
3102 4287 3259 4358 plaga
3321 4286 3734 4358 septentrionali

2140 4405 2157 4432 ‹
2201 4383 2491 4452 quingenta
2518 4388 2574 4435 et
2597 4386 2829 4450 quatuor
2859 4379 3025 4433 millia
3066 4378 3411 4433 mensurabis
3456 4388 3511 4433 et
3558 4388 3736 4448 porta:

2141 4493 2157 4524 ε
2203 4472 2438 4528 civitatis
2466 4486 2534 4525 cx
2567 4471 2818 4527 omnibus
2847 4469 3093 4524 tribubus
3126 4468 3309 4522 lsrael.
3342 4467 3522 4522 Porta:
3553 4476 3668 4522 tres
3700 4481 3735 4522 a

2139 4587 2156 4616 ι
2204 4563 2590 4634 septentrione.
2635 4561 2796 4616 Porta
2840 4560 3028 4614 Ruben
3062 4575 3202 4613 una.
3233 4558 3397 4612 Porta
3425 4556 3578 4613 Iuda:
3598 4573 3731 4614 una.

2137 4675 2153 4706 ι
2201 4655 2362 4709 Porta
2400 4653 2526 4708 Levi
2556 4668 2660 4706 una
2701 4669 2716 4703 :
2755 4651 2823 4705 Et
2856 4650 2922 4704 ad
2965 4650 3177 4720 plagam
3207 4648 3533 4704 orientalem
3569 4647 3749 4717 quine

2139 4769 2154 4798 ο
2202 4755 2391 4818 gentos
2438 4752 2492 4799 et
2539 4752 2774 4813 quatuor
2823 4741 2992 4795 millia
3055 4749 3111 4795 et
3158 4749 3328 4810 porta:
3381 4748 3516 4792 tres.
3563 4736 3735 4793 Porta

2103 4901 2106 4904 ἢ
2139 4857 2156 4890 ι
2201 4838 2399 4907 Ioseph
2429 4851 2557 4890 una.
2595 4834 2758 4910 Porta
2791 4832 3070 4901 Benjamin
3101 4847 3229 4884 una.
3258 4830 3422 4884 Porta
3457 4829 3570 4882 Dan
3595 4844 3732 4883 una.

2139 4947 2158 4980 ι
2200 4928 2270 4982 Et
2297 4928 2364 4982 ad
2389 4925 2602 4996 plagam
2639 4923 2994 4979 meridianam
3039 4921 3366 4991 quingentos
3403 4926 3459 4974 et
3497 4925 3738 4988 quatuor

2143 5039 2161 5072 ‹
2208 5018 2372 5073 millia
2415 5016 2654 5071 metieris
2713 5023 2769 5070 et
2824 5021 2991 5082 porta:
3049 5019 3183 5077 tres.
3239 5012 3401 5066 Porta
3459 5009 3740 5066 Simeonis

2144 5129 2162 5160 ε
2208 5126 2312 5164 una
2342 5127 2354 5162 :
2380 5114 2535 5177 porta
2567 5105 2812 5161 lssacbar
2835 5111 3138 5173 una,porta
3161 5101 3396 5156 Zabulon
3426 5109 3641 5162 una;et
3663 5099 3739 5154 ad

2145 5219 2163 5251 c
2209 5199 2419 5271 plagam
2445 5196 2831 5254 occidentalem
2866 5195 3144 5264 quingenti
3188 5201 3243 5247 et
3275 5199 3508 5262 quatuor
3535 5188 3737 5246 millia.

2147 5313 2165 5345 ‹
2211 5293 2386 5348 Porta:
2412 5307 2597 5348 eorum
2621 5300 2754 5345 tres.
2780 5287 2942 5342 Porta
2963 5287 3077 5342 Gad
3101 5301 3226 5339 una.
3249 5284 3412 5339 Porta
3435 5283 3571 5338 Aser
3593 5291 3735 5338 una‘.

2147 5406 2165 5438 ι
2209 5385 2367 5441 Porta
2399 5383 2698 5455 Nephtalim
2727 5397 2852 5437 una.
2879 5381 2983 5435 Per
3008 5379 3294 5434 circuitum
3316 5378 3502 5432 decem
3531 5381 3584 5431 et
3602 5386 3743 5433 octo

2149 5497 2165 5526 ι
2214 5478 2375 5532 millia
2417 5485 2471 5530 et
2509 5489 2701 5530 nomen
2745 5473 2981 5528 civitatis
3005 5486 3070 5526 ex
3109 5470 3196 5524 illa
3233 5470 3320 5525 die
3341 5467 3605 5523 Dominus
3628 5466 3744 5521 ibi-

2151 5589 2167 5620 ε
2213 5570 2354 5624 dem.
2390 5589 2406 5620 ι
2436 5569 2511 5623 De
2539 5566 3000 5638 ambitugcivitatis
3021 5562 3164 5634 quod
3197 5577 3292 5633 per
3319 5561 3490 5615 latera
3521 5558 3743 5629 singula

2146 5661 2197 5713 in
2226 5660 2489 5729 quadrum
2521 5666 2750 5727 quatuor
2775 5656 2963 5718 millia,
3004 5654 3329 5729 quingentos
3364 5651 3605 5706 calamos
3637 5651 3744 5704 ha-

2147 5752 2316 5804 buerit
2345 5752 2650 5820 praeteritus
2676 5766 2850 5814 sermo
2880 5747 3138 5809 narravit,
3171 5726 3499 5814 qui’faciunt
3539 5743 3742 5796 decem
