3924 6320
202 370 342 433 1031

1126 366 1480 425 COMMENT.
1518 365 1587 424 IN
1628 365 2081 423 EZECHIELEM.
2122 399 2192 408 —
2226 368 2354 424 LIB.
2393 370 2512 425 XX.

3332 373 3358 428 I
3367 370 3481 432 082

202 495 260 542 et
282 493 407 542 octo
431 482 598 539 millia
625 482 976 543 calamorum,
1005 486 1064 533 ut
1092 480 1147 533 in
1173 479 1425 548 przesenﬁ
1459 492 1672 548 quoque
1702 493 1793 533 ca-
1818 483 1870 540 Α
1896 479 2195 544 duodecim,
2234 489 2287 534 et
2324 481 2378 535 in
2426 481 2558 551 ipsis
2606 481 2889 538 duodecim
2917 480 3167 555 nomina
3197 481 3481 541 duodecim

201 575 381 647 pitulo
433 575 669 645 positum
716 580 834 638 est,
873 571 925 627 id
976 564 1093 637 est,
1142 570 1498 641 quadraginta
1562 580 1795 641 quatuor

202 666 379 723 millia
427 680 682 735 passuum
734 672 792 719 et
846 672 1117 718 trecentos
1171 663 1527 732 quadraginta
1578 677 1789 732 passus.

201 754 365 813 Nunc
390 756 648 813 scribitur
675 771 771 826 per
794 754 1004 825 singula
1028 753 1219 818 latera,
1244 753 1347 809 hoc
1373 762 1474 819 est,
1504 752 1601 824 per
1628 754 1796 809 unde-

205 850 319 905 cim
345 850 510 903 millia
540 863 796 919 passuum
824 855 880 902 et
904 846 1175 917 octoginta
1201 861 1394 916 passus
1422 855 1604 901 ternas
1628 844 1795 901 fuisse

203 948 396 1009 portas
440 954 575 1008 quas
612 938 805 1007 Aquila
854 936 1211 1007 Symmachus
1244 945 1299 990 et
1338 935 1634 991 Theodotio
1658 938 1795 1002 Διεξ-

206 1030 377 1095 ιδους,
416 1029 764 1101 Septuaginta
814 1029 1079 1088 Διεκϐολάς
1120 1035 1333 1091 vocant,
1370 1042 1469 1082 nos
1526 1026 1795 1097 interpre-

204 1121 309 1175 tati
341 1134 527 1175 sumus
549 1136 785 1190 egressus
811 1128 865 1172 et
885 1119 1057 1172 exitus
1087 1116 1345 1182 civitatis.

284 1210 524 1281 Illudque
570 1209 805 1278 primum
844 1208 1082 1263 breviter
1125 1206 1545 1272 admonendum,
1577 1205 1797 1262 easdem

210 1304 388 1382 tribus
432 1303 482 1355 in
526 1302 760 1357 circuitu
800 1300 1133 1356 tabernaculi
1170 1301 1244 1354 ita
1275 1308 1690 1356 castrametatas
1742 1309 1799 1354 ut

206 1395 278 1448 ad
327 1394 593 1448 orientem
640 1388 1010 1457 fueritJudas,
1041 1391 1290 1447 lssachar
1330 1401 1383 1447 et
1425 1390 1666 1447 Zabulon
1702 1391 1797 1446 ﬁlii

206 1484 324 1538 Lia:
356 1503 375 1538 ε»
402 1493 459 1539 et
483 1485 550 1539 ad
574 1485 855 1540 meridiem
882 1483 1094 1544 Ruben,
1127 1482 1371 1549 Simeon,
1402 1483 1543 1548 Gad,
1568 1483 1672 1539 duo
1704 1483 1800 1537 ﬁlii

207 1577 323 1633 Liae
352 1596 363 1631 :
392 1588 447 1633 et
485 1580 675 1634 tertius
706 1578 846 1633 ﬁlius
884 1578 1099 1648 Zelpha:
1143 1563 1350 1633 ancillae
1378 1578 1486 1632 Lite
1512 1591 1526 1631 :
1558 1579 1625 1633 ad
1661 1577 1801 1632 occi-

206 1672 430 1728 dentem
480 1688 607 1727 vero
649 1672 905 1743 Ephraim
958 1672 1234 1727 Manasses
1270 1681 1325 1727 et
1358 1669 1661 1740 Bcnjamin,
1695 1671 1801 1725 duo

203 1765 462 1819 videlicet
492 1764 583 1817 ﬁlii
615 1764 904 1818 Rachelis:
938 1765 1063 1833 quia
1100 1762 1298 1834 Joseph
1336 1777 1435 1832 pro
1475 1762 1615 1817 tribu
1647 1760 1796 1826 Levi,

1892 571 2263 643 apostolorum,
2288 582 2344 629 et
2379 574 2523 645 agni.
2557 594 2575 626 ι
2618 573 2801 630 Murus
2835 590 2964 646 ergo
3003 574 3104 630 iste
3149 590 3379 647 magnus
3427 585 3486 634 et

1893 662 2055 727 altus,
2099 662 2562 733 inexpugnabilem
2616 664 2738 720 ﬁdei
2786 672 2842 720 et
2887 665 3203 731 charitatis,
3258 666 3485 739 speique

1894 752 2207 807 ﬁrmitatem
2235 752 2518 824 signiﬁcat.
2551 755 2736 810 Potest
2765 762 2820 810 et
2856 756 2970 824 ipse
2999 753 3270 811 Dominus
3296 755 3485 813 Eccle-

1896 845 2031 901 siam
2062 845 2299 915 undique
2325 855 2634 919 protegens,
2669 862 2857 903 murus
2888 862 3114 918 magnus
3146 847 3391 919 intelligi,
3418 848 3485 904 de

1895 952 2003 1007 quo
2035 936 2198 991 Isaias
2224 937 2297 991 ait
2328 956 2339 991 :
2378 957 2395 989 ‹
2432 937 2670 993 Ponetur
2718 939 2768 992 in
2810 952 2872 991 ea
2913 954 3102 993 murus
3144 947 3199 992 et
3236 950 3485 994 antemu-

1896 1029 2011 1084 rale
2044 1028 2177 1100 (Ixa.
2207 1027 2379 1101 xxvi),
2410 1048 2428 1080 ι
2458 1030 2508 1083 id
2541 1039 2646 1095 est,
2675 1028 2886 1084 Domini
2910 1029 3197 1098 proiectio,
3227 1037 3281 1084 et
3311 1028 3483 1084 inter-

1898 1119 2071 1173 cessio
2120 1128 2449 1185 sanctorum,
2497 1120 2589 1189 qui
2635 1121 2739 1193 iter
2789 1118 2996 1175 faciunt
3044 1120 3092 1175 ei
3147 1109 3489 1176 docendo'ad

1900 1211 2062 1265 corda
2085 1212 2438 1265 credentium.
2462 1211 2636 1267 Habet
2654 1214 2744 1267 hic
2764 1229 2952 1275 murus
2967 1222 3157 1283 portas
3177 1214 3486 1279 duodecim,

1901 1316 2020 1370 qua:
2060 1308 2229 1371 portae
2276 1301 2505 1370 apostoli
2555 1311 2713 1366 sunt,
2755 1302 2847 1370 qui
2889 1316 2989 1357 suo
3034 1302 3118 1358 vel
3152 1304 3370 1373 scripto,
3401 1302 3491 1358 vei

1899 1405 2064 1461 opere
2088 1391 2297 1447 cunctis
2322 1392 2743 1462 primordialiter
2776 1393 3025 1462 gentibus
3063 1393 3317 1448 Ecclesia:
3355 1410 3493 1472 pan:

1902 1482 2100 1538 debant
2128 1481 2429 1537 introitum.
2461 1501 2478 1534 ‹
2510 1481 2578 1536 Ει
2608 1482 2660 1536 in
2688 1482 2859 1553 portis
2889 1481 3113 1553 angulos
3137 1481 3440 1547 duodecim,
3464 1502 3489 1535 ι

1901 1574 2152 1631 doctores
2181 1575 2407 1639 scilicet,
2441 1574 2805 1644 apostolorum
2834 1574 3057 1645 vestigia
3096 1573 3217 1628 ﬁdei
3249 1582 3302 1628 et
3336 1574 3490 1630 verbi

1902 1664 2161 1736 my’sterio
2189 1648 2475 1733 sequentes
2506 1681 2519 1717 :
2554 1683 2571 1716 ‹
2603 1664 2672 1719 Et
2702 1665 2918 1731 nomina
2950 1665 3173 1735 scripta,
3210 1679 3329 1735 qua:
3358 1673 3489 1720 sunt

1904 1756 2120 1811 nomina
2166 1755 2449 1810 duodecim
2496 1754 2729 1808 ﬁliorum
2774 1754 2937 1809 Israel
2969 1754 3164 1826 (Exod.
3199 1754 3424 1827 xxvm);
3464 1775 3494 1809 ι

205 1873 331 1928 qure
360 1855 641 1912 sacriﬁciis
671 1859 924 1925 deputata
951 1863 1056 1920 est,
1088 1854 1141 1909 in
1179 1855 1314 1909 duas
1344 1854 1516 1909 tribus
1542 1853 1798 1923 Ephraim
1829 1836 1875 1895 Β
1906 1847 2223 1902 memoriam
2253 1854 2496 1900 veterum
2526 1843 2746 1899 Patrum
2780 1844 3047 1913 signiﬁcat
3073 1845 3489 1914 praedicatorum

205 1957 265 2003 et
290 1947 570 2002 Manassen
594 1938 767 2001 divisa
796 1955 902 2011 est,
945 1946 1013 2000 ad
1043 1945 1352 2016 aquilonem
1389 1952 1566 1997 autem
1603 1944 1717 1996 Dan
1746 1949 1802 1995 et

204 2039 347 2093 Aser
390 2045 446 2092 et
495 2036 828 2107 Nephtalim,
874 2050 1105 2106 quorum
1148 2034 1356 2105 primus
1402 2041 1452 2087 et
1487 2033 1681 2099 tertius
1709 2031 1803 2086 ﬁlii

201 2140 337 2186 sunt
369 2129 511 2184 Balcc
543 2129 754 2184 aneillm
792 2128 1068 2192 Rachelis,
1098 2128 1366 2183 secundus
1395 2125 1538 2180 ﬁlius
1564 2125 1802 2195 Zelphm,

202 2222 417 2278 ancillze
440 2222 549 2275 Lizc
579 2220 861 2289 ignobiles,
886 2230 938 2275 et
970 2220 1033 2274 ad
1060 2219 1367 2288 aquilonem
1397 2217 1555 2288 positi
1580 2218 1800 2288 quippe,

203 2312 297 2382 qui
330 2329 394 2365 ex
423 2311 741 2366 ancillarum
770 2311 911 2365 inter
945 2326 1003 2364 se
1035 2308 1409 2364 dissidentium
1438 2309 1609 2378 stirpe
1636 2323 1801 2377 gene-

201 2401 314 2456 rati
365 2409 509 2455 sunt.
566 2400 681 2455 IIoc
720 2400 875 2470 juxta
928 2398 1287 2452 Numerorum
1344 2397 1543 2451 librum
1591 2396 1799 2467 (Num.

202 2491 397 2559 xxxxv)
435 2499 489 2543 et
536 2488 954 2558 descriptionem
1014 2487 1381 2553 tabernaculi,
1429 2503 1548 2557 quae
1579 2479 1805 2555 jubente

204 2578 322 2637 Deo
364 2580 528 2651 Moysi
578 2595 673 2634 ore
712 2580 916 2634 dictata
952 2586 1052 2633 est.
1113 2578 1310 2633 Nostra
1339 2592 1471 2632 vero
1513 2579 1643 2633 urbs
1686 2593 1806 2653 quae

202 2680 291 2726 est
316 2691 332 2721 ι
361 2672 552 2727 civitas
576 2670 744 2743 Regis
774 2670 950 2741 magni
976 2667 1148 2741 (Paul.
1179 2668 1370 2735 χιιίι),
1393 2687 1410 2719 ε
1435 2666 1587 2735 cujus
1609 2667 1803 2723 artifex

203 2771 263 2817 et
308 2762 555 2816 conditor
587 2771 669 2815 est
709 2761 869 2825 Deus,
914 2761 982 2815 de
1024 2774 1131 2829 qua
1181 2767 1235 2814 et
1274 2758 1560 2813 Psalmista
1610 2757 1801 2811 canit:

212 2872 232 2905 ι
270 2852 543 2920 Numquid
579 2850 709 2906 Sion
755 2851 899 2905 dicet
945 2850 1130 2916 homo,
1174 2857 1227 2904 et
1264 2849 1426 2903 homo
1453 2857 1613 2903 natus
1642 2856 1725 2903 est
1750 2847 1804 2902 in

205 2963 295 3012 ea,
319 2955 375 3001 et
401 2948 514 3016 ipse
543 2946 789 3000 fundavit
824 2945 1267 3014 eamaltissimus
1295 2942 1469 3015 (Psal.
1496 2942 1739 3010 Lxxxvi),
1780 2960 1798 2993 ι

205 3040 375 3094 aliam
409 3040 571 3093 habet
609 3039 844 3092 tribuum
885 3037 938 3090 in
980 3044 1125 3090 terra
1164 3042 1353 3090 sancta
1384 3035 1803 3103 descriptionem

206 3138 262 3183 et
295 3143 607 3182 mensuram
642 3126 898 3190 civitatis,
940 3133 996 3179 et
1039 3124 1397 3194 possessionis
1441 3123 1708 3187 ordinem,
1749 3129 1806 3176 et

1904 1936 2440 1995 cordibus'insitam.
2494 1933 2649 1990 Unde
2692 1942 2748 1988 et
2792 1933 3031 2004 pontifex
3084 1935 3489 1989 tabernaculum

1902 2029 2181 2100 ingressus
2229 2026 2543 2082 memoriale
2588 2023 2808 2080 Patrum
2859 2024 2911 2079 in
2967 2025 3217 2097 rationali
3259 2028 3495 2099 pectoris

1905 2121 2045 2178 ferre
2079 2120 2321 2191 jubetur.
2371 2138 2390 2171 ι
2426 2120 2507 2174 Ab
2552 2118 2764 2174 oriente
2817 2126 2975 2173 erant
3014 2127 3186 2187 porta:
3235 2126 3377 2183 tres,
3427 2117 3496 2173 ab
3552 2133 3558 2139 ·

1904 2212 2155 2283 aquilone
2197 2218 2368 2281 portae
2415 2219 2544 2275 tres,
2597 2209 2666 2264 ab
2725 2216 2911 2263 austro
2952 2217 3122 2278 porta}
3157 2216 3289 2274 tres,
3332 2216 3387 2262 et
3427 2208 3497 2262 ab

1903 2319 2101 2359 occasu
2148 2312 2319 2372 portae
2362 2309 2489 2359 tres.
2523 2320 2540 2351 ι
2578 2298 2692 2354 llae
2724 2308 2834 2353 tam
2884 2298 3070 2354 solerti
3116 2314 3244 2353 reor
3294 2298 3497 2354 descri-

1902 2395 2086 2466 ptione
2130 2399 2410 2464 portarum
2449 2390 2766 2446 duodenarii
2805 2390 3016 2445 numeri
3056 2390 3229 2445 voluit
3258 2389 3499 2445 indicare

1904 2484 2219 2555 mysterium
2258 2504 2270 2535 :
2309 2497 2416 2552 quo
2462 2480 2795 2536 idcirco‘vel
2865 2496 3073 2535 summa
3128 2480 3498 2551 apostolorum

1904 2574 1986 2629 vel
2038 2572 2289 2628 Ecclesiae
2338 2572 2406 2626 sit
2454 2569 2682 2640 ﬁgurata
2729 2569 3014 2640 perfectio,
3062 2572 3187 2641 quia
3236 2585 3332 2639 per
3377 2586 3500 2625 eam

1906 2665 2024 2720 orbi
2048 2665 2311 2735 quadrato
2334 2670 2535 2717 sanctm
2559 2663 2845 2717 Trinitatis
2867 2670 2984 2717 erat
3013 2662 3147 2717 ﬁdes
3172 2662 3496 2717 intimanda.

1913 2773 1931 2806 ι
1966 2755 2029 2808 Et
2054 2769 2241 2808 murus
2281 2753 2518 2808 civitatis
2554 2753 2789 2807 habebat
2818 2750 3167 2807 fundamenta
3192 2751 3503 2816 duodecim,

1906 2854 1958 2900 et
1987 2845 2039 2897 in
2079 2844 2210 2913 ipsis
2248 2843 2526 2921 duodecim
2566 2842 2795 2897 nomina‘
2817 2843 3097 2898 duodecim
3130 2826 3500 2913 apostolorum

1906 2944 1959 2991 et
1986 2935 2157 3006 Agni;
2191 2954 2209 2986 ι
2240 2936 2381 3004 quod
2419 2943 2545 2989 sunt
2578 2942 2770 3003 portae,
2812 2935 2913 2990 hoc
2951 2933 3324 3002 fundamenta,
3354 2936 3501 3005 quod

1907 3027 2096 3083 civitas
2149 3026 2251 3081 hoc
2296 3040 2505 3103 murus.
2556 3024 2789 3078 Possunt
2842 3035 3020 3079 autem
3072 3033 3125 3079 et
3176 3026 3502 3095 patriarehce

1909 3118 2381 3173 fundamentorum
2421 3116 2685 3172 vocabulo
2730 3116 3021 3191 designari,
3070 3119 3161 3187 qui
3202 3118 3417 3173 nomina
3447 3118 3503 3171 in

202 3222 398 3292 plagas
449 3221 683 3274 tiihuum
729 3218 1083 3288 singularum.
1122 3216 1384 3269 Primum
1437 3215 1583 3269 enim
1632 3214 1803 3286 plaga:
1830 3200 1873 3261 Ε
1907 3225 1965 3264 se
1996 3208 2379 3279 apostolorum,
2414 3209 2478 3263 id.
2498 3216 2595 3269 est,
2635 3206 2858 3277 ﬁguram
2892 3210 3182 3273 tenuerint.
3233 3209 3339 3265 Per
3380 3209 3502 3264 illus

206 3309 480 3378 aquilonis
503 3316 872 3377 opponuntur,
902 3314 1014 3359 tres
1041 3314 1229 3374 portxe,
1272 3306 1387 3360 sive
1416 3306 1593 3359 exitus
1616 3304 1805 3358 civita-

208 3401 301 3463 tis,
332 3415 563 3470 quorum
595 3408 677 3453 est
710 3397 1100 3468 primogenilus
1126 3396 1336 3459 Ruben,
1360 3403 1415 3448 et
1450 3394 1616 3449 Iudas
1640 3395 1801 3465 regite

208 3493 400 3561 stirpis
435 3500 644 3555 auctor,
674 3499 727 3545 et
752 3491 878 3544 Levi
911 3504 1071 3558 super
1100 3487 1254 3558 cujus
1281 3489 1498 3542 nomine
1536 3489 1590 3541 in
1620 3489 1800 3542 taber-

208 3584 404 3638 naculo
451 3592 506 3637 et
553 3598 834 3636 sacrorum
867 3580 1232 3649 descriptione
1267 3578 1346 3632 nil
1374 3578 1579 3632 dictum
1610 3586 1711 3643 est,
1745 3588 1805 3633 ut

206 3673 568 3744 primogenita
596 3673 937 3741 possidentes
958 3669 1112 3739 quasi
1140 3684 1308 3740 genus
1336 3667 1514 3738 regale
1537 3676 1593 3722 et
1619 3683 1803 3723 sacer-

205 3765 409 3829 dotale,
434 3764 703 3835 aquilonis
730 3765 931 3833 frigora
949 3769 1377 3817 contemnamus.
1404 3760 1653 3823 Secundo
1679 3775 1804 3814 vero

205 3858 277 3913 ad
308 3857 574 3911 orientem
607 3864 685 3911 est
708 3854 927 3923 Joseph,
958 3852 1236 3922 Beniamin
1270 3862 1324 3907 et
1354 3850 1491 3916 Dan,
1522 3851 1680 3904 ambo
1713 3850 1804 3904 ﬁlii

204 3949 414 4006 Rachel
443 3959 497 4003 et
526 3964 662 4002 unus
688 3946 831 4001 Bake
870 3945 1074 3999 ancillie
1100 3944 1236 4014 ejus,
1272 3945 1339 3998 ad
1368 3942 1649 3998 meridiem
1678 3956 1813 3997 vero.

212 4040 461 4102 Simeon,
512 4038 779 4100 Issachar,
807 4035 1067 4099 Zabulon,
1098 4035 1189 4103 qui
1237 4042 1345 4087 tres
1374 4033 1485 4087 Liae
1527 4032 1622 4086 lilii
1656 4040 1802 4085 sunt.

204 4129 381 4185 Porro
435 4129 502 4182 ad
545 4128 883 4182 occidentem
924 4124 1073 4189 Gad,
1117 4125 1288 4188 Aser,
1340 4133 1395 4177 et
1447 4122 1751 4191 Nephtalim
1790 4140 1801 4174 :

206 4233 442 4290 quorum
471 4218 679 4286 priores
710 4219 814 4270 duo
860 4214 953 4267 ﬁlii
991 4214 1204 4283 Zelphae
1243 4219 1369 4267 sunt
1411 4212 1616 4265 ancillae
1644 4210 1753 4265 Lite
1790 4227 1801 4263 :

207 4310 407 4364 tertius
436 4308 576 4362 ﬁlius
598 4306 738 4360 Baiae
765 4305 969 4359 ancilla:
996 4304 1246 4359 Rachelis
1272 4322 1284 4357 :
1320 4323 1338 4354 ι
1364 4302 1496 4370 Quis
1515 4304 1731 4372 sapiens
1754 4308 1810 4356 et

208 4398 462 4466 intelligit
511 4397 646 4460 lucc,
690 4394 995 4463 intelligens
1037 4402 1090 4447 et
1121 4399 1409 4462 cognoscet
1444 4392 1542 4445 ea?
1578 4412 1595 4443 ›
1630 4388 1800 4460 (Psal.

207 4490 344 4549 cu.)
379 4490 512 4553 Quia
548 4496 707 4540 recta:
732 4485 834 4539 vite
863 4485 1073 4537 Domini
1113 4484 1319 4554 etjusti
1368 4482 1719 4537 ambulabunt
1752 4481 1803 4534 in

1906 3301 2047 3356 enim
2100 3300 2323 3354 fundata
2373 3300 2487 3352 haec
2534 3298 2758 3363 civitas,
2803 3298 3051 3367 quamvis
3084 3314 3182 3367 per
3226 3299 3504 3368 apostolos

1903 3392 2055 3463 quasi
2098 3406 2195 3461 per
2235 3398 2420 3461 portas
2467 3390 2629 3444 latius
2668 3389 2959 3444 credituris
2994 3390 3067 3443 sit
3107 3400 3295 3460 aperta
3327 3391 3500 3446 natio-

1904 3484 2080 3538 nibus.
2131 3484 2198 3537 Et
2248 3482 2573 3546 notandum,
2624 3481 2766 3551 quod
2809 3480 3329 3549 fundamentacum
3385 3482 3536 3552 plur

1906 3577 2090 3631 raliter
2122 3577 2388 3637 dicantur,
2440 3575 2692 3628 doctores
2742 3572 2823 3627 vel
2866 3572 3092 3626 virtutes
3138 3554 3396 3627 Ecclesia:
3432 3573 3503 3628 si-

1905 3668 2163 3739 gniﬁcant
2192 3687 2203 3721 :
2234 3683 2354 3720 cum
2392 3680 2521 3720 vero
2564 3664 2931 3735 singulariter,
2977 3664 3154 3733 ipsum
3192 3662 3501 3733 signiﬁcare

1907 3761 2211 3823 Dominum,
2266 3758 2355 3827 qui
2409 3765 2492 3811 est
2536 3754 2951 3808 fundamentum
3002 3752 3498 3807 fundamentorum.

1907 3848 2174 3923 (Hieron)
2204 3849 2267 3902 Et
2312 3862 2530 3901 necesse
2580 3856 2662 3901 est
2692 3853 2751 3900 ut
2781 3846 2902 3900 talis
2955 3846 3147 3901 civitas
3202 3829 3391 3900 decem
3441 3853 3496 3901 et

1906 3953 2028 3997 octo
2075 3940 2299 3995 millium
2332 3955 2429 4009 per
2456 3939 2741 3993 circuitum
2776 3948 2957 3993 teneat
2987 3938 3321 3996 calamorum
3344 3980 3357 4004 ,
3396 3937 3500 3994 sub

1908 4050 2012 4104 quo
2042 4047 2266 4087 numero
2284 4041 2361 4101 get
2413 4032 2464 4084 in
2496 4030 2935 4085 duodevicesimo
2965 4029 3173 4100 psalmo
3212 4030 3298 4084 lex
3351 4039 3502 4085 natu-

1908 4124 2035 4204 raiis
2078 4132 2132 4176 et
2160 4122 2360 4189 scripta
2389 4120 2672 4190 gratiaque
2702 4118 2981 4189 Evangelii
3013 4118 3357 4183 describitur,
3381 4119 3502 4188 qui-

1908 4216 2005 4269 bus
2034 4214 2297 4278 Ecclesia,
2331 4214 2383 4269 id
2418 4221 2521 4278 est,
2565 4214 2695 4266 urbs
2743 4211 3041 4266 Salvatoris
3092 4220 3367 4265 exstructa
3393 4221 3495 4266 est.

1908 4307 2111 4379 Nomen
2155 4322 2368 4375 quoque
2414 4306 2583 4375 ipsius
2609 4305 2848 4360 civitatis
2903 4318 3244 4372 nequaquam
3282 4303 3388 4357 erit
3440 4309 3501 4357 ut

1910 4397 2059 4467 prius
2095 4396 2484 4467 Hierosolyma,
2525 4410 2645 4465 qua:
2696 4396 3088 4464 interpretatur
3138 4395 3263 4447 visio
3310 4396 3498 4463 pacis:

1910 4490 2003 4544 sed
2034 4490 2339 4543 Adonaisan
2386 4487 2811 4559 [Adonaisama],
2842 4488 2985 4557 quod
3010 4488 3063 4543 in
3094 4474 3346 4541 Latinum
3384 4502 3501 4543 ser-

208 4582 313 4642 eis,
360 4597 375 4628 t
408 4572 849 4646 praevaricatores
889 4585 1069 4629 autem
1118 4580 1373 4629 corruent
1411 4573 1466 4625 in
1505 4572 1609 4626 illis
1654 4571 1802 4641 (Ose.
1838 4545 1884 4605 ί)
1914 4595 2125 4634 manem
2154 4580 2384 4633 vertitur
2435 4578 2693 4631 Dominus
2742 4578 2956 4655 ibidem,
2984 4578 3073 4647 qui
3110 4593 3385 4647 nunquam
3414 4594 3503 4633 rc-

211 4670 347 4743 siv).
374 4692 391 4723 ›
430 4670 539 4724 llas
567 4670 848 4724 duodecim
880 4676 1063 4739 portas
1090 4668 1202 4723 sive
1228 4667 1405 4721 exitus
1425 4680 1523 4743 pro
1547 4662 1806 4732 qualitate

208 4741 535 4817 meritorum
586 4769 746 4827 atque
799 4758 1059 4813 virtutum
1119 4755 1345 4827 singulis
1400 4741 1645 4809 tribubus
1705 4754 1805 4808 sub

211 4850 528 4921 apostolicis
579 4859 632 4904 et
684 4836 1121 4920 patriarcharum
1196 4848 1505 4902 nominibus
1569 4835 1806 4899 arbitror

208 4928 508 5014 delegatos,
550 4942 615 4995 de
656 4942 850 5012 quibus
885 4952 939 4994 et
975 4942 1026 4994 in
1055 4938 1375 5010 Apocalypsi
1404 4937 1627 4992 Joannis
1655 4952 1807 5006 aper-

212 5034 322 5089 tius
347 5032 625 5096 scribitur,
655 5041 707 5086 et
744 5030 907 5084 multa
940 5030 1241 5085 divinarum
1282 5027 1685 5097 Scripturarum
1718 5041 1803 5079 sa-

211 5132 497 5181 cramenta
544 5132 829 5178 testantur.
865 5121 1098 5192 (Beda.)
1127 5120 1261 5174 Nam
1300 5128 1354 5175 et
1392 5112 1450 5172 in
1481 5116 1802 5188 Apocalypsi

212 5218 283 5273 de
313 5218 400 5271 his
432 5217 608 5286 portis
637 5216 878 5286 mysticae
901 5214 1137 5268 civitatis
1168 5212 1261 5267 Dei
1294 5213 1365 5266 ita
1394 5212 1653 5281 scriptum
1680 5218 1799 5265 est:

220 5328 241 5361 ι
274 5309 344 5364 Et
372 5307 609 5360 habebat
633 5320 843 5359 murum
872 5320 1130 5375 magnum
1155 5312 1206 5358 et
1230 5304 1397 5358 altum
1425 5302 1657 5357 habebat
1681 5316 1805 5371 por-

211 5408 303 5456 tas
351 5397 652 5460 duodecim,
705 5406 760 5452 et
802 5398 855 5451 in
906 5396 1076 5466 portis
1119 5397 1344 5468 angulos
1391 5382 1691 5458 duodecim,
1749 5401 1804 5447 et;

212 5491 437 5545 nomina
465 5489 687 5557 scripta,
712 5504 831 5557 quas
856 5496 982 5545 sunt
1007 5488 1225 5541 nomina
1255 5486 1537 5541 duodecim
1566 5486 1801 5539 tribuum

213 5580 453 5635 ﬁliorum
498 5578 681 5642 Israel,
726 5580 793 5633 ab
828 5579 1036 5633 oriente
1076 5584 1245 5646 porta:
1289 5586 1417 5635 tres,
1446 5576 1514 5628 ab
1554 5574 1803 5644 aquilone

214 5683 388 5747 porta:
417 5683 551 5738 tres,
586 5679 640 5725 et
680 5673 747 5727 ab
793 5680 977 5728 austro
1008 5679 1175 5741 porta:
1223 5680 1352 5734 tres,
1401 5679 1454 5724 et
1501 5669 1569 5723 ab
1604 5684 1799 5722 occasu

218 5772 391 5836 porta:
421 5772 575 5818 tres:
615 5771 667 5817 et
704 5777 891 5817 murus
926 5762 1159 5816 civitatis
1207 5762 1413 5816 habens
1454 5759 1797 5814 fundamenta

1911 4669 2064 4723 cedat
2089 4668 2156 4722 ab
2188 4684 2273 4732 ea,
2307 4676 2365 4721 ut
2399 4683 2427 4721 a
2458 4668 2625 4737 priori
2674 4666 2868 4736 populo
2894 4677 3019 4722 ante
3042 4668 3291 4723 discessit
3314 4669 3499 4727 dicens

1911 4761 1977 4813 ad
2034 4759 2325 4829 discipulos
2374 4775 2385 4810 :
2458 4775 2476 4807 ι
2524 4757 2776 4828 Surgite,
2832 4758 3089 4813 abeamus
3136 4759 3264 4814 hinc
3315 4758 3494 4830 (Joan.

1910 4850 2043 4920 xw).
2098 4870 2116 4901 ι
2158 4850 2225 4903 Et
2267 4850 2334 4903 ad
2378 4846 2633 4903 Judtcos:
2669 4867 2685 4900 ι
2724 4842 3086 4919 Relinquetur
3128 4850 3280 4905 vobis
3308 4851 3499 4905 domus

1908 4951 2090 4996 vestra
2132 4935 2345 4995 deserta
2397 4938 2548 5009 (Luc.
2598 4938 2740 5008 xm),
2786 4956 2806 4989 ι
2842 4939 2937 4992 sed
2990 4946 3247 5005 aeternam
3300 4938 3499 4993 habeat

1906 5031 2326 5099 possessionem,
2342 5037 2397 5083 et
2421 5030 2493 5085 sit
2506 5030 2553 5083 ei
2574 5030 2686 5098 ipse
2700 5029 2988 5098 possessio,
3007 5030 3198 5085 iisdem
3221 5028 3499 5100 discipulis

1908 5123 2291 5194 repromittens
2320 5142 2332 5176 :
2370 5140 2387 5173 ί
2434 5122 2571 5176 Ecce
2611 5136 2711 5193 ego
2739 5122 3022 5176 vobiscum
3056 5138 3225 5192 usque
3255 5123 3321 5176 ad
3366 5137 3470 5177 con

1909 5214 2325 5269 summationem
2367 5213 2548 5268 sarculi
2579 5212 2795 5284 (Matth.
2853 5212 3075 5281 xxviii),
3122 5232 3141 5264 ›
3187 5223 3242 5267 et
3284 5213 3376 5281 qui
3426 5214 3495 5267 ad

1911 5307 2127 5361 Patrem
2162 5307 2386 5376 loquens
2412 5307 2485 5359 ait
2519 5323 2531 5359 :
2574 5325 2591 5355 ι
2630 5306 2792 5359 Pater
2817 5320 2954 5375 quos
2984 5305 3177 5359 dedisti
3206 5306 3341 5359 mihi
3374 5305 3495 5360 volo

1911 5407 1969 5451 ut
1996 5395 2083 5449 ubi
2120 5411 2220 5466 ego
2241 5412 2382 5460 sum,
2413 5404 2465 5450 et
2490 5394 2566 5449 illi
2595 5396 2704 5449 sint
2734 5410 2967 5461 mecum,
2994 5402 3053 5448 ut
3091 5395 3313 5449 videant
3335 5394 3497 5450 clari-

1912 5495 2077 5541 tatem
2098 5502 2293 5552 meam,
2330 5501 2495 5556 quam
2541 5486 2736 5541 dedisti
2775 5486 2931 5551 mihi,
2965 5486 3092 5555 quia
3121 5486 3357 5540 dilexisti
3409 5501 3495 5542 me

1910 5585 2035 5630 ante
2059 5576 2499 5631 constitutionem
2545 5576 2729 5634 mundi
2756 5574 2934 5648 (Joan.
2963 5574 3115 5647 xvii).
3148 5596 3165 5627 ι
3200 5575 3492 5649 (Μιυιιυε.)

1910 5667 1985 5722 De
2006 5668 2107 5724 hac
2139 5683 2267 5739 ergo
2288 5667 2619 5723 beatitudine
2647 5667 2871 5722 visionis
2894 5666 3013 5734 Dei,
3044 5669 3133 5724 ubi
3171 5670 3341 5724 sancti
3366 5660 3489 5723 cum

1913 5760 2139 5818 Domino
2184 5762 2492 5833 gaudebunt
2556 5761 2608 5815 in
2652 5768 2949 5823 aeternum,
2990 5767 3048 5814 et
3093 5759 3159 5814 de
3204 5759 3488 5828 przcscntia
