3924 6340
445 362 584 419 Ιυ85

1084 362 1146 418 Β.
1185 360 1439 418 ΒΑΒΑΝΙ
1478 360 1699 418 MAURI
1736 359 2058 418 ARCHIEP.
2100 360 2416 420 MOGUNT.
2455 360 2742 419 OPERUM
2774 360 2956 418 PARS
2991 359 3053 416 Il.

3565 362 3711 421 ίοει

443 476 579 546 ejus,
604 476 722 533 sinc
742 474 1053 533 cessatione
1090 486 1146 533 et
1180 477 1384 547 absque
1425 477 1532 531 ullo
1559 474 2018 531 termino'laztan—
2049 480 2102 541 Α
2126 476 2244 532 sine
2284 476 2507 532 lzesione
2524 484 2724 532 nostra:
2754 476 3104 533 beatitudinis
3142 478 3568 535 recordablmur.
3600 477 3726 535 Ple-

445 575 551 627 tur,
586 565 760 635 qualis
803 566 894 631 sit,
926 565 1213 620 Psalmista
1260 566 1495 637 explicat
1540 565 1770 620 dicens:
1807 583 1825 616 ι
1871 562 2024 620 Beati

445 656 535 724 qui
564 656 809 711 habitant
832 657 885 710 in
906 656 1066 712 domo
1092 668 1199 723 tua,
1220 658 1465 723 Domine,
1481 659 1534 711 in
1563 656 1818 712 sazculum
1843 656 2027 712 saaculi

444 747 739 803 laudabunt
761 746 1002 821 te(Psal.
1029 749 1291 822 unm);
1324 770 1341 803 ι
1373 765 1497 803 nam
1530 749 1576 804 si
1603 750 1791 804 beatus
1819 750 1907 803 hic
1932 749 2026 801 ba-

445 845 605 891 Detur
631 837 718 893 cui
748 837 815 891 ad
843 848 1053 907 tempus
1082 838 1263 892 omnia
1310 838 1547 893 secunda
1576 838 1890 907 procedunt,
1930 850 2028 891 nec

444 926 622 997 aliqua
646 928 972 983 adversitate
996 931 1323 994 concutitur,
1351 928 1479 998 quid
1502 930 1566 984 de
1587 929 1674 983 illa
1697 929 2029 984 beatitudine

444 1018 767 1085 sentiemus,
798 1019 886 1075 cui
919 1035 1019 1074 nec
1064 1021 1117 1075 in
1166 1021 1423 1090 qualitate
1466 1035 1567 1075 nec
1605 1021 1658 1075 in
1692 1020 2030 1090 percnnitate

443 1108 736 1177 quidquam
767 1111 942 1166 simile
976 1114 1273 1183 reperitur?
1321 1113 1428 1168 Sed
1458 1114 1581 1182 quia
1620 1114 1870 1167 humanis
1910 1128 2031 1168 ver-

444 1199 527 1254 bis
574 1202 678 1256 hoc
726 1202 928 1257 bonum
978 1219 1083 1259 non
1114 1214 1291 1274 potest
1338 1205 1614 1275 explicari,
1661 1215 1839 1259 tamen
1888 1205 2029 1259 unde

444 1291 725 1361 proveniat
752 1308 860 1347 non
886 1303 1113 1360 tacetur,
1129 1296 1258 1351 dicit
1284 1297 1427 1350 enim
1457 1313 1513 1350 ει
1536 1296 1852 1351 Laudabunt
1877 1306 1926 1350 te
1958 1314 1971 1347 :
2006 1316 2024 1348 ι

444 1382 573 1439 Inde
602 1394 684 1440 est
732 1388 929 1457 quippe
978 1389 1066 1443 illa
1114 1390 1391 1446 beatitudo
1418 1392 1717 1457 mirabilis,
1764 1407 1925 1461 quam
1974 1400 2033 1446 ut

443 1482 700 1529 teternam
725 1476 1069 1546 intelligeres,
1094 1478 1319 1548 subjecit
1347 1498 1357 1533 :
1382 1500 1399 1531 ‹
1429 1480 1486 1534 1η
1518 1481 1769 1535 sacculum
1789 1480 2025 1535 surculi.»

446 1560 552 1617 Sed
583 1564 757 1632 qualis
786 1581 917 1635 rogo
953 1567 1096 1622 illius
1126 1569 1310 1623 saeculi
1342 1578 1571 1625 ventura
1599 1570 1785 1624 laztitia
1816 1579 1920 1636 est,
1945 1570 2034 1625 ubi

445 1654 663 1709 dabitur
692 1657 910 1727 cupiose
940 1660 1197 1729 gaudere,
1238 1670 1295 1716 et
1338 1678 1615 1733 nunquam
1654 1664 1722 1716 ab
1767 1677 1831 1717 ea
1876 1677 2035 1733 posse

442 1745 758 1803 discedere?
791 1748 960 1805 Electi
994 1765 1125 1822 ergo
1171 1767 1380 1817 omnes,
1415 1753 1604 1808 laudes
1644 1762 1697 1807 et
1726 1754 2035 1810 misericor—

2131 580 2357 635 rumque
2401 565 2544 621 enim
2597 565 2981 621 incolumitatis
3004 574 3245 637 tempore
3292 569 3362 623 ad
3398 570 3721 624 memoriam

2129 657 2345 714 dolores
2383 657 2684 727 praeteritos
2738 658 2856 713 sine
2894 656 3081 712 dolore
3123 656 3463 725 reducimus,
3518 668 3577 714 et
3600 674 3713 730 quo

2128 763 2302 819 aegros
2356 747 2685 812 recolimus,
2746 760 2811 801 eo
2879 762 2980 803 nos
3042 747 3340 803 incolumes
3386 749 3507 818 plus
3571 765 3723 804 ama-

2129 854 2268 893 mus.
2338 838 2430 895 Sic
2471 853 2599 910 ergo
2654 839 2759 893 erit
2812 847 2867 893 et
2927 839 2981 894 in
3024 840 3115 894 illa
3150 841 3483 897 beatitudine
3547 841 3722 909 culpa:

2130 929 2411 994 memoria,
2440 944 2547 983 non
2582 942 2703 998 qua:
2736 936 2919 984 mente
2964 928 3184 999 polluat,
3214 932 3308 985 sed
3355 945 3475 1000 quat:
3516 929 3721 984 laetitiae

2132 1019 2333 1073 arctius
2383 1018 2667 1088 astringat,
2712 1025 2771 1072 ut
2828 1018 2958 1072 dum
2998 1018 3198 1074 doloris
3236 1020 3320 1074 sui
3363 1020 3578 1075 animus
3602 1020 3723 1074 sine

2132 1108 2316 1164 dolore
2341 1110 2726 1173 reminiscitur,
2753 1109 2877 1164 inde
2902 1125 2961 1165 se
2988 1111 3056 1165 ad
3080 1111 3288 1180 gratias
3328 1112 3591 1183 agendas,
3620 1110 3721 1166 rie-

2130 1203 2365 1258 bitorem
2396 1203 2514 1257 ﬁeri
2542 1218 2640 1258 suo
2661 1203 2873 1258 medico
2911 1203 3095 1259 verius
3136 1203 3391 1269 fateatur,
3426 1214 3487 1257 ut
3507 1218 3575 1258 eo
3603 1218 3722 1257 ma-

2132 1296 2215 1367 gis
2236 1303 2513 1365 acceptam
2543 1295 2773 1350 salutem
2814 1294 3025 1365 diligat,
3072 1310 3179 1364 quo
3210 1296 3276 1350 de
3318 1295 3571 1350 molestia
3616 1308 3723 1349 me.

2133 1386 2291 1440 minit
2334 1386 2465 1454 quid
2501 1385 2694 1439 evasit.
2722 1385 2782 1439 In
2817 1393 3081 1441 aeternum
3103 1400 3234 1456 ergo
3257 1385 3473 1440 laudem
3502 1384 3721 1439 miseri-

2134 1479 2327 1533 cordiae
2368 1478 2641 1549 largitoris
2683 1478 2856 1533 nostri
2908 1477 3216 1542 referimus,
3264 1486 3320 1532 et
3372 1492 3723 1547 nequaquam

2135 1570 2367 1624 miserim
2394 1568 2723 1623 conscientia
2753 1582 3082 1639 gravantur:
3116 1568 3245 1636 quia
3284 1568 3413 1621 dum
3448 1567 3592 1621 mala
3628 1582 3726 1621 no—

2135 1668 2247 1715 stra
2278 1660 2396 1714 sine
2435 1659 2615 1728 aliquo
2655 1658 2853 1713 mentis
2895 1657 3038 1711 malo
3085 1658 3444 1727 respicimus;
3497 1665 3554 1713 et
3588 1672 3724 1711 nun-

2137 1766 2297 1820 quam
2358 1753 2483 1815 crit,
2535 1750 2677 1819 quod
2716 1750 2883 1803 corda
2924 1748 3263 1803 laudantium
3308 1747 3377 1801 de
3432 1749 3724 1801 transactis

441 1833 559 1889 dias
591 1836 803 1893 Domini
830 1838 1001 1896 libere
1027 1842 1081 1895 in
1117 1846 1421 1899 atternitate
1446 1846 1763 1911 cantabunt,
1797 1844 1885 1899 ubi
1922 1846 2034 1916 jam
2064 1862 2111 1921 Β
2140 1841 2515 1910 iniquitatibus
2550 1839 2773 1910 polluat,
2803 1846 2860 1893 et
2897 1853 3112 1909 semper
3147 1841 3274 1903 erit,
3312 1838 3460 1907 quod
3504 1840 3623 1893 haec
3660 1838 3722 1892 ad

442 1925 508 1980 de
536 1929 742 1997 peccati
772 1931 929 1985 venia
960 1932 1205 1989 dubietas
1233 1950 1341 1990 non
1365 1937 1484 2001 erit,
1519 1937 1610 1991 ubi
1644 1936 1760 2005 jam
1785 1952 2031 1992 securam

441 2026 677 2075 mentem
710 2020 880 2093 culpm
926 2040 1038 2078 suae
1068 2028 1330 2081 memoria
1378 2044 1486 2083 non
1543 2029 1763 2095 addicit,
1794 2012 2032 2084 ubi'non

440 2111 541 2165 sub
573 2119 725 2165 reatu
766 2112 979 2168 animus
1011 2117 1263 2186 trepidat,
1313 2119 1409 2173 sed
1438 2118 1556 2187 ejus
1603 2119 1935 2191 indulgentia
1975 2120 2035 2174 li-

438 2196 538 2252 ber
562 2198 818 2254 exsultat.
853 2200 987 2256 Nam
1018 2204 1063 2257 si
1106 2204 1158 2257 in
1198 2205 1287 2260 illa
1316 2214 1516 2261 aeterna
1548 2208 1658 2262 vita
1689 2208 1850 2262 homo
1889 2207 2032 2263 nulla

440 2287 649 2357 peccati
697 2290 957 2345 memoria
1008 2294 1269 2364 tangitur,
1299 2305 1547 2366 ereptum
1578 2312 1637 2351 se
1665 2296 1807 2351 unde
1852 2305 2035 2368 gratu-

440 2375 621 2429 latur?
651 2382 744 2430 aut
773 2380 1045 2446 quomodo
1070 2380 1313 2451 largitori
1339 2384 1544 2455 gratias
1578 2384 1746 2440 refert
1782 2386 1847 2440 de
1878 2386 2034 2441 venia

438 2458 602 2537 quam
633 2468 863 2535 accepit,
895 2469 939 2523 si
988 2471 1388 2528 interveniente
1431 2476 1704 2533 oblivione
1748 2486 2035 2533 transacta:

438 2558 697 2627 nequitia:
723 2571 844 2611 esse
871 2573 929 2613 se
959 2575 1132 2629 pmnre
1162 2562 1463 2620 debitorem
1491 2567 1687 2631 nescit,
1714 2576 1769 2621 et
1798 2567 1843 2621 si
1870 2567 2033 2623 mise-

439 2647 536 2703 ria:
568 2655 857 2702 transacta:
887 2664 993 2703 non
1033 2654 1305 2718 meminit,
1351 2656 1496 2710 unde
1526 2671 1626 2725 pro
1654 2657 1906 2728 largitate
1930 2657 2030 2710 mi-

438 2739 748 2795 sericordiae
797 2740 983 2796 laudes
1040 2744 1268 2799 reddit?
1326 2746 1687 2814 Quaerendum
1744 2763 1873 2819 ergo
1930 2758 2034 2812 est,

436 2834 707 2901 quomodo
748 2835 1042 2891 electorum
1073 2852 1229 2891 mens
1263 2840 1508 2906 perfecta
1550 2854 1670 2894 esse
1712 2838 1766 2891 in
1802 2838 2035 2893 beatitu-

435 2921 563 2977 dine
600 2916 800 2995 possit;
835 2930 880 2982 si
911 2928 1052 2983 hanc
1087 2928 1227 2982 inter
1253 2930 1447 2998 gaudia
1492 2930 1754 2985 memoria
1794 2932 1876 2985 sui
1902 2945 2028 2985 rea-

442 3021 527 3068 tus
581 3018 784 3087 tangit?
835 3028 927 3072 aut
969 3021 1239 3087 quomodo
1296 3020 1547 3090 perfect-.e
1601 3021 1735 3076 lucis
1784 3022 2039 3077 clarescit

436 3104 637 3173 gloria,
687 3124 850 3177 quam
884 3112 1104 3165 reducta
1151 3112 1219 3166 ab
1273 3114 1456 3166 animo
1504 3113 1794 3167 obumbrat
1844 3112 2037 3184 culpa?

2138 1932 2351 1987 laudem
2399 1929 2705 1985 liberatoris
2758 1930 3039 1985 accendat.
3093 1928 3231 1983 Hinc
3265 1944 3484 1999 quoque
3528 1927 3724 1981 Paulus

2136 2024 2414 2096 apostolus
2446 2023 2883 2094 Philippensibus
2915 2023 2992 2077 ait
3036 2041 3048 2076 :
3100 2041 3119 2073 α
3148 2021 3343 2077 Nostra
3383 2021 3722 2077 conversatio

2136 2116 2191 2170 in
2232 2115 2386 2171 ctelis
2432 2122 2555 2171 est:
2588 2115 2729 2169 unde
2756 2115 2922 2168 etiam
2964 2113 3297 2168 Salvatorem
3341 2120 3721 2180 exspectamus

2134 2209 2318 2265 Jesum
2349 2208 2647 2271 Christum,
2679 2206 2773 2277 qui
2822 2205 3141 2260 reformavit
3177 2219 3377 2275 corpus
3402 2201 3720 2259 humilitatis

2135 2307 2354 2363 nostrae,
2384 2298 2779 2368 eontiguratum
2807 2295 3022 2364 corpori
3050 2294 3319 2349 claritatis
3350 2308 3463 2347 sua:
3499 2289 3717 2364 (Philip.

2136 2389 2243 2461 tu).
2273 2407 2291 2440 ι
2323 2388 2496 2442 Erunt
2534 2387 2679 2441 enim
2709 2394 2841 2441 tunc
2866 2386 3163 2440 electorum
3203 2399 3434 2454 corpora
3477 2383 3721 2438 claritate

2136 2478 2401 2534 Dominici
2425 2477 2675 2548 corporis
2722 2476 3089 2546 conﬁgurata;
3126 2489 3245 2544 quae
3304 2474 3406 2528 etsi
3451 2469 3723 2542 aequalita-

2138 2575 2248 2623 tem
2288 2566 2475 2638 gloria:
2512 2563 2629 2634 ejus
2658 2580 2767 2619 non
2809 2564 3012 2618 habent
3044 2576 3143 2633 per
3182 2570 3473 2627 naturam,
3538 2559 3721 2615 simili-

2138 2658 2380 2713 tudinem
2423 2668 2602 2711 tamen
2637 2654 3079 2726 conﬁgurationis
3106 2653 3446 2721 habent-per
3470 2652 3715 2722 gratiam.

2139 2748 2274 2816 Quia
2320 2749 2504 2817 itaque
2545 2746 2842 2802 similitudo
2872 2744 2988 2815 ejus
3034 2744 3160 2798 vita:
3210 2741 3442 2797 nuncin
3481 2740 3721 2796 moribus

2138 2840 2375 2893 trahitur
2401 2838 2714 2901 electorum,
2764 2846 2894 2891 tunc
2938 2836 2990 2889 in
3036 2833 3440 2889 resurrectione
3478 2830 3719 2900 sequitur

2140 2928 2435 2984 similitudo
2460 2928 2784 2983 mternitatis
2824 2928 2881 2981 in
2930 2934 3147 2991 mente;
3178 2924 3437 2994 quoniam
3466 2942 3484 2973 ι
3522 2922 3721 2975 videbi-

2140 3035 2260 3076 mus
2282 3036 2403 3075 cum
2434 3020 2594 3074 sicuti
2632 3028 2714 3073 est
2753 3018 2805 3088 (Ι
2830 3018 2992 3072 Joan.
3020 3016 3124 3087 lli),
3161 3035 3180 3069 ι
3224 3015 3452 3083 etjuxta
3481 3012 3716 3080 Prophe-

2142 3119 2250 3165 tam
2278 3130 2291 3164 :
2321 3128 2338 3161 ι
2368 3109 2793 3179 Adimplebimur
2814 3108 2999 3163 laetitia
3022 3122 3145 3173 eum
3172 3107 3322 3160 vultu
3349 3121 3468 3169 suo,
3492 3104 3720 3159 delecta-

437 3192 545 3249 Sed
597 3199 876 3254 sciendum
937 3209 1036 3266 est,
1083 3203 1209 3271 quia
1258 3203 1399 3257 sicut
1437 3218 1579 3273 saepe
1602 3218 1745 3258 nunc
1800 3204 2037 3258 tristium
2066 3212 2110 3275 ρ
2142 3203 2424 3271 tionesque
2450 3211 2647 3257 nostra:
2670 3200 2908 3255 eruntin
2950 3200 3173 3254 dextera
3197 3196 3314 3265 ejus
3352 3210 3523 3266 usque
3562 3195 3616 3248 iu
3642 3194 3717 3255 (li-

437 3284 551 3342 laeti
618 3291 1058 3358 reminisdmur,
1113 3295 1186 3347 ita
1229 3310 1370 3350 nunc
1430 3304 1715 3351 transacta
1774 3296 2031 3365 nequitia:

644 3448 917 3459 -——___.._

928 3452 1119 3460 ...αδ-η-

1748 3454 1999 3464 “.—

445 3442 865 3475 W—

2008 3454 2186 3464 ——_—

2138 3308 2262 3349 nem
2299 3292 2472 3363 (Paul.
2497 3290 2609 3363 xv).
2649 3310 2666 3343 ›

3600 3442 3695 3450 ον..-

3600 3443 3695 3450 η.

1047 3610 1618 3724 BEATI
1696 3613 2447 3725 RABANI
2519 3610 3131 3723 MAUBI

1172 3821 1558 3880 FULDENSIS
1597 3823 1889 3882 ABBATIS
1926 3826 2017 3879 ET
2056 3825 2437 3882 MOGUNTINI
2472 3823 2991 3883 ARCIIIEPISCOPI

1797 4003 1879 4043 AD
1926 4003 2327 4045 IllJMBliRTU“

836 4212 839 4213 γ
933 4140 1249 4214 QUOTA
1301 4141 1965 4222 GENERATJONE
2030 4146 2418 4205 LICITUM
2474 4146 2617 4205 SIT
2674 4142 3215 4206 CONNUBIUM

1670 4312 2028 4369 EPISTULA.
2073 4312 2279 4382 (ANNO
2317 4314 2470 4384 84:3.)

1888 4481 2280 4497 -πο--σ-

512 4570 741 4628 Domino
763 4581 887 4622 vere
909 4574 1096 4620 sancto
1120 4580 1183 4619 ac
1208 4564 1521 4619 beatissimo
1543 4563 1690 4617 Patri
1717 4563 2016 4619 lluuasnro
2046 4568 2094 4627 D
2126 4567 2329 4619 titatem
2370 4564 2591 4635 negotii,
2633 4564 2871 4619 breviter
2903 4565 3151 4633 respondi
3180 4584 3193 4619 :
3235 4566 3379 4635 quod
3412 4575 3563 4623 tanta
3598 4582 3701 4634 res,

440 4663 613 4736 gratia
652 4661 743 4715 Dei
785 4660 1056 4729 episcopo,
1098 4656 1368 4719 Russus,
1406 4656 1701 4709 vilissimus
1744 4671 2027 4710 servorum

445 4753 537 4807 Dci
569 4766 779 4813 servus,
810 4750 863 4801 in
894 4747 1111 4803 Christo
1144 4748 1392 4801 salutem.

512 4843 690 4910 Nuper
736 4848 1001 4895 venerunt
1051 4839 1117 4891 ad
1154 4854 1238 4891 tne
1279 4838 1472 4891 littera:
1518 4838 1582 4890 de
1622 4845 1710 4890 tua
1737 4838 2028 4891 sanctitate

442 4934 683 4996 directae,
714 4950 833 5001 quxe
863 4932 1003 4986 inter
1030 4930 1133 4983 alia
1162 4946 1227 4983 ex
1259 4930 1454 5000 quibus
1493 4946 1705 4983 mecum
1736 4939 1825 4982 tua
1863 4930 2025 4983 dilec-

442 5024 519 5080 tio
536 5024 778 5077 decrevit
802 5030 1029 5084 tentarc,
1055 5020 1401 5075 continebant
1424 5022 1487 5074 de
1511 5021 1713 5090 nuptiis
1740 5038 1752 5073 :
1782 5029 1839 5073 ut
1861 5028 2025 5089 quota

442 5116 794 5185 generatione
830 5113 1129 5181 legitimum
1169 5128 1289 5166 esse
1330 5121 1532 5181 posset,
1579 5112 1672 5164 tibi
1712 5112 2023 5165 edicerem:

443 5208 536 5262 ubi
576 5216 629 5260 et
674 5207 1140 5261 commemorabas
1169 5214 1221 5257 te
1268 5205 1511 5273 quedam
1560 5205 1789 5273 capitula
1832 5205 2026 5272 legisse

440 5314 594 5368 papte
613 5298 861 5367 Gregorii
891 5297 957 5350 ad
980 5296 1340 5365 Augustinum
1370 5295 1545 5365 gentis
1594 5295 1885 5361 Anglorum
1915 5295 2026 5363 epi-

441 5404 665 5458 scopum
716 5407 727 5439 :
779 5402 879 5441 nec
920 5402 1026 5440 non
1066 5394 1122 5441 et
1160 5386 1377 5439 decreta
1421 5386 1697 5440 Zacharia:
1737 5389 1801 5439 dc
1838 5387 2025 5441 eadem

444 5497 504 5536 re
530 5500 545 5533 ι
574 5482 823 5536 similiter
850 5496 1061 5550 quoque
1086 5478 1213 5549 quid
1245 5478 1497 5542 Isidorus,
1522 5479 1857 5549 llispalcnsis
1879 5479 2025 5547 epis-

444 5586 635 5642 copus,
668 5574 721 5626 in
760 5572 1112 5642 Elytnologiis
1137 5571 1250 5625 suis
1277 5572 1401 5625 ittdc
1430 5572 1679 5635 senserit,
1719 5582 1899 5625 notum
1930 5574 2025 5625 ha-

444 5660 617 5719 bere:
647 5674 702 5718 et
729 5664 856 5733 quid
886 5678 987 5733 ego
1034 5679 1196 5732 super
1232 5663 1345 5717 bzec
1385 5664 1563 5716 omnia
1607 5664 1883 5726 sentirem,
1929 5665 2022 5717 tibi

446 5768 481 5813 a
506 5770 592 5811 me
618 5757 836 5814 rescribi
860 5756 1186 5825 postulabas.
1218 5755 1366 5811 L'ndc
1383 5771 1481 5827 ego
1500 5764 1623 5810 ltlth
1648 5756 1832 5810 videns
1852 5772 2022 5823 quttu-

2134 4665 2183 4709 et
2216 4657 2444 4724 spatium
2486 4654 2761 4723 temporis,
2799 4665 2854 4708 et
2886 4657 3054 4709 otium
3086 4655 3374 4711 scribentis
3400 4667 3700 4727 quaereret:

2136 4762 2234 4800 nec
2263 4748 2370 4800 cito
2402 4762 2485 4799 me
2514 4760 2668 4813 posse
2701 4745 2768 4798 ad
2798 4759 2860 4799 ea
2889 4760 3009 4813 qua:
3036 4747 3285 4814 rogabas,
3320 4747 3373 4800 in
3412 4748 3596 4803 multis
3620 4763 3705 4803 oc-

2134 4846 2385 4905 cupatan
2416 4836 2677 4903 condigne
2707 4836 3033 4903 respondere
3065 4852 3077 4887 :
3110 4835 3202 4889 sed
3247 4836 3541 4892 multorum
3570 4838 3700 4893 dicta

2134 4938 2188 4982 et
2238 4942 2517 4982 sacrorum
2565 4926 2827 4979 librorum
2876 4925 3147 4979 volumina
3204 4935 3330 4981 ante
3380 4928 3700 4995 perscrutari

2132 5022 2267 5075 velle
2298 5039 2310 5074 :
2342 5029 2395 5072 et
2427 5021 2504 5073 sic
2533 5020 2599 5072 ad
2626 5019 3050 5082 rescribendum,
3085 5034 3301 5072 manum
3330 5020 3567 5075 mittere.
3598 5019 3697 5075 Sed

2129 5127 2250 5165 cum
2279 5109 2613 5179 postmodum
2644 5118 2697 5163 te
2734 5111 2992 5163 sentirem
3020 5110 3084 5163 ad
3114 5109 3365 5179 primissa
3392 5109 3695 5178 exequenda

2129 5202 2337 5256 avidius
2365 5201 2642 5263 anhelare,
2684 5202 3055 5271 przeoccupavi
3098 5211 3326 5269 tempus,
3361 5208 3416 5255 et
3448 5200 3699 5255 festinan-

2132 5305 2213 5347 ter
2236 5304 2339 5347 tuae
2365 5292 2626 5346 voluntati
2651 5292 3029 5360 obtemperate
3050 5290 3267 5345 decrevi
3292 5308 3304 5344 :
3334 5291 3570 5345 breviter
3591 5292 3698 5344 bzec

2131 5398 2581 5449 commemorans,
2610 5398 2727 5451 qua.-
2753 5382 2947 5453 legisse
2973 5398 3057 5435 me
3083 5382 3397 5437 recordatus
3425 5397 3544 5435 sum
3574 5398 3585 5434 :
3620 5378 3697 5433 vel

2128 5490 2247 5544 qua:
2290 5476 2466 5527 subito
2492 5473 2715 5526 dictanti
2755 5473 2807 5525 in
2855 5481 3088 5527 mentem
3126 5482 3410 5527 venerant.
3442 5470 3605 5540 igitur
3632 5469 3695 5523 de

2130 5566 2327 5633 nuptiis
2365 5563 2492 5632 quid
2534 5563 2736 5617 licitum
2768 5568 2837 5616 sit
2867 5563 2949 5614 vel
2994 5562 3257 5626 illicitum,
3302 5560 3559 5615 Dominus
3602 5573 3700 5627 per

2129 5661 2299 5729 legem
2321 5666 2373 5713 et
2398 5657 2743 5727 Evangelium
2775 5658 3027 5720 innotuit,
3050 5656 3140 5724 qtti
3169 5656 3310 5709 bono
3331 5652 3595 5723 conjugali
3620 5650 3695 5703 uti

2128 5752 2393 5807 concessit
2429 5772 2440 5805 ;
2480 5759 2639 5820 atque
2697 5766 2909 5805 omnem
2967 5750 3228 5803 incestum
3286 5756 3341 5800 et
3391 5742 3693 5800 fornicatio-
