3924 6324
181 375 322 436 1085

967 373 1200 444 QUOTA
1238 372 1726 432 GENERATIONE
1765 375 2044 435 LICITUM
2081 378 2185 436 SIT
2224 380 2644 440 CONNUBIUM.

3295 380 3433 443 1086

180 503 307 543 nem
327 488 548 543 omnino
574 485 866 557 prohibuit.
904 484 1182 552 Quomodo
1211 495 1392 542 autem
1429 488 1757 558 consangui-

1862 494 2023 548 etiam
2040 492 2392 551 Orientalium
2408 498 2755 554 ecclesiarum
2771 499 3254 556 consuetudinibus
3269 502 3437 571 pleni-

178 578 325 633 nitas
354 577 664 632 honoranda
709 576 801 642 sit,
838 574 975 630 liber
998 576 1270 631 Leviticus
1291 577 1565 631 ostendit:
1603 595 1621 627 ι
1656 576 1761 632 Lo-

185 688 204 721 ι
251 678 412 725 cutus
455 677 539 723 est
579 666 835 722 Dominus
872 666 939 720 ad
976 666 1200 736 Moysen
1239 666 1466 721 dicens:
1515 666 1761 735 Loquere

185 779 207 810 ο
250 760 375 814 ﬁliis
416 757 602 823 Israel,
648 765 701 812 et
727 757 873 812 dices
913 757 980 811 ad
1022 771 1117 812 eos
1147 777 1159 810 :
1195 758 1305 828 Ego
1331 757 1591 813 Dominus
1619 758 1760 812 Deus

183 868 202 899 ι
249 859 466 902 vester:
492 846 643 917 juxta
665 847 1107 903 consuetudinem
1132 856 1291 907 terrae
1321 848 1537 917 Aigypﬁ
1567 848 1619 901 in
1650 864 1758 917 qua

186 960 205 991 σ
253 940 560 1004 habitastis,
602 954 707 993 non
739 938 949 993 facietis
976 952 993 990 .'
1026 947 1079 993 et
1100 936 1260 1005 juxta
1286 931 1493 993 morem
1524 938 1758 1008 regionis

184 1050 201 1080 ε
249 1030 592 1095 Εὴειηειηωίε,
621 1031 688 1085 ad
715 1046 877 1099 quam
904 1046 1003 1101 ego
1038 1030 1443 1085 introducturus
1480 1046 1598 1085 sum
1638 1045 1755 1095 vos,

250 1137 358 1175 non
382 1122 551 1191 agetis
578 1139 590 1175 :
622 1137 723 1176 nec
755 1122 807 1175 in
834 1121 1088 1192 legitimis
1112 1138 1300 1177 eorum
1332 1122 1615 1179 ambuletis
1646 1122 1757 1176 :fa-

249 1212 513 1280 cietisque
554 1210 756 1279 judicia
807 1220 1008 1266 mea~et
1048 1222 1317 1282 praecepta
1357 1213 1661 1277 servabitis,
1704 1222 1758 1268 et

241 1302 532 1357 ambuletis
596 1302 649 1355 in
701 1302 799 1356 eis.
867 1302 977 1370 Ego
1015 1304 1273 1357 Dominus
1333 1304 1470 1358 Deus
1536 1314 1751 1357 vester:

251 1392 524 1471 custodite
552 1393 697 1462 leges
727 1408 875 1447 meas
903 1382 1064 1463 atque
1087 1394 1311 1463 judicia,
1343 1410 1461 1463 qum
1492 1395 1652 1450 homo
1677 1393 1754 1447 fa-

242 1483 416 1547 ciens,
462 1484 606 1537 vivet
657 1484 711 1538 in
750 1484 848 1538 eis.
899 1484 1010 1554 Ego
1064 1484 1334 1538 Dominus.
1378 1482 1567 1539 Omnis
1598 1486 1757 1539 homo

256 1573 326 1626 ad
364 1572 667 1643 proximum
693 1573 970 1643 sanguinis
999 1573 1078 1626 sui
1110 1590 1215 1628 non
1243 1574 1482 1636 accedat,
1516 1583 1571 1628 ut
1605 1587 1758 1628 reve-

250 1663 326 1718 let
354 1662 739 1732 turpitudinem
786 1662 935 1733 ejus,
978 1678 1076 1733 ego
1122 1663 1399 1717 Dominus.
1447 1662 1757 1731 Turpitudi-

245 1767 371 1807 nem
414 1754 586 1821 patris
630 1753 729 1817 tui,
760 1752 820 1807 et
866 1752 1252 1823 turpitudinem
1282 1753 1471 1807 matris
1512 1762 1616 1806 tuae
1647 1767 1754 1806 non

247 1937 429 1991 dinem
450 1938 584 2007 ejus.
604 1937 1011 2007 Turpitudinem
1030 1937 1214 1991 uxoris
1236 1936 1407 2006 patris
1428 1936 1504 1989 tui
1528 1952 1636 1989 non
1656 1937 1759 1991 dis-

245 2028 543 2098 cooperies,
565 2027 839 2097 turpitudo
859 2028 1002 2081 enim
1023 2027 1195 2098 patris
1219 2028 1293 2081 tui
1316 2035 1417 2081 est.
1443 2027 1756 2096 Turpitudi-

249 2135 374 2174 nem
397 2120 600 2175 sororis
632 2127 735 2173 tuaa
762 2135 829 2175 ex
850 2128 1003 2189 patre
1030 2120 1141 2174 sive
1165 2134 1231 2173 ex
1261 2130 1436 2173 matre
1462 2134 1581 2187 quae
1608 2118 1757 2173 domi

249 2210 334 2263 vel
363 2209 496 2265 foris
524 2211 703 2280 genita
741 2218 845 2275 est,
874 2227 979 2264 non
1009 2210 1290 2265 revelabis.
1342 2209 1755 2279 Turpitudinem

251 2301 375 2356 ﬁlia:
404 2301 496 2355 ﬁlii
521 2302 616 2367 tui,
638 2302 724 2355 vel
744 2303 922 2372 neptis
944 2317 1009 2356 ex
1040 2302 1149 2356 ﬁlia
1178 2317 1284 2356 non
1307 2302 1570 2357 revelabis
1592 2320 1604 2355 ε
1630 2303 1757 2372 quia

250 2391 529 2463 turpitudo
557 2402 647 2447 tua
674 2402 776 2447 est.
804 2393 1211 2462 Turpitudinem
1238 2392 1359 2446 ﬁliae
1384 2393 1569 2447 uxoris
1590 2395 1760 2463 patris

242 2484 321 2537 tui
352 2498 516 2553 quam
548 2485 757 2554 peperit
801 2484 940 2552 patri
976 2493 1085 2549 tuo,
1125 2492 1179 2538 et
1208 2491 1291 2538 est
1327 2498 1483 2539 soror
1511 2492 1620 2549 tua,
1649 2500 1758 2541 non

245 2574 531 2631 revelabis.
564 2575 972 2644 Turpitudinem
995 2576 1198 2630 sororis
1218 2577 1388 2644 patris
1416 2576 1488 2630 tui
1521 2592 1625 2631 non
1651 2577 1759 2631 dis-

244 2666 526 2735 c00peries
568 2679 582 2717 :
626 2666 751 2733 quia
797 2680 924 2719 caro
969 2672 1051 2719 est
1089 2665 1261 2733 patris
1307 2666 1402 2718 tui.
1449 2666 1759 2736 Turpitudi-

245 2770 372 2808 nem
411 2756 615 2808 sororis
650 2754 841 2808 matris
884 2764 987 2808 tua:
1026 2768 1130 2807 non
1172 2754 1472 2809 revelabis:
1515 2769 1579 2809 co
1613 2755 1757 2823 quod

248 2861 379 2898 caro
410 2846 481 2898 sit
509 2846 699 2900 matris
732 2855 852 2899 tutu.
889 2846 1297 2914 Turpitudinem
1325 2846 1502 2915 patrui
1537 2847 1609 2900 tui
1649 2862 1757 2901 non

251 2936 514 2991 revelabis
545 2954 557 2989 :
590 2952 690 2991 nec
720 2936 947 2991 accedes
986 2938 1053 2990 ad
1078 2952 1299 2992 uxorem
1346 2935 1479 3004 ejus,
1510 2953 1628 3007 qua:
1662 2938 1756 2992 tibi

247 3031 514 3088 afﬁnitate
529 3034 891 3104 conjungitur.
913 3032 1319 3101 Turpitudinem
1346 3049 1509 3087 nurus
1529 3042 1629 3087 tua:
1650 3048 1759 3088 non

180 3146 198 3177 ε
247 3126 534 3191 revelabis,
564 3127 690 3197 quia
730 3142 866 3179 uxor
885 3125 977 3179 lilii
1010 3126 1082 3179 tui
1111 3134 1231 3179 est:
1264 3140 1365 3179 nec
1396 3125 1758 3194 discooperies

182 1140 200 1171 ι

174 1231 201 1277 ν(

179 1319 199 1351 ε

180 1410 201 1443 ι

180 1501 201 1536 ς

178 1591 196 1623 ι

180 1682 199 1714 ι

178 1772 198 1804 ι

177 1862 197 1895 ι

179 1957 196 1989 ι

179 2047 196 2077 ι

181 2138 198 2169 ί

179 2230 198 2261 ι

180 2320 199 2352 ι

179 2411 198 2443 ‹

178 2502 198 2536 ι

178 2593 199 2628 t

176 2682 197 2715 ι

176 2774 194 2805 ι

180 2863 197 2895 ι

180 2954 198 2985 ι

179 3051 198 3083 ι

1863 596 1945 641 ter
1962 590 2237 645 institutus
2254 590 2426 646 fuerat
2444 610 2457 645 :
2476 607 2576 647 nec
2596 607 2716 647 eum
2733 592 2910 662 aliqua
2927 593 3098 649 latere
3122 604 3432 665 potuerunt,

1862 695 1981 748 quae
2014 681 2066 734 in
2095 680 2561 737 observationibus
2591 683 2844 751 legitimis
2871 684 3043 740 Graeci
3081 685 3164 739 vel
3190 685 3432 742 Romani

1862 787 1926 827 eo
1950 781 2191 841 tempore
2215 771 2521 829 habuerunt
2555 793 2566 827 :
2598 776 2828 829 maxime
2851 792 2971 830 cum
2998 776 3053 831 in
3080 786 3306 846 utraque
3329 778 3434 832 lino

1861 877 1964 931 gua
1994 860 2231 931 perfecte
2267 863 2559 918 instructus
2587 872 2747 919 esset.
2777 864 2927 930 Quod
2957 876 3133 921 autem
3163 868 3430 937 proximis

1860 953 2193 1022 temporibus
2239 953 2603 1010 Romanorum
2644 956 2955 1025 pontiﬁcum
3010 961 3209 1029 scripta
3258 960 3432 1015 conti-

1860 1054 2045 1110 neant,
2069 1060 2243 1114 usque
2276 1045 2341 1101 ad
2366 1055 2572 1101 sextam
2606 1048 2689 1101 vel
2716 1049 2995 1117 septimam
3030 1052 3427 1118 generationem

1860 1133 2092 1205 conjugii
2125 1150 2279 1189 usum
2317 1135 2695 1200 differendum,
2723 1139 2893 1207 magis
2937 1153 3000 1192 ex
3045 1140 3431 1194 consuetudine

1860 1225 2117 1289 humana,
2142 1240 2302 1294 quam
2325 1240 2391 1280 ex
2411 1225 2526 1296 lege
2546 1226 2722 1280 divina
2742 1227 2843 1282 hoc
2864 1243 2955 1282 eos
2975 1229 3292 1299 praecepisse
3314 1245 3433 1284 cre—

1861 1315 2095 1371 dendum
2136 1326 2237 1371 est.
2287 1316 2440 1383 Quod
2487 1317 2562 1371 ita
2607 1320 2844 1374 sentiens
2888 1321 3075 1375 beatus
3120 1320 3433 1378 Bonifacius

1860 1421 2089 1479 martyr,
2121 1418 2409 1480 nosterque
2461 1413 2723 1480 patronus
2751 1412 2815 1466 de
2843 1413 3029 1467 eadem
3054 1430 3113 1469 re
3150 1414 3431 1484 episcopos

1859 1499 2032 1569 gentis
2073 1516 2182 1553 suae
2232 1500 2463 1555 credidit
2504 1503 2905 1557 consulendos:
2943 1511 3003 1556 ut
3048 1504 3147 1573 ipsi
3196 1505 3325 1573 quid
3373 1504 3428 1559 in

1860 1598 2166 1645 sanctorum
2192 1590 2413 1644 Patrum
2449 1593 2730 1647 sententiis
2756 1591 2879 1646 inde
2906 1592 3251 1661 explanatum
3282 1594 3431 1647 inve-

1858 1684 2057 1749 nirent,
2087 1684 2189 1739 sibi
2216 1685 2592 1739 rescriberem.
2622 1685 2758 1738 Nam
2780 1686 2919 1755 quod
2948 1685 3185 1740 Isidorus
3213 1686 3264 1740 in
3297 1686 3429 1757 Ety-

1859 1774 2104 1842 mologiis
2142 1774 2287 1839 suis,
2316 1789 2485 1841 usque
2513 1775 2579 1828 ad
2621 1783 2826 1830 sextam
2869 1776 3270 1844 generationem
3297 1791 3431 1832 con-

246 1845 631 1914 disc00peries.
657 1844 827 1899 Mater
848 1854 936 1898 tua
962 1854 1078 1900 est:
1107 1861 1213 1899 non
1239 1844 1499 1900 revelabis
1526 1845 1757 1914 turpitu-

1862 1864 2240 1931 sanguinitatis
2270 1866 2666 1930 abstinendum,
2704 1876 2759 1924 et
2792 1869 2869 1922 sic
2896 1868 3136 1937 legitime
3162 1869 3434 1925 connubio

1863 1953 2292 2024 conjungendum
2326 1957 2572 2021 asseruit,
2592 1957 2718 2011 inde
2740 1972 2864 2012 reor
2891 1973 3013 2013 eum
3045 1958 3257 2023 fecisse,
3289 1959 3433 2028 quod

1862 2046 2187 2117 genealogize
2215 2046 2409 2101 seriem
2437 2055 2707 2111 retexens,
2743 2062 3023 2117 quousque
3056 2048 3301 2104 ordinem
3332 2064 3433 2103 nu-

1858 2138 2119 2192 merando
2158 2137 2425 2207 perduxit,
2472 2152 2536 2191 eo
2584 2138 2955 2208 cognationem
3004 2138 3284 2208 sanguinis
3320 2153 3435 2192 ser-

1859 2227 2091 2282 vandam
2123 2229 2447 2282 mstimavit:
2482 2229 2667 2297 sicque
2718 2229 2784 2282 ad
2843 2229 3189 2284 novationem
3221 2230 3435 2299 generis

1860 2325 1914 2372 et
1955 2316 2206 2372 amicitiae
2249 2318 2365 2387 ejus
2409 2317 2857 2383 conﬁrmandam,
2890 2318 3071 2373 redire
3117 2319 3190 2374 ad
3233 2334 3435 2374 connu-

1861 2408 2008 2462 bium
2040 2409 2269 2463 saneivit
2312 2409 2528 2478 quando
2564 2406 2679 2476 jam
2718 2408 3055 2477 cognationis
3080 2408 3213 2463 ordo
3242 2423 3433 2464 nume-

1860 2499 1971 2553 rari
2003 2500 2214 2554 desivit.
2240 2498 2504 2554 Caeterum
2529 2508 2653 2554 ante
2673 2500 2853 2554 omnia
2867 2498 3316 2554 considerandum
3330 2506 3429 2559 est,

1860 2598 1921 2644 ut
1942 2590 2019 2644 sic
2044 2587 2270 2645 censura
2292 2590 2571 2659 disciplina
2594 2598 2941 2658 temperetur,
2968 2603 3034 2643 ne
3054 2603 3153 2657 per
3177 2588 3435 2642 immode-

1863 2681 2125 2736 rationem
2186 2683 2562 2751 correptionis,
2612 2682 2821 2751 peccati
2863 2681 3106 2736 cumulus
3153 2690 3430 2763 augeatur.

1864 2770 2080 2827 Scimus
2106 2774 2269 2837 enim,
2310 2774 2451 2843 quod
2483 2775 2572 2843 qui
2616 2772 2668 2826 in
2700 2774 2816 2842 lege
2845 2773 3178 2843 cognationis
3215 2771 3303 2842 jus
3330 2772 3432 2826 ob-

1862 2880 2076 2919 servare
2108 2867 2402 2928 constituit,
2437 2866 2553 2933 ipse
2585 2866 2636 2918 in
2670 2863 2962 2933 Evangelio
2999 2862 3174 2919 fcedus
3200 2861 3433 2933 conjugii

1861 2969 1968 3009 non
2013 2954 2411 3009 dissolvendum
2443 2954 2733 3022 prmeepit:
2771 2953 2845 3006 ita
2885 2968 3035 3016 sane,
3070 2970 3088 3001 ‹
3121 2959 3181 3005 ut
3226 2953 3271 3005 si
3312 2951 3433 3018 quis

1868 3063 1888 3097 (
1933 3046 2229 3101 dimitteret
2272 3062 2496 3099 uxorem
2542 3052 2764 3112 excepta
2814 3059 2975 3098 causa
3025 3030 3431 3105 fornicationis,

1869 3153 1889 3187 ι
1934 3134 2135 3190 faceret
2163 3151 2281 3189 eam
2313 3135 2571 3190 mmebari
2603 3153 2613 3187 :
2645 3144 2698 3188 et
2733 3134 2822 3200 qui
2876 3135 3150 3189 dimissam
3187 3135 3430 3199 duceret,

168 3233 201 3267 ει
250 3216 603 3287 ignominiam
632 3217 768 3287 ejus.
803 3216 1213 3285 Turpitudinem
1242 3217 1426 3270 uxoris
1456 3215 1641 3271 fratris
1678 3217 1753 3270 tui

1865 3243 1885 3277 ι
1931 3223 2517 3297 ῐηωςὶιειγριυῐυωιαεξὴ.
2552 3226 2657 3289 ν).›
2694 3224 2783 3278 Sic
2803 3233 2855 3278 et
2879 3222 3163 3294 Apostolus
3184 3224 3429 3279 eamdem

180 3326 199 3357 ε
243 3324 354 3364 non
385 3307 669 3369 revelabis,
727 3307 852 3375 quia
879 3305 1149 3373 turpitudo
1181 3304 1468 3372 fratris‘tui
1491 3316 1591 3361 est.
1623 3305 1759 3359 Tur-

179 3415 201 3449 ‹
246 3396 547 3467 pitudinem
583 3395 767 3449 uxoris
797 3403 898 3448 ture
928 3402 983 3447 et
1015 3393 1133 3447 ﬁlia:
1159 3395 1275 3464 ejus
1306 3409 1411 3448 non
1446 3394 1711 3450 revelabis
1741 3413 1753 3448 :

178 3507 201 3540 τι
250 3487 414 3542 ﬁliam
448 3486 541 3539 ﬁlii
569 3482 706 3553 ejus,
738 3493 791 3538 et
816 3485 978 3538 ﬁliam
1016 3484 1139 3537 ﬁliae
1165 3485 1307 3538 illius
1338 3500 1441 3537 non
1469 3499 1671 3548 sumes,
1700 3494 1761 3538 ut

184 3598 201 3629 ι
254 3578 463 3633 reveles
498 3576 847 3648 ignominiam
872 3575 985 3644 ejus
1017 3590 1030 3627 :
1065 3576 1188 3644 quia
1218 3590 1346 3631 caro
1368 3575 1510 3630 illius
1537 3583 1682 3640 sunt,
1705 3583 1760 3630 et

185 3691 201 3721 ‹
253 3670 375 3725 talis
412 3669 586 3724 coitus
618 3668 868 3722 incaestus
896 3674 996 3720 est.
1040 3665 1293 3721 Sororem
1334 3665 1520 3719 uxoris
1566 3674 1667 3718 tum
1703 3666 1757 3718 in

182 3779 199 3808 ι
252 3758 356 3829 pell
380 3773 562 3813 cauum
590 3731 736 3810 illius
768 3771 874 3808 non
906 3755 1138 3824 accipies
1168 3772 1180 3807 :
1217 3770 1316 3809 nee
1347 3754 1612 3809 revelabis
1654 3764 1760 3809 tur-

180 3867 200 3900 ‹
256 3846 551 3917 pitudinem
582 3845 695 3915 ejus
728 3843 911 3915 (Levii.
947 3843 1122 3913 xvm).
1178 3863 1195 3895 ›
1238 3843 1371 3897 Cum
1399 3845 1541 3898 enim
1573 3844 1759 3898 Domi-

178 3954 283 3995 nus
327 3937 579 4009 populum
618 3951 773 3990 suum
818 3935 883 3990 de
924 3935 1470 3990 coutamiuationibus
1519 3936 1759 4003 gentium

176 4030 437 4085 voluisset
458 4040 730 4099 separare,
756 4027 984 4096 primum
1003 4026 1237 4095 generali
1263 4026 1522 4080 vocabulo
1545 4026 1609 4080 ad
1632 4041 1761 4094 pro-

178 4119 484 4173 ximitatem
515 4114 790 4186 sanguinis
828 4113 1096 4184 prohibuit
1128 4128 1449 4183 quemquam
1478 4115 1757 4180 accedere,

178 4227 250 4268 ne
275 4209 543 4266 revelaret
570 4208 956 4277 turpitudinem
988 4206 1124 4276 ejus.
1165 4206 1365 4261 Deinde
1400 4207 1571 4274 ipsam
1596 4220 1763 4275 gene-

178 4302 449 4357 ralitatem
475 4300 645 4353 ferme
674 4297 728 4350 in
757 4297 1037 4351 duodecim
1068 4295 1271 4365 species
1307 4295 1594 4349 subdivisit
1614 4314 1625 4348 ε
1644 4311 1764 4366 quae

182 4400 364 4446 tamen
396 4389 536 4443 ultra
576 4387 790 4441 tertiam
831 4384 916 4438 vel
952 4395 1197 4453 quartam
1226 4384 1626 4453 generationem
1657 4398 1763 4438 non

181 4480 481 4555 procedunt
508 4495 523 4545 ;
549 4492 612 4531 ac
640 4476 759 4531 ideo
781 4492 903 4530 reor
925 4476 1201 4529 dominum
1227 4473 1544 4543 Gregorium
1566 4489 1762 4543 papam

180 4570 485 4643 Augustino
508 4568 883 4638 intermganti,
910 4566 1065 4620 tertia
1098 4566 1391 4633 vel‘quarta
1414 4564 1760 4635 generatione

182 4661 288 4728 iam
338 4658 522 4713 illicite
559 4656 824 4713 connubia
848 4654 996 4725 jungi
1026 4655 1385 4723 respondisse.
1421 4652 1682 4725 Similiter
1706 4662 1761 4707 et

181 4754 237 4806 in
266 4750 536 4806 Theodori
572 4747 961 4817 archiepiscopi
1006 4747 1182 4815 gentis
1227 4744 1521 4814 Anglorum
1553 4744 1761 4813 capitu-

184 4844 271 4907 lis,
300 4858 420 4912 quae
444 4843 516 4897 de
544 4840 864 4895 necessariis
892 4839 1053 4893 rebus
1079 4838 1400 4907 conscripsit
1432 4837 1753 4917 invenimus,

184 4933 331 5003 quod
360 4932 412 4986 in
454 4931 612 4985 tertia
646 4929 1043 4998 propinquitate
1069 4928 1250 4982 carnis
1288 4929 1581 4983 secundum
1612 4928 1763 4984 Grm‘

185 5041 281 5081 cos
308 5024 469 5078 liceat
500 5024 701 5076 nubere
732 5039 744 5074 :
775 5021 829 5074 in
858 5021 1047 5091 quinta
1077 5036 1203 5074 vero
1233 5020 1524 5085 secundum
1556 5020 1759 5075 Roma-

187 5129 311 5169 nos.
338 5113 439 5179 Qui
467 5121 644 5167 tamen
667 5111 914 5181 conjugia
942 5112 993 5165 in
1023 5111 1174 5178 tertia
1197 5111 1598 5179 propinquitate
1624 5111 1763 5165 facta

187 5221 299 5260 non
342 5204 645 5267 solverent,
693 5202 738 5257 si
773 5210 929 5255 antea
975 5203 1043 5256 ab
1083 5201 1436 5256 inscientibus
1485 5208 1764 5278 compacta

186 5297 422 5352 fuissent
448 5312 461 5348 :
492 5296 875 5365 {equaliterque
906 5286 1361 5364 conjungerentur
1388 5294 1442 5347 in
1483 5294 1766 5348 matrimo-

191 5389 285 5443 nia
309 5388 411 5451 eis,
440 5387 532 5455 qui
577 5386 679 5441 sibi
718 5375 1098 5454 consanguinei
1141 5393 1286 5448 sunt,
1322 5390 1377 5438 et
1422 5384 1609 5437 uxoris
1651 5398 1763 5438 suae

191 5478 610 5548 consanguineis
664 5484 786 5547 post
838 5485 1063 5531 mortem
1118 5474 1323 5530 uxoris.
1373 5473 1526 5529 Hunc
1581 5481 1763 5528 autem

193 5566 538 5624 Theodorum
576 5568 747 5624 Tarso
770 5568 971 5625 Cilicite
1005 5576 1215 5632 natum,
1246 5564 1565 5620 Vitellianus
1599 5580 1758 5637 papa,

191 5657 382 5715 Roma:
411 5661 720 5731 episcOpum
744 5661 1020 5725 ordinans,
1052 5658 1382 5713 Britanniam
1409 5656 1555 5713 misit
1580 5674 1597 5711 :
1621 5654 1765 5712 unde

270 5781 296 5811 ι
325 5767 484 5825 Deest
505 5769 723 5838 aliquid.

1858 3318 2121 3371 rationem
2148 3313 2378 3384 sequens
2413 3315 2464 3368 in
2493 3316 2727 3385 Epistula
2751 3331 2848 3369 sua
2878 3314 2926 3384 (Ι
2956 3313 3078 3368 Cor.
3110 3315 3207 3384 vn)
3232 3355 3247 3378 ,
3271 3314 3434 3382 jussit

1863 3426 1881 3458 ι
1931 3409 2208 3463 mulierem
2239 3424 2271 3461 a
2298 3408 2414 3461 viro
2443 3423 2551 3462 non
2582 3408 2854 3461 discedere
2887 3424 2899 3458 :
2936 3406 3075 3475 quod
3108 3406 3154 3460 si
3181 3406 3427 3461 discede-

1865 3516 1883 3547 ι
1931 3506 2032 3561 ret,
2059 3510 2278 3550 manere
2309 3497 2605 3565 innuptam,
2632 3505 2722 3548 aut
2750 3496 2862 3549 viro
2887 3511 2984 3549 suo
3008 3494 3366 3549 reconciliari.
3406 3514 3426 3546 ι

1862 3588 1917 3645 Si
1946 3589 2090 3644 enim
2130 3589 2434 3657 ubicunque
2459 3588 2655 3656 aliquid
2698 3588 3061 3656 proximitatis
3082 3588 3167 3642 vel
3203 3602 3434 3641 consan-

1860 3682 2140 3752 guinitatis
2180 3680 2305 3735 licet
2333 3679 2658 3749 longinquae,
2692 3681 2829 3732 inter
2859 3678 3173 3747 conjugatos
3202 3678 3435 3733 inveniri

1861 3779 2057 3841 potest,
2106 3771 2290 3825 statim
2345 3769 2746 3824 matrimonium
2798 3769 3121 3835 dissolvitur,
3165 3784 3233 3825 ne
3266 3769 3432 3839 (reor)

1862 3861 2001 3930 quod
2034 3860 2356 3914 adulterium
2403 3868 2459 3913 et
2504 3857 2872 3912 fornicationis
2902 3858 3076 3913 scelus
3118 3857 3435 3927 multiplice-

1821 3962 1826 3967 '
1863 3960 1972 4015 tur,
2010 3952 2099 4019 qui
2130 3965 2249 4004 cum
2278 3948 2561 4019 eonjugato
2589 3947 2916 4003 adolescenti
2946 3948 3035 4003 vel
3050 3946 3231 4015 juveni
3259 3947 3432 4002 socie-

1864 4048 1945 4094 tas
1972 4040 2239 4106 comparis
2282 4053 2391 4093 sure
2423 4040 2755 4106 denegatur:
2785 4053 2885 4092 nec
2927 4036 3125 4105 aliquid
3166 4036 3215 4091 ei
3259 4035 3434 4091 solatii

1864 4130 2207 4199 impenditur,
2238 4122 2378 4185 unde
2409 4130 2795 4184 continentiam
2834 4144 3050 4184 servare
3075 4129 3281 4199 possit,
3310 4127 3433 4183 libi-

1863 4222 1989 4277 dine
2018 4222 2395 4286 inﬁammatus,
2428 4237 2525 4297 per
2550 4220 2746 4275 diaboli
2792 4221 3193 4291 instigationem
3212 4261 3226 4285 ,
3256 4220 3438 4274 multi-

1863 4311 1989 4382 plici
2020 4311 2379 4367 fornicatione
2413 4310 2596 4365 forsan
2627 4310 2882 4379 polluitur
2911 4326 2924 4361 :
2959 4324 3022 4363 ac
3047 4310 3125 4363 sic
3164 4310 3216 4363 in
3246 4308 3437 4377 ρι’ωεὶ-

1863 4405 2055 4474 pitium
2075 4404 2269 4458 mortis
2292 4411 2531 4467 aeternae,
2548 4401 2728 4455 anima
2760 4401 3105 4471 demergitur.
3123 4400 3277 4456 Unde
3294 4400 3437 4469 Apo-

1866 4493 2038 4550 stolus
2066 4491 2435 4563 hujuscemodi
2464 4492 2651 4546 vitium
2679 4499 2961 4559 amputare
2997 4491 3435 4560 volens,scripsit

1866 4584 2056 4639 dicens
2085 4580 2273 4653 (Ibid.)
2300 4596 2315 4634 :
2349 4600 2368 4632 ‹
2398 4582 2603 4635 Bonum
2628 4589 2711 4636 est
2730 4580 3010 4635 mulierem
3043 4596 3147 4635 non
3172 4587 3394 4651 tangere
3418 4597 3432 4632 :

1869 4695 1886 4726 ι
1932 4684 2151 4747 propter
2185 4674 2593 4731 fornicationem
2629 4682 2830 4737 autem,
2881 4675 3250 4743 unusquisque
3296 4688 3435 4728 uxo-

1871 4783 1889 4814 ε
1939 4780 2053 4819 rem
2082 4779 2232 4819 suam
2262 4764 2483 4818 habeat.
2521 4761 2688 4817 Uxori
2713 4762 2799 4816 vir
2826 4761 3066 4816 debitum
3097 4762 3283 4816 reddat
3313 4779 3326 4815 :
3359 4761 3434 4817 si-

1872 4872 1889 4903 c
1933 4854 2131 4907 militer
2155 4861 2332 4907 autem
2358 4861 2411 4907 ct
2434 4868 2571 4907 uxor
2594 4852 2741 4915 viro;
2776 4870 2795 4903 ι
2826 4859 2881 4905 et
2903 4851 3061 4921 paulo
3083 4858 3204 4919 post
3230 4866 3245 4905 :
3274 4868 3295 4902 ς
3327 4849 3437 4921 No-

1872 4964 1889 4996 ‹
1931 4945 2025 4999 lite
2069 4943 2318 4997 fraudare
2355 4942 2606 5005 invicem,
2651 4942 2755 4996 nisi
2790 4940 2927 4995 forte
2960 4956 3026 4995 ex
3062 4956 3324 4996 consensu
3366 4941 3435 4996 ad

1873 5053 1891 5085 α
1934 5040 2162 5102 tempus,
2190 5040 2250 5085 ut
2276 5030 2478 5086 vacetis
2505 5029 2762 5092 orationi;
2790 5049 2807 5081 ι
2829 5038 2883 5084 et
2908 5029 3100 5084 iterum
3123 5046 3136 5082 :
3159 5028 3432 5084 «Reverti.

1869 5125 2001 5179 mini
2042 5125 2095 5177 in
2123 5124 2374 5193 idipsum,
2409 5136 2474 5176 ne
2508 5129 2675 5177 tentet
2711 5137 2805 5176 vos
2833 5121 3064 5176 Satanas
3101 5130 3318 5191 propter
3348 5122 3431 5177 in-

1869 5216 2276 5272 continentiam.
2316 5233 2334 5266 ›
2372 5212 2467 5267 His
2496 5227 2625 5284 ergo
2653 5211 2903 5267 omnibus
2930 5211 3307 5275 consideratis,
3338 5211 3433 5265 bo-

1868 5322 1996 5361 num
2028 5305 2157 5359 mihi
2188 5304 2418 5367 videtur,
2452 5310 2510 5356 ut
2536 5302 2669 5374 legis
2691 5303 2882 5357 divina:
2920 5302 3231 5357 constitutio
3261 5302 3432 5357 invio.

1850 5384 1976 5451 lata
2000 5404 2307 5475 servetur:
2339 5400 2394 5448 et
2432 5392 2741 5448 scandalum
2781 5400 3039 5461 quantum
3086 5392 3151 5445 ad
3190 5391 3434 5446 homines

1872 5487 2123 5559 pertinet,
2148 5501 2245 5555 pro
2271 5484 2525 5539 facultate
2552 5482 2747 5537 virium
2783 5481 3096 5547 deciinetur,
3129 5481 3217 5536 ubi
3254 5487 3433 5536 autem

1872 5579 1989 5634 sine
2018 5573 2209 5641 majori
2246 5574 2567 5628 detrimento
2609 5571 2920 5627 scandalum
2961 5572 3254 5634 toleretur;
3293 5584 3433 5639 quo-

1875 5668 2015 5723 niam
2063 5665 2356 5721 maximum
2398 5671 2613 5734 propter
2637 5673 2662 5703 ι
2694 5700 2709 5716 .
2749 5701 2764 5715 .
2806 5702 2819 5716 .
2846 5661 3059 5718 incaute
3086 5658 3197 5728 jam
3232 5656 3433 5717 emole-
