3924 6330
453 373 589 430 1087

1082 371 1143 426 Β.
1188 371 1441 429 ΒΑΒᾹΝΙ
1479 372 1701 431 ιιΑυιιι
1738 369 2057 428 ARCHIEP.

2165 369 2411 428 DGUNT.
2450 370 2739 429 OPERUM
2778 368 2957 426 PARS
2989 367 3053 425 II.

3604 368 3733 429 1088

456 496 565 542 tur.
598 483 761 555 Igitur
788 482 913 553 quia
942 497 972 536 a
1004 498 1120 537 mea
1146 488 1413 553 parvitate
1438 484 1677 550 voluisti,
1706 481 1841 553 quid
1876 482 2045 538 senti-
2074 487 2125 545 Α
2152 483 2283 538 mihi
2306 480 2542 548 videtur,
2575 490 2635 545 ut
2657 498 2779 537 cum
2810 480 3143 553 paenitentia:
3182 480 3585 547 bumiliatione,
3612 480 3657 537 si
3680 498 3738 540 se

451 591 567 632 rem
609 574 797 629 deliac
829 588 919 635 re,
965 573 1057 627 ubi
1106 574 1368 641 rescribi,
1414 581 1633 644 propter
1669 571 2041 628 infirmitatem

450 664 707 721 instantis
730 662 1010 731 temporis,
1034 676 1166 717 reor
1202 663 1307 737 hoc
1328 664 1469 733 quod
1495 662 1810 719 Theodorus
1831 664 2043 719 archie-

450 754 705 826 piscopus
738 751 879 806 inter
908 750 1227 823 Gregorium
1263 763 1319 808 et
1344 754 1606 810 lsidorum
1650 753 1867 809 medius
1895 755 2043 810 iace-'-

450 844 604 905 dens,
653 843 705 896 in
739 843 851 896 suis
880 826 1130 912 capitulis
1159 841 1427 910 ditlinivit,
1460 844 1632 915 magis
1659 845 1993 913 sequendum
2024 864 2036 897 :

451 942 511 989 ut
530 942 652 1003 post
673 934 913 1004 quintam
939 935 1341 1004 generationem
1354 937 1463 1007 jam
1486 936 2038 1004 licitumcouuubium

452 1026 548 1082 llat
577 1068 585 1078 .
620 1028 745 1096 quia
775 1027 856 1082 lex
891 1027 1073 1081 divina
1098 1028 1203 1083 hoc
1231 1044 1337 1083 non
1363 1029 1688 1085 contradicit
1712 1046 1725 1082 :
1752 1018 1854 1083 nec
1874 1028 2036 1082 etiam

457 1127 775 1175 sanctorum
807 1119 1031 1175 Patrum
1058 1105 1201 1176 dicta
1227 1122 1330 1176 hoc
1357 1121 1661 1191 prohibent.
1690 1102 1749 1176 Si
1779 1129 1960 1188 autem
1986 1130 2043 1175 et

452 1205 513 1265 in
548 1210 736 1280 quinta
779 1211 855 1265 ab
890 1210 1076 1266 insciis
1116 1212 1305 1283 capula
1347 1210 1513 1269 fuerit
1556 1216 1796 1282 peracta,
1845 1211 2043 1267 melius

2148 581 2410 627 uxoratus
2437 574 2715 628 continere
2743 588 2850 627 non
2880 572 3015 638 vult,
3051 570 3161 627 Deo
3203 569 3507 627 satisfaciat
3538 588 3552 623 :
3584 580 3638 626 et
3663 581 3737 627 ta-

2149 677 2274 717 men
2299 662 2348 718 ei
2377 661 2722 733 praedicetur,
2744 662 3002 733 quoniam
3022 663 3225 718 bonum
3254 662 3348 729 sit,
3375 670 3438 717 ut
3462 662 3533 716 ab
3560 661 3743 733 hujus-

2148 755 2358 811 cemodi
2407 754 2599 825 copula
2642 756 2992 827 semetipsum
3034 755 3345 811 abstineat:
3390 755 3438 810 si
3468 752 3612 810 forte
3652 753 3743 810 det

2148 846 2223 901 illi
2250 846 2388 902 Deus
2408 831 2806 918 paenitentiam,
2824 861 2879 903 et
2902 848 3186 924 resipiscat
3210 864 3241 905 a
3265 846 3467 904 diaboli
3492 844 3735 917 laqueis:

2148 945 2467 1008 gratamque
2487 938 2831 993 continentiae
2852 954 2962 994 sua:
2984 945 3281 1009 spontanea
3294 938 3577 994 voluntate
3594 935 3741 992 obla-

2145 1030 2370 1109 tionem,
2389 1030 2731 1099 postmodum
2752 1029 2945 1087 oll'erat
2970 1029 3077 1084 Deo
3101 1048 3114 1084 :
3142 1038 3197 1084 et
3216 1030 3296 1085 sie
3318 1029 3374 1084 ni
3398 1027 3574 1091 fallor,
3605 1040 3738 1083 cau-

2148 1119 2254 1175 tela
2290 1120 2477 1205 erit7iu
2500 1119 2704 1188 judicio
2732 1138 2744 1175 :
2768 1133 2931 1193 atque
2958 1121 3167 1193 iustitia
3211 1122 3464 1181 servatur
3495 1119 3553 1175 in
3582 1113 3740 1174 facto.

459 1356 3744 1393 W

1048 1488 1624 1643 ΒΕΔ-ιιι
1697 1522 2057 1634 tua

2165 1518 2441 1633 ιιιῐι
2492 1519 3136 1635 ’ΜΔΠΒῙ

1191 1735 1577 1795 FULDE‘NSIS
1613 1733 1913 1792 ABBATIS
1947 1733 2036 1790 ET
2075 1729 2461 1790 MOGUNTINI
2496 1729 3019 1788 ARCHIEPISCOPI

836 1861 840 1865 ’
920 1918 1103 2033 DE
1190 1910 2607 2036 CONSANGUINEORUM
2666 1910 3271 2028 'NUPTIIS

2063 2152 2145 2195 ΕΤ

982 2304 1089 2367 DE
1131 2293 1539 2377 MAGQRUM
1579 2296 2049 2362 PRESTIGIIS
2090 2291 2531 2366 FALSISQUE
2570 2292 3230 2363 DIVINATIONIBUS

1764 2458 2457 2535 TBACTATUS.

534 2726 859 2799 Magnorum
907 2719 1147 2775 virorum
1199 2724 1257 2771 et
1294 2712 1723 2799 clarissimorum
1771 2708 2059 2799 doctorum
2087 2708 2136 2768 B
2163 2707 2361 2764 deinde
2390 2708 2456 2763 de
2477 2708 2870 2799 magicasartis
2893 2714 3247 2791 argumentis,
3278 2716 3631 2773 scribendum
3652 2718 3743 2776 tibi

469 2834 591 2877 mos
632 2796 845 2884 semper
876 2810 1001 2875 ftrtt,
1044 2807 1111 2863 ad
1149 2822 1213 2862 ea
1256 2807 1321 2862 de
1351 2796 1546 2875 quibus
1575 2800 1893 2872 interrogati
1938 2796 2057 2852 fue-

471 2918 619 2973 rant,
649 2909 1023 2975 competenter
1068 2912 1385 2969 responsum
1416 2909 1683 2966 quaerere,
1721 2900 1775 2947 et
1814 2889 2058 2945 adniten-

466 3016 550 3061 tes
573 2994 889 3059 auctoritati
917 3000 1228 3047 sanctarum
1257 2987 1685 3057 Scripturarum,
1716 2988 2060 3039 sanctorum—

467 3112 575 3168 que
611 3094 834 3148 Patrum
865 3082 1172 3145 sententiis,
1210 3094 1271 3134 ea
1300 3093 1418 3148 quae
1445 3077 1510 3131 ab
1539 3076 1620 3131 eis
1646 3072 1917 3168 postulata
1946 3069 2063 3168 tue-

470 3163 616 3249 rant,
654 3182 914 3245 breviter,
959 3172 1301 3239 dilucideque
1350 3182 1613 3232 reserere.
1658 3165 1763 3221 Sed
1790 3179 1917 3221 cum
1946 3163 2064 3217 hinc

471 3276 587 3347 ipse
614 3275 883 3338 indoctus,
906 3280 960 3325 et
981 3284 1089 3325 non
1112 3275 1222 3323 tam
1247 3274 1496 3317 sermone
1517 3273 1677 3329 quam
1700 3256 1863 3347 etiam
1889 3253 2064 3310 scien-

471 3346 547 3420 tia
577 3364 881 3434 imperitus,
910 3376 1009 3431 pro
1046 3356 1262 3414 modulo
1292 3358 1416 3417 meo
1447 3349 1647 3405 imitari
1691 3346 1931 3403 solebam
1962 3363 1974 3399 :
2009 3352 2064 3399 et

467 3454 556 3511 liis
577 3454 667 3523 qui
711 3465 797 3505 me
826 3451 893 3505 de
917 3448 1190 3519 aliquibus
1214 3440 1604 3515 quaestionibus
1629 3438 2063 3509 pulsabant,‘per

468 3543 781 3615 Scripturas
810 3557 993 3597 sacras
1035 3549 1089 3595 et
1117 3534 1431 3594 scntentias‘
1456 3540 1770 3589 sanctorum
1816 3527 2059 3592 Patrum,

470 3636 800 3709 respondere
846 3633 1125 3688 cumbam.
1163 3629 1314 3685 Nunc
1360 3616 1436 3682 ita
1457 3626 1596 3697 apud
1626 3636 1696 3691 te,
1744 3620 2063 3676 cbarissime

467 3728 734 3790 virorum,
774 3734 829 3779 et
868 3723 1226 3799 solertissime
1254 3727 1435 3775 custos
1476 3717 1653 3789 gregis
1682 3712 1803 3777 Dei,
1829 3711 2059 3775 Bonose,

472 3818 604 3873 mihi
650 3815 853 3880 evenit,
886 3815 1139 3882 quoniam
1177 3813 1229 3866 in
1260 3810 1347 3865 his
1372 3809 1426 3864 in
1456 3808 1653 3878 quibus
1683 3805 1866 3875 aliquo
1899 3801 2062 3877 modo

474 3909 608 3964 satis
636 3909 744 3977 egi,
772 3907 865 3961 tibi
894 3904 1041 3961 nullo
1069 3902 1228 3958 modo
1250 3900 1571 3957 satisfacere
1594 3888 1767 3966 potui,
1797 3895 1889 3950 sed
1916 3907 2061 3952 sem-

472 4016 571 4072 per
596 4000 751 4070 juxta
780 3985 1227 4053 consuetudinem
1258 4004 1437 4058 tuam,
1470 3991 1703 4074 astutius
1726 3988 2059 4059 iuquirebas,

2163 2815 2283 2856 esse
2310 2801 2658 2856 arbitramur.
2701 2798 2806 2855 &d
2837 2800 2987 2870 prius
3014 2804 3313 2858 notandum
3344 2814 3448 2869 est,
3489 2808 3634 2877 quod
3662 2808 3747 2866 ubi

2161 2890 2520 2961 veterislegis
2538 2900 2815 2961 praecepta
2833 2893 3136 2948 necessaria
3161 2896 3361 2949 suntin
3385 2894 3749 2973 testimonium

2164 2983 2519 3050 assumenda,
2545 2999 2653 3039 non
2684 2992 2810 3039 sunt
2840 2985 3185 3055 despicienda
3218 3006 3231 3042 :
3262 2989 3389 3058 quia
3419 3004 3563 3046 unus
3596 3000 3749 3062 atque

2161 3076 2309 3131 idem
2336 3084 2528 3133 auctor
2555 3066 2756 3132 veteris
2783 3085 2838 3131 et
2860 3077 2985 3133 novi
2999 3076 3330 3135 Testamenti
3346 3090 3467 3145 est,
3494 3082 3655 3139 Deus.
3674 3083 3752 3140 ld-

2164 3166 2312 3223 circo
2339 3167 2454 3239 ipse
2483 3169 2751 3224 mediatdr
2776 3168 2871 3225 Dei
2897 3164 2951 3225 et
2975 3171 3281 3238 hominum,
3311 3173 3378 3228 de
3404 3174 3525 3246 lege
3554 3184 3607 3230 et
3631 3191 3752 3246 pro-

2165 3260 2344 3331 phetis
2380 3262 2628 3333 exempla
2659 3276 2902 3327 sumens,
2938 3265 3297 3321 confirmabat
3324 3276 3378 3322 et
3408 3272 3749 3327 commenda-

2164 3350 2260 3406 bat
2299 3352 2601 3409 doctrinam
2638 3355 3005 3425 evangelicam
3056 3358 3397 3414 auditoribus
3440 3362 3578 3426 suis,
3616 3363 3752 3419 sicut

2166 3445 2427 3515 scriptum
2448 3452 2531 3500 est
2551 3447 2617 3501 de
2641 3448 2782 3501 eoin
2804 3447 3099 3518 Evangelio
3126 3449 3278 3521 (Luc.
3300 3451 3399 3523 iv).
3431 3472 3449 3504 ι
3477 3455 3620 3523 quod
3645 3456 3753 3525 ipse

2172 3551 2192 3587 ι
2238 3533 2294 3588 in
2322 3549 2597 3607 synagoga
2635 3539 2937 3593 surrexerit
2963 3539 3182 3611 legere:
3214 3550 3270 3596 et
3296 3542 3457 3598 datus
3483 3545 3557 3600 sit
3589 3545 3663 3599 illi
3692 3544 3753 3600 li-

2181 3640 2199 3673 ι
2238 3622 2337 3676 ber
2376 3622 2527 3678 Isaia:
2557 3624 2857 3695 prophetm.
2892 3624 2992 3692 Qui
3034 3642 3159 3683 cum
3193 3632 3498 3699 aperuisset
3535 3633 3748 3700 librant,

2172 3729 2191 3763 ι
2237 3711 2443 3767 invenit
2473 3712 2653 3769 locum
2680 3714 2769 3770 ubi
2800 3716 3063 3787 scriptum
3086 3728 3206 3775 erat
3236 3734 3259 3773 τ
3280 3720 3520 3790 Spiritus
3544 3723 3751 3779 Domini

2171 3824 2191 3858 ι
2234 3822 2398 3877 super
2424 3822 2541 3872 me,
2584 3817 2807 3879 propter
2836 3812 2980 3880 quod
3024 3812 3181 3867 unxit
3221 3829 3309 3869 me
3337 3833 3351 3871 :
3384 3819 3753 3887 evangelizare

2174 3915 2191 3947 ι
2237 3896 2565 3967 pauperibus
2626 3897 2776 3952 misit
2833 3914 2941 3955 me.
2988 3899 3196 3957 Sanare
3238 3904 3506 3960 contritus
3554 3907 3747 3962 corde~

2176 4008 2196 4040 ‹
2241 3989 2537 4058 praedicare
2566 3990 2798 4059 captivis
2826 3990 3227 4060 remissionem,
3264 4003 3319 4050 et
3344 3998 3506 4052 crecis
3532 3998 3705 4053 visum
3735 4017 3747 4052 :

470 4063 530 4147 et
556 4063 867 4161 diligentius
894 4087 1283 4157 investigabas,
1313 4080 1584 4152 quomodo
1609 4067 1673 4135 ea
1698 4095 1819 4150 qua:
1849 4078 2056 4149 prolata
2087 4063 2132 4128 α
2169 4098 2189 4135 ι
2235 4080 2509 4137 dimittere
2553 4082 2867 4138 contractos
2906 4084 2962 4139 in
3011 4086 3407 4142 remissionem.
3456 4088 3753 4146 Praedicare

470 4190 618 4246 sunt,
650 4180 905 4235 inviolata
930 4185 1182 4234 constare
1223 4180 1465 4244 possent.
1519 4170 1671 4227 Unde
1719 4169 1880 4223 modo
1924 4165 2059 4222 ditii-

472 4272 631 4329 cilem
657 4272 861 4326 exitum
899 4269 953 4323 in
998 4265 1389 4337 quiestionibus
1426 4277 1456 4316 a
1503 4270 1554 4317 te
1592 4261 1725 4315 mihi
1771 4258 2064 4329 propositis

475 4363 722 4420 invenire
756 4361 907 4432 potui
938 4378 951 4414 :
984 4374 1052 4414 eo
1096 4357 1240 4428 quod
1272 4353 1579 4409 testimonia
1622 4351 1689 4407 de
1718 4351 1903 4405 vetere
1948 4349 2064 4419 lege

477 4462 791 4522 assumpta,
850 4453 904 4505 in
943 4446 1188 4519 epistola
1252 4446 1516 4515 rescripta
1578 4441 1646 4529 ad
1707 4440 2063 4496 Humbertum

476 4547 812 4616 episcopum,
852 4549 1013 4610 quota
1058 4538 1413 4609 generatione
1452 4535 1638 4589 liceret
1665 4531 1910 4603 cognatis
1936 4545 2067 4585 con-

478 4640 638 4693 nubia
664 4636 912 4707 jungere,
946 4631 1309 4703 redarguebas
1335 4647 1347 4684 :
1376 4630 1529 4699 quasi
1558 4642 1664 4682 non
1691 4624 2067 4682 convenientia

476 4728 603 4782 huic
638 4725 891 4795 tempori,
920 4724 1023 4777 hoc
1049 4730 1152 4784 est,
1184 4720 1428 4789 religioni
1458 4718 1797 4782 Christiana,
1823 4716 1917 4772 sed
1940 4716 2066 4786 quia

475 4819 528 4872 in
547 4833 683 4871 novo
698 4817 1044 4870 Testamento
1059 4798 1123 4867 de
1148 4814 1250 4867 hoc
1275 4813 1432 4883 plane
1445 4812 1709 4881 scriptum
1736 4825 1843 4865 non
1860 4809 2038 4864 inveni
2050 4850 2065 4876 ,

478 4907 846 4962 necessarium
886 4905 1167 4969 aestimati,
1205 4904 1335 4973 quid
1372 4902 1544 4958 sancti
1586 4908 1771 4971 patres
1818 4901 1884 4957 de
1932 4900 2067 4970 ipsis

480 4996 766 5052 sententiis
798 4995 933 5065 legis,
971 4994 1067 5048 Dei
1116 4993 1407 5058 senserint,
1439 4992 1505 5047 de
1547 4990 1820 5062 opusculis
1850 5004 2062 5057 eorum,

2171 4194 2189 4226 ι
2235 4187 2438 4229 annum
2484 4171 2698 4230 Domini
2742 4183 3049 4244 acceptum,
3097 4184 3152 4231 et
3181 4177 3321 4232 diem
3363 4180 3749 4235 retributionis.

2170 4283 2189 4316 ι
2234 4264 2302 4318 Ει
2330 4276 2455 4319 cum
2490 4262 2768 4332 plicuisset
2794 4264 3017 4330 librum,
3050 4266 3283 4322 reddidit
3311 4268 3569 4325 ministro
3588 4279 3643 4326 et
3671 4284 3749 4325 se-

2171 4371 2189 4403 ‹
2233 4353 2329 4416 dit,
2354 4362 2408 4408 et
2432 4352 2676 4408 omnium
2703 4354 2755 4407 in
2779 4368 3052 4427 synagoga
3072 4357 3213 4411 oculi
3236 4368 3394 4413 erant
3417 4360 3753 4417 intendentes

2172 4463 2191 4495 ι
2236 4444 2290 4499 in
2315 4458 2459 4500 eum.
2497 4444 2677 4514 Cmpit
2717 4452 2898 4498 autem
2936 4445 3118 4501 dicere
3146 4447 3215 4502 ad
3253 4446 3394 4511 illos,
3428 4450 3558 4519 quia
3600 4449 3752 4506 hodie

2174 4554 2192 4587 ι
2238 4535 2457 4607 impleta
2484 4544 2569 4591 est
2596 4536 2714 4591 haec
2746 4536 3018 4605 scriptura
3058 4536 3111 4591 in
3161 4540 3386 4595 auribus
3424 4541 3664 4596 vestris:
3703 4548 3752 4596 et

2173 4645 2190 4678 ι
2233 4642 2423 4683 omnes
2462 4625 2832 4686 testimonium
2864 4626 2943 4681 illi
2976 4628 3199 4694 dabant,
3235 4638 3290 4684 et
3322 4631 3667 4687 mirabantur
3701 4632 3751 4689 in

2174 4736 2191 4768 ι
2237 4719 2417 4773 verbis
2442 4719 2630 4788 gratia:
2651 4734 2773 4788 quae
2801 4718 3170 4789 procedebant
3199 4721 3265 4775 de
3290 4720 3386 4776 ere
3414 4721 3627 4792 ipsius;
3659 4742 3676 4775 ι
3702 4731 3751 4779 et

2165 4816 2289 4878 post
2320 4808 2775 4863 resurrectionem
2818 4809 3030 4881 tegitur,
3062 4810 3205 4880 quod
3236 4812 3448 4868 duobus
3474 4813 3749 4884 discipulis

2167 4916 2351 4979 secum
2381 4901 2435 4955 in
2461 4903 2548 4956 via
2591 4902 2997 4960 ambulantibus
3028 4911 3084 4958 et
3122 4904 3517 4972 dubitantibus,
3561 4908 3753 4963 dixerit

2168 4990 2321 5063 (Luc.
2355 4990 2523 5062 ult.).:
2561 5011 2595 5043 «α
2618 4991 2662 5047 Ο
2690 4992 2842 5047 stulti
2875 5002 2930 5049 et
2961 4992 3100 5048 tardi
3135 4993 3298 5049 corde
3328 4994 3396 5049 ad
3422 4995 3751 5051 credendum

478 5086 575 5170 tibi
606 5084 849 5153 exempla
881 5076 1163 5153 proferre?
1194 5091 1253 5136 ut
1278 5082 1368 5150 qui
1398 5080 1528 5135 mihi
1558 5089 1781 5150 propter
1802 5078 2078 5139 vilitatem
2173 5102 2191 5133 ι
2236 5082 2291 5137 ἱη
2324 5082 2577 5138 omnibus
2605 5098 2725 5163 quae
2751 5082 2917 5139 locuti
2939 5091 3063 5138 sunt
3091 5084 3387 5154 prophetae.
3423 5082 3615 5141 Nonne
3639 5085 3752 5142 haec

484 5189 619 5230 mem
655 5188 898 5244 persona:
929 5171 1212 5228 ditliculter
1242 5172 1441 5237 credis,
1474 5170 1664 5229 saltem
1694 5170 1798 5225 illis
1824 5170 1917 5241 qui
1944 5185 2062 5224 ma-

483 5280 602 5335 gna:
648 5264 986 5320 auctoritatis
1028 5271 1173 5329 sunt,
1222 5272 1441 5320 coactus
1474 5262 1683 5319 credas.
1715 5260 2065 5331 Proponebas

481 5356 624 5410 enim
648 5354 779 5408 mibi
802 5355 937 5410 duas
954 5356 1281 5425 quazstiones
1309 5373 1322 5409 :
1349 5371 1510 5410 uuam
1534 5354 1601 5409 de
1620 5354 2061 5425 consanguineis,

484 5453 650 5516 quota
684 5446 1034 5516 generatione
1062 5447 1141 5501 eis
1176 5446 1363 5501 liceret
1401 5445 1694 5527 seipvicem
1734 5446 1937 5515 nuptiis
1967 5460 2062 5501 co-

482 5536 691 5607 pulare.
722 5536 959 5591 Alteram
1009 5538 1138 5607 quid
1168 5538 1233 5593 de
1268 5536 1353 5591 his
1387 5537 1729 5593 sentiendum
1764 5545 1931 5601 esset,
1969 5536 2062 5607 qui

482 5627 709 5696 magicis
734 5620 1026 5699 praestigiis
1056 5630 1169 5683 sive
1200 5628 1661 5684 incantationibus
1692 5627 2059 5692 daamoniacis,

484 5716 739 5772 dicuntur
780 5718 1028 5775 homines
1070 5718 1250 5775 fallere
1282 5737 1294 5772 :
1326 5729 1383 5775 et
1427 5736 1456 5773 a
1500 5728 1643 5774 statu
1688 5736 1786 5775 suo
1834 5721 2062 5790 pristino

484 5818 730 5865 evertere
768 5825 941 5881 posse.
987 5811 1139 5868 Unde
1180 5810 1412 5885 primum
1455 5811 1520 5867 de
1557 5811 1798 5882 praefatis
1838 5813 2057 5881 nuptiis,

2173 5194 2191 5227 ι
2236 5175 2480 5244 oportuit
2514 5158 2626 5245 pati
2655 5175 2958 5242 Christum,
2992 5184 3050 5231 et
3084 5177 3159 5231 ita
3202 5176 3415 5231 intrare
3444 5176 3498 5231 in
3528 5176 3751 5248 gloriam

2173 5285 2192 5319 ι
2238 5282 2391 5322 suam
2416 5268 2439 5321 ?
2463 5276 2519 5322 et
2542 5267 2805 5337 incipiens
2828 5284 2858 5323 a
2882 5267 3065 5340 Moyse
3089 5276 3145 5324 et
3168 5268 3426 5324 omnibus
3450 5270 3749 5340 prophetis,

2173 5374 2192 5408 ι
2245 5357 2852 5427 interpretabaturdllis
2890 5358 2945 5413 in
2986 5358 3241 5415 omnibus
3274 5356 3597 5427 Scripturis,
3633 5374 3750 5429 qua:

2173 5465 2193 5501 ‹
2237 5447 2305 5503 de
2335 5449 2451 5517 ipso
2476 5456 2656 5512 erant,
2699 5466 2718 5499 ι
2750 5458 2806 5503 et
2834 5448 2887 5503 in
2919 5447 3039 5502 aliis
3068 5447 3312 5518 pluribus
3339 5446 3478 5503 locis
3501 5446 3646 5504 idem
3673 5448 3749 5503 te-

2167 5539 2308 5594 cisse
2345 5538 2635 5604 invenitur,
2680 5553 2781 5594 nec
2822 5540 3111 5595 immerito.
3156 5536 3292 5593 Nam
3338 5539 3392 5593 iu
3436 5548 3623 5594 monte
3662 5539 3750 5595 ubi

2168 5645 2353 5686 coram
2392 5630 2566 5685 tribus
2615 5629 2897 5701 discipulis
2946 5626 3363 5701 transﬁguratus
3398 5638 3484 5685 est
3531 5628 3746 5703 (Matth.

2168 5720 2325 5791 ιιι-ιι),
2373 5739 2390 5770 ι
2445 5729 2814 5791 apparuerunt
2856 5720 3067 5792 Moyses
3117 5728 3172 5775 et
3208 5719 3353 5775 Elias
3398 5734 3522 5775 cum
3562 5734 3631 5775 eo
3664 5719 3747 5774 lo-

2173 5836 2189 5863 ‹
2238 5819 2483 5882 quentes,
2515 5820 2569 5869 et
2595 5811 2848 5868 dicebant
2876 5828 3159 5868 excessum
3189 5828 3350 5882 quem
3378 5812 3747 5884 completum:
