  <div class='ocr_page' id='page_1' title='image "/cluster/home/n/w/nwhite01/storage/ocr_20150623/110/uva.x000827066/552.png"; bbox 0 0 3924 6342; ppageno 0'>
   <div class='ocr_carea' id='block_1_1' title="bbox 160 412 302 469">
    <p class='ocr_par' dir='ltr' id='par_1_1' title="bbox 160 412 302 469">
     <span class='ocr_line' id='line_1_1' title="bbox 160 412 302 469; baseline -0.014 0"><span class='ocrx_word' id='word_1_1' title='bbox 160 412 302 469; x_wconf 67' lang='grc'><strong>11)89</strong></span> 
     </span>
    </p>
   </div>
   <div class='ocr_carea' id='block_1_2' title="bbox 1222 380 2365 459">
    <p class='ocr_par' dir='ltr' id='par_1_2' title="bbox 1222 380 2365 459">
     <span class='ocr_line' id='line_1_2' title="bbox 1222 380 2365 459; baseline -0.003 -1"><span class='ocrx_word' id='word_1_2' title='bbox 1222 402 1311 458; x_wconf 70' lang='lat' dir='ltr'><strong>ne</strong></span> <span class='ocrx_word' id='word_1_3' title='bbox 1347 398 2032 459; x_wconf 60' lang='lat' dir='ltr'><strong>cossaucumaonuu</strong></span> <span class='ocrx_word' id='word_1_4' title='bbox 2073 380 2365 457; x_wconf 74' lang='lat' dir='ltr'><strong>NUPTllS.</strong></span> 
     </span>
    </p>
   </div>
   <div class='ocr_carea' id='block_1_3' title="bbox 3287 407 3425 463">
    <p class='ocr_par' dir='ltr' id='par_1_3' title="bbox 3287 407 3425 463">
     <span class='ocr_line' id='line_1_3' title="bbox 3287 407 3425 463; baseline 0.014 -2"><span class='ocrx_word' id='word_1_5' title='bbox 3287 407 3425 463; x_wconf 79' lang='grc'><strong>1090</strong></span> 
     </span>
    </p>
   </div>
   <div class='ocr_carea' id='block_1_4' title="bbox 164 508 3428 587">
    <p class='ocr_par' dir='ltr' id='par_1_4' title="bbox 164 508 3428 587">
     <span class='ocr_line' id='line_1_4' title="bbox 164 508 3428 587; baseline -0.003 -8"><span class='ocrx_word' id='word_1_6' title='bbox 164 544 185 579; x_wconf 76' lang='grc' dir='ltr'>ι</span> <span class='ocrx_word' id='word_1_7' title='bbox 229 532 351 579; x_wconf 87' lang='lat' dir='ltr'><strong>erat</strong></span> <span class='ocrx_word' id='word_1_8' title='bbox 382 522 433 576; x_wconf 89' lang='lat' dir='ltr'><strong>in</strong></span> <span class='ocrx_word' id='word_1_9' title='bbox 461 519 820 582; x_wconf 78' lang='lat' dir='ltr'><strong>Hierusalem,</strong></span> <span class='ocrx_word' id='word_1_10' title='bbox 846 525 905 573; x_wconf 94' lang='lat' dir='ltr'><strong>ut</strong></span> <span class='ocrx_word' id='word_1_11' title='bbox 932 514 1321 587; x_wconf 86' lang='lat' dir='ltr'><strong>intelligeretur</strong></span> <span class='ocrx_word' id='word_1_12' title='bbox 1354 527 1477 570; x_wconf 92' lang='lat' dir='ltr'><strong>eum</strong></span> <span class='ocrx_word' id='word_1_13' title='bbox 1504 512 1747 567; x_wconf 91' lang='lat' dir='ltr'><strong>testimo-</strong></span> <span class='ocrx_word' id='word_1_14' title='bbox 1774 514 1827 575; x_wconf 83' lang='grc' dir='ltr'><strong>Α</strong></span> <span class='ocrx_word' id='word_1_15' title='bbox 1851 510 1997 565; x_wconf 88' lang='lat' dir='ltr'><strong>enim</strong></span> <span class='ocrx_word' id='word_1_16' title='bbox 2028 517 2156 563; x_wconf 91' lang='lat' dir='ltr'><strong>sunt</strong></span> <span class='ocrx_word' id='word_1_17' title='bbox 2179 510 2286 564; x_wconf 86' lang='lat' dir='ltr'><strong>duo</strong></span> <span class='ocrx_word' id='word_1_18' title='bbox 2330 508 2676 564; x_wconf 83' lang='lat' dir='ltr'><strong>Testamenta</strong></span> <span class='ocrx_word' id='word_1_19' title='bbox 2703 527 2715 563; x_wconf 89' lang='lat'><strong>:</strong></span> <span class='ocrx_word' id='word_1_20' title='bbox 2746 525 2909 565; x_wconf 91' lang='lat' dir='ltr'><strong>unum</strong></span> <span class='ocrx_word' id='word_1_21' title='bbox 2938 510 3154 581; x_wconf 86' lang='lat' dir='ltr'><strong>quitlem</strong></span> <span class='ocrx_word' id='word_1_22' title='bbox 3185 528 3214 567; x_wconf 91' lang='lat' dir='ltr'><strong>a</strong></span> <span class='ocrx_word' id='word_1_23' title='bbox 3246 527 3428 579; x_wconf 81' lang='lat' dir='ltr'><strong>monte</strong></span> 
     </span>
    </p>
   </div>
   <div class='ocr_carea' id='block_1_5' title="bbox 165 604 1750 683">
    <p class='ocr_par' dir='ltr' id='par_1_5' title="bbox 165 604 1750 683">
     <span class='ocr_line' id='line_1_5' title="bbox 165 604 1750 683; baseline -0.006 -15"><span class='ocrx_word' id='word_1_24' title='bbox 165 632 185 667; x_wconf 77' lang='grc' dir='ltr'>ι</span> <span class='ocrx_word' id='word_1_25' title='bbox 228 614 381 667; x_wconf 87' lang='lat' dir='ltr'><strong>nium</strong></span> <span class='ocrx_word' id='word_1_26' title='bbox 412 611 613 683; x_wconf 85' lang='lat' dir='ltr'><strong>habere</strong></span> <span class='ocrx_word' id='word_1_27' title='bbox 643 608 802 673; x_wconf 82' lang='lat' dir='ltr'><strong>velle,</strong></span> <span class='ocrx_word' id='word_1_28' title='bbox 841 624 870 663; x_wconf 89' lang='lat' dir='ltr'><strong>a</strong></span> <span class='ocrx_word' id='word_1_29' title='bbox 898 607 1015 679; x_wconf 89' lang='lat' dir='ltr'><strong>lege</strong></span> <span class='ocrx_word' id='word_1_30' title='bbox 1042 616 1096 662; x_wconf 91' lang='lat' dir='ltr'><strong>et</strong></span> <span class='ocrx_word' id='word_1_31' title='bbox 1123 606 1421 678; x_wconf 74' lang='lat' dir='ltr'><strong>prophetis.</strong></span> <span class='ocrx_word' id='word_1_32' title='bbox 1469 624 1487 658; x_wconf 78' lang='grc' dir='ltr'><strong><em>ι</em></strong></span> <span class='ocrx_word' id='word_1_33' title='bbox 1520 604 1673 662; x_wconf 89' lang='lat' dir='ltr'><strong>Unde</strong></span> <span class='ocrx_word' id='word_1_34' title='bbox 1694 613 1750 660; x_wconf 90' lang='lat' dir='ltr'><strong>et</strong></span> 
     </span>
    </p>
   </div>
   <div class='ocr_carea' id='block_1_6' title="bbox 160 693 1747 782">
    <p class='ocr_par' dir='ltr' id='par_1_6' title="bbox 160 693 1747 782">
     <span class='ocr_line' id='line_1_6' title="bbox 160 693 1747 782; baseline -0.007 -23"><span class='ocrx_word' id='word_1_35' title='bbox 160 700 478 774; x_wconf 78' lang='lat' dir='ltr'><strong>Apostolus,</strong></span> <span class='ocrx_word' id='word_1_36' title='bbox 514 698 747 769; x_wconf 78' lang='lat' dir='ltr'><strong>gratiam</strong></span> <span class='ocrx_word' id='word_1_37' title='bbox 776 698 901 752; x_wconf 90' lang='lat' dir='ltr'><strong>novi</strong></span> <span class='ocrx_word' id='word_1_38' title='bbox 932 695 1265 750; x_wconf 88' lang='lat' dir='ltr'><strong>Testameuti</strong></span> <span class='ocrx_word' id='word_1_39' title='bbox 1288 693 1629 751; x_wconf 88' lang='lat' dir='ltr'><strong>testiﬁcatam</strong></span> <span class='ocrx_word' id='word_1_40' title='bbox 1657 708 1747 782; x_wconf 68' lang='lat' dir='ltr'><strong>as-</strong></span> 
     </span>
    </p>
   </div>
   <div class='ocr_carea' id='block_1_7' title="bbox 160 783 1748 859">
    <p class='ocr_par' dir='ltr' id='par_1_7' title="bbox 160 783 1748 859">
     <span class='ocr_line' id='line_1_7' title="bbox 160 783 1748 859; baseline -0.006 -11"><span class='ocrx_word' id='word_1_41' title='bbox 160 791 296 848; x_wconf 74' lang='lat' dir='ltr'><strong>serit</strong></span> <span class='ocrx_word' id='word_1_42' title='bbox 324 806 353 844; x_wconf 90' lang='lat' dir='ltr'><strong>a</strong></span> <span class='ocrx_word' id='word_1_43' title='bbox 384 789 501 859; x_wconf 82' lang='lat' dir='ltr'><strong>lege</strong></span> <span class='ocrx_word' id='word_1_44' title='bbox 527 797 581 843; x_wconf 91' lang='lat' dir='ltr'><strong>ct</strong></span> <span class='ocrx_word' id='word_1_45' title='bbox 600 787 877 858; x_wconf 77' lang='lat' dir='ltr'><strong>prophetis</strong></span> <span class='ocrx_word' id='word_1_46' title='bbox 904 783 1080 858; x_wconf 86' lang='lat' dir='ltr'><strong>(Rom.</strong></span> <span class='ocrx_word' id='word_1_47' title='bbox 1106 784 1227 858; x_wconf 86' lang='lat' dir='ltr'><strong>vn),</strong></span> <span class='ocrx_word' id='word_1_48' title='bbox 1259 784 1383 855; x_wconf 86' lang='lat' dir='ltr'><strong>quia</strong></span> <span class='ocrx_word' id='word_1_49' title='bbox 1420 803 1438 836; x_wconf 89' lang='grc'>‹</span> <span class='ocrx_word' id='word_1_50' title='bbox 1477 783 1560 839; x_wconf 83' lang='lat' dir='ltr'><strong>lex</strong></span> <span class='ocrx_word' id='word_1_51' title='bbox 1585 784 1748 854; x_wconf 91' lang='lat' dir='ltr'><strong>spiri-</strong></span> 
     </span>
    </p>
   </div>
   <div class='ocr_carea' id='block_1_8' title="bbox 166 873 1747 943">
    <p class='ocr_par' dir='ltr' id='par_1_8' title="bbox 166 873 1747 943">
     <span class='ocr_line' id='line_1_8' title="bbox 166 873 1747 943; baseline -0.003 -10"><span class='ocrx_word' id='word_1_52' title='bbox 166 899 187 933; x_wconf 71' lang='lat' dir='ltr'><strong>c</strong></span> <span class='ocrx_word' id='word_1_53' title='bbox 234 880 358 935; x_wconf 91' lang='lat' dir='ltr'><strong>talis</strong></span> <span class='ocrx_word' id='word_1_54' title='bbox 382 887 468 933; x_wconf 87' lang='lat' dir='ltr'><strong>est</strong></span> <span class='ocrx_word' id='word_1_55' title='bbox 494 886 549 933; x_wconf 91' lang='lat' dir='ltr'><strong>et</strong></span> <span class='ocrx_word' id='word_1_56' title='bbox 582 885 796 941; x_wconf 85' lang='lat' dir='ltr'><strong>sancta,</strong></span> <span class='ocrx_word' id='word_1_57' title='bbox 825 882 879 930; x_wconf 91' lang='lat' dir='ltr'><strong>et</strong></span> <span class='ocrx_word' id='word_1_58' title='bbox 909 875 1225 929; x_wconf 91' lang='lat' dir='ltr'><strong>mandatum</strong></span> <span class='ocrx_word' id='word_1_59' title='bbox 1269 882 1516 929; x_wconf 90' lang='lat' dir='ltr'><strong>sanctum</strong></span> <span class='ocrx_word' id='word_1_60' title='bbox 1544 882 1599 928; x_wconf 89' lang='lat' dir='ltr'><strong>et</strong></span> <span class='ocrx_word' id='word_1_61' title='bbox 1627 873 1747 943; x_wconf 89' lang='lat' dir='ltr'><strong>jus-</strong></span> 
     </span>
    </p>
   </div>
   <div class='ocr_carea' id='block_1_9' title="bbox 168 964 1750 1036">
    <p class='ocr_par' dir='ltr' id='par_1_9' title="bbox 168 964 1750 1036">
     <span class='ocr_line' id='line_1_9' title="bbox 168 964 1750 1036; baseline -0.003 -12"><span class='ocrx_word' id='word_1_62' title='bbox 168 990 188 1024; x_wconf 74' lang='grc' dir='ltr'>ι</span> <span class='ocrx_word' id='word_1_63' title='bbox 235 980 351 1026; x_wconf 89' lang='lat' dir='ltr'><strong>tum</strong></span> <span class='ocrx_word' id='word_1_64' title='bbox 369 977 433 1033; x_wconf 75' lang='lat' dir='ltr'><strong>et</strong></span> <span class='ocrx_word' id='word_1_65' title='bbox 458 969 680 1025; x_wconf 89' lang='lat' dir='ltr'><strong>bonum.</strong></span> <span class='ocrx_word' id='word_1_66' title='bbox 728 986 745 1018; x_wconf 75' lang='grc' dir='ltr'><strong><em>ι</em></strong></span> <span class='ocrx_word' id='word_1_67' title='bbox 774 966 852 1021; x_wconf 81' lang='lat' dir='ltr'><strong>Ex</strong></span> <span class='ocrx_word' id='word_1_68' title='bbox 880 981 987 1036; x_wconf 91' lang='lat' dir='ltr'><strong>quo</strong></span> <span class='ocrx_word' id='word_1_69' title='bbox 1011 966 1305 1027; x_wconf 86' lang='lat' dir='ltr'><strong>notandum</strong></span> <span class='ocrx_word' id='word_1_70' title='bbox 1331 974 1433 1030; x_wconf 91' lang='lat' dir='ltr'><strong>est,</strong></span> <span class='ocrx_word' id='word_1_71' title='bbox 1465 964 1608 1033; x_wconf 90' lang='lat' dir='ltr'><strong>quod</strong></span> <span class='ocrx_word' id='word_1_72' title='bbox 1632 965 1750 1034; x_wconf 89' lang='lat' dir='ltr'><strong>ipsa</strong></span> 
     </span>
    </p>
   </div>
   <div class='ocr_carea' id='block_1_10' title="bbox 162 1055 1746 1128">
    <p class='ocr_par' dir='ltr' id='par_1_10' title="bbox 162 1055 1746 1128">
     <span class='ocr_line' id='line_1_10' title="bbox 162 1055 1746 1128; baseline -0.004 -11"><span class='ocrx_word' id='word_1_73' title='bbox 162 1058 252 1117; x_wconf 81' lang='lat' dir='ltr'><strong>lex</strong></span> <span class='ocrx_word' id='word_1_74' title='bbox 289 1060 344 1115; x_wconf 89' lang='lat' dir='ltr'><strong>in</strong></span> <span class='ocrx_word' id='word_1_75' title='bbox 375 1059 648 1128; x_wconf 82' lang='lat' dir='ltr'><strong>aliquibus</strong></span> <span class='ocrx_word' id='word_1_76' title='bbox 696 1056 830 1113; x_wconf 89' lang='lat' dir='ltr'><strong>locis</strong></span> <span class='ocrx_word' id='word_1_77' title='bbox 860 1056 1155 1112; x_wconf 87' lang='lat' dir='ltr'><strong>secundum</strong></span> <span class='ocrx_word' id='word_1_78' title='bbox 1198 1055 1483 1111; x_wconf 85' lang='lat' dir='ltr'><strong>historiam</strong></span> <span class='ocrx_word' id='word_1_79' title='bbox 1518 1063 1746 1121; x_wconf 87' lang='lat' dir='ltr'><strong>tantum,</strong></span> 
     </span>
    </p>
   </div>
   <div class='ocr_carea' id='block_1_11' title="bbox 163 1146 1749 1223">
    <p class='ocr_par' dir='ltr' id='par_1_11' title="bbox 163 1146 1749 1223">
     <span class='ocr_line' id='line_1_11' title="bbox 163 1146 1749 1223; baseline -0.004 -16"><span class='ocrx_word' id='word_1_80' title='bbox 163 1152 221 1207; x_wconf 91' lang='lat' dir='ltr'><strong>in</strong></span> <span class='ocrx_word' id='word_1_81' title='bbox 249 1151 524 1222; x_wconf 88' lang='lat' dir='ltr'><strong>aliquibus</strong></span> <span class='ocrx_word' id='word_1_82' title='bbox 552 1150 1001 1223; x_wconf 7' lang='lat' dir='ltr'><strong>verogsecundum</strong></span> <span class='ocrx_word' id='word_1_83' title='bbox 1028 1148 1356 1219; x_wconf 73' lang='lat' dir='ltr'><strong>allegoriam,</strong></span> <span class='ocrx_word' id='word_1_84' title='bbox 1379 1148 1432 1200; x_wconf 93' lang='lat' dir='ltr'><strong>in</strong></span> <span class='ocrx_word' id='word_1_85' title='bbox 1459 1146 1749 1216; x_wconf 86' lang='lat' dir='ltr'><strong>aliquantis</strong></span> 
     </span>
    </p>
   </div>
   <div class='ocr_carea' id='block_1_12' title="bbox 164 1237 1751 1307">
    <p class='ocr_par' dir='ltr' id='par_1_12' title="bbox 164 1237 1751 1307">
     <span class='ocr_line' id='line_1_12' title="bbox 164 1237 1751 1307; baseline -0.004 -10"><span class='ocrx_word' id='word_1_86' title='bbox 164 1249 348 1297; x_wconf 75' lang='lat' dir='ltr'><strong>autem</strong></span> <span class='ocrx_word' id='word_1_87' title='bbox 386 1240 685 1296; x_wconf 89' lang='lat' dir='ltr'><strong>secundum</strong></span> <span class='ocrx_word' id='word_1_88' title='bbox 722 1239 1007 1294; x_wconf 85' lang='lat' dir='ltr'><strong>historiam</strong></span> <span class='ocrx_word' id='word_1_89' title='bbox 1039 1238 1199 1292; x_wconf 90' lang='lat' dir='ltr'><strong>simul</strong></span> <span class='ocrx_word' id='word_1_90' title='bbox 1229 1246 1285 1292; x_wconf 91' lang='lat' dir='ltr'><strong>et</strong></span> <span class='ocrx_word' id='word_1_91' title='bbox 1317 1237 1629 1307; x_wconf 76' lang='lat' dir='ltr'><strong>allegoriam</strong></span> <span class='ocrx_word' id='word_1_92' title='bbox 1668 1237 1751 1290; x_wconf 90' lang='lat' dir='ltr'><strong>in-</strong></span> 
     </span>
    </p>
   </div>
   <div class='ocr_carea' id='block_1_13' title="bbox 164 1327 1752 1403">
    <p class='ocr_par' dir='ltr' id='par_1_13' title="bbox 164 1327 1752 1403">
     <span class='ocr_line' id='line_1_13' title="bbox 164 1327 1752 1403; baseline -0.004 -16"><span class='ocrx_word' id='word_1_93' title='bbox 164 1332 455 1403; x_wconf 88' lang='lat' dir='ltr'><strong>telligenda</strong></span> <span class='ocrx_word' id='word_1_94' title='bbox 485 1341 588 1386; x_wconf 88' lang='lat' dir='ltr'><strong>est.</strong></span> <span class='ocrx_word' id='word_1_95' title='bbox 625 1330 783 1399; x_wconf 85' lang='lat' dir='ltr'><strong>Quia,</strong></span> <span class='ocrx_word' id='word_1_96' title='bbox 816 1338 877 1385; x_wconf 88' lang='lat' dir='ltr'><strong>ut</strong></span> <span class='ocrx_word' id='word_1_97' title='bbox 904 1330 963 1383; x_wconf 88' lang='grc' dir='ltr'><strong>Β.</strong></span> <span class='ocrx_word' id='word_1_98' title='bbox 1004 1329 1326 1384; x_wconf 85' lang='lat' dir='ltr'><strong>Ambrosius</strong></span> <span class='ocrx_word' id='word_1_99' title='bbox 1374 1327 1612 1398; x_wconf 88' lang='lat' dir='ltr'><strong>scripsit,</strong></span> <span class='ocrx_word' id='word_1_100' title='bbox 1655 1327 1752 1381; x_wconf 89' lang='lat' dir='ltr'><strong>tri-</strong></span> 
     </span>
    </p>
   </div>
   <div class='ocr_carea' id='block_1_14' title="bbox 160 1421 1751 1496">
    <p class='ocr_par' dir='ltr' id='par_1_14' title="bbox 160 1421 1751 1496">
     <span class='ocr_line' id='line_1_14' title="bbox 160 1421 1751 1496; baseline -0.003 -18"><span class='ocrx_word' id='word_1_101' title='bbox 160 1424 286 1496; x_wconf 80' lang='lat' dir='ltr'><strong>plex</strong></span> <span class='ocrx_word' id='word_1_102' title='bbox 336 1424 553 1495; x_wconf 85' lang='lat' dir='ltr'><strong>quidem</strong></span> <span class='ocrx_word' id='word_1_103' title='bbox 599 1423 681 1478; x_wconf 73' lang='lat' dir='ltr'><strong>lex</strong></span> <span class='ocrx_word' id='word_1_104' title='bbox 732 1431 833 1478; x_wconf 85' lang='lat' dir='ltr'><strong>est.</strong></span> <span class='ocrx_word' id='word_1_105' title='bbox 883 1423 960 1477; x_wconf 89' lang='lat' dir='ltr'><strong>lta</strong></span> <span class='ocrx_word' id='word_1_106' title='bbox 991 1431 1049 1477; x_wconf 88' lang='lat' dir='ltr'><strong>ut</strong></span> <span class='ocrx_word' id='word_1_107' title='bbox 1082 1424 1257 1491; x_wconf 85' lang='lat' dir='ltr'><strong>prima</strong></span> <span class='ocrx_word' id='word_1_108' title='bbox 1286 1436 1414 1491; x_wconf 88' lang='lat' dir='ltr'><strong>pars</strong></span> <span class='ocrx_word' id='word_1_109' title='bbox 1452 1421 1521 1475; x_wconf 90' lang='lat' dir='ltr'><strong>de</strong></span> <span class='ocrx_word' id='word_1_110' title='bbox 1570 1434 1751 1475; x_wconf 89' lang='lat' dir='ltr'><strong>sacra-</strong></span> 
     </span>
    </p>
   </div>
   <div class='ocr_carea' id='block_1_15' title="bbox 161 1512 1753 1581">
    <p class='ocr_par' dir='ltr' id='par_1_15' title="bbox 161 1512 1753 1581">
     <span class='ocr_line' id='line_1_15' title="bbox 161 1512 1753 1581; baseline -0.002 -11"><span class='ocrx_word' id='word_1_111' title='bbox 161 1522 349 1570; x_wconf 87' lang='lat' dir='ltr'><strong>mento</strong></span> <span class='ocrx_word' id='word_1_112' title='bbox 377 1514 700 1579; x_wconf 82' lang='lat' dir='ltr'><strong>divinitatis,</strong></span> <span class='ocrx_word' id='word_1_113' title='bbox 732 1514 803 1567; x_wconf 88' lang='lat' dir='ltr'><strong>sit</strong></span> <span class='ocrx_word' id='word_1_114' title='bbox 829 1513 924 1568; x_wconf 88' lang='lat' dir='ltr'><strong>Dei</strong></span> <span class='ocrx_word' id='word_1_115' title='bbox 950 1531 963 1566; x_wconf 88' lang='lat'><strong>:</strong></span> <span class='ocrx_word' id='word_1_116' title='bbox 999 1512 1233 1567; x_wconf 87' lang='lat' dir='ltr'><strong>secunda</strong></span> <span class='ocrx_word' id='word_1_117' title='bbox 1260 1521 1442 1566; x_wconf 89' lang='lat' dir='ltr'><strong>autem</strong></span> <span class='ocrx_word' id='word_1_118' title='bbox 1475 1527 1595 1581; x_wconf 70' lang='lat' dir='ltr'><strong>quae</strong></span> <span class='ocrx_word' id='word_1_119' title='bbox 1622 1526 1753 1567; x_wconf 89' lang='lat' dir='ltr'><strong>con-</strong></span> 
     </span>
    </p>
   </div>
   <div class='ocr_carea' id='block_1_16' title="bbox 161 1603 1753 1675">
    <p class='ocr_par' dir='ltr' id='par_1_16' title="bbox 161 1603 1753 1675">
     <span class='ocr_line' id='line_1_16' title="bbox 161 1603 1753 1675; baseline -0.001 -17"><span class='ocrx_word' id='word_1_120' title='bbox 161 1606 312 1675; x_wconf 89' lang='lat' dir='ltr'><strong>gruit</strong></span> <span class='ocrx_word' id='word_1_121' title='bbox 340 1605 445 1673; x_wconf 82' lang='lat' dir='ltr'><strong>legi</strong></span> <span class='ocrx_word' id='word_1_122' title='bbox 475 1604 730 1668; x_wconf 86' lang='lat' dir='ltr'><strong>naturali,</strong></span> <span class='ocrx_word' id='word_1_123' title='bbox 762 1619 882 1673; x_wconf 78' lang='lat' dir='ltr'><strong>qua:</strong></span> <span class='ocrx_word' id='word_1_124' title='bbox 936 1603 1210 1658; x_wconf 86' lang='lat' dir='ltr'><strong>interdicit</strong></span> <span class='ocrx_word' id='word_1_125' title='bbox 1240 1611 1522 1674; x_wconf 87' lang='lat' dir='ltr'><strong>peccatum</strong></span> <span class='ocrx_word' id='word_1_126' title='bbox 1553 1620 1566 1657; x_wconf 91' lang='lat'><strong>:</strong></span> <span class='ocrx_word' id='word_1_127' title='bbox 1595 1603 1753 1658; x_wconf 91' lang='lat' dir='ltr'><strong>tertia</strong></span> 
     </span>
    </p>
   </div>
   <div class='ocr_carea' id='block_1_17' title="bbox 160 1693 1753 1763">
    <p class='ocr_par' dir='ltr' id='par_1_17' title="bbox 160 1693 1753 1763">
     <span class='ocr_line' id='line_1_17' title="bbox 160 1693 1753 1763; baseline -0.001 -14"><span class='ocrx_word' id='word_1_128' title='bbox 160 1709 313 1759; x_wconf 88' lang='lat' dir='ltr'><strong>vero,</strong></span> <span class='ocrx_word' id='word_1_129' title='bbox 346 1694 451 1749; x_wconf 66' lang='lat' dir='ltr'><strong>lex.</strong></span> <span class='ocrx_word' id='word_1_130' title='bbox 475 1704 558 1749; x_wconf 91' lang='lat' dir='ltr'><strong>est</strong></span> <span class='ocrx_word' id='word_1_131' title='bbox 583 1693 873 1759; x_wconf 86' lang='lat' dir='ltr'><strong>factorum,</strong></span> <span class='ocrx_word' id='word_1_132' title='bbox 901 1694 954 1749; x_wconf 91' lang='lat' dir='ltr'><strong>id</strong></span> <span class='ocrx_word' id='word_1_133' title='bbox 981 1702 1082 1760; x_wconf 89' lang='lat' dir='ltr'><strong>est,</strong></span> <span class='ocrx_word' id='word_1_134' title='bbox 1126 1693 1338 1748; x_wconf 83' lang='lat' dir='ltr'><strong>sabbati</strong></span> <span class='ocrx_word' id='word_1_135' title='bbox 1371 1694 1626 1763; x_wconf 84' lang='lat' dir='ltr'><strong>historica</strong></span> <span class='ocrx_word' id='word_1_136' title='bbox 1654 1694 1753 1748; x_wconf 89' lang='lat' dir='ltr'><strong>ob-</strong></span> 
     </span>
    </p>
   </div>
   <div class='ocr_carea' id='block_1_18' title="bbox 161 1769 1746 1858">
    <p class='ocr_par' dir='ltr' id='par_1_18' title="bbox 161 1769 1746 1858">
     <span class='ocr_line' id='line_1_18' title="bbox 161 1769 1746 1858; baseline -0.003 -14"><span class='ocrx_word' id='word_1_137' title='bbox 161 1787 421 1852; x_wconf 82' lang='lat' dir='ltr'><strong>servatio,</strong></span> <span class='ocrx_word' id='word_1_138' title='bbox 454 1787 753 1843; x_wconf 74' lang='lat' dir='ltr'><strong>ncomenize</strong></span> <span class='ocrx_word' id='word_1_139' title='bbox 773 1796 827 1842; x_wconf 90' lang='lat' dir='ltr'><strong>et</strong></span> <span class='ocrx_word' id='word_1_140' title='bbox 850 1788 1209 1853; x_wconf 90' lang='lat' dir='ltr'><strong>circumcisio,</strong></span> <span class='ocrx_word' id='word_1_141' title='bbox 1253 1769 1372 1858; x_wconf 65' lang='grc' dir='ltr'><strong>ψιαὲ</strong></span> <span class='ocrx_word' id='word_1_142' title='bbox 1415 1786 1746 1858; x_wconf 84' lang='lat' dir='ltr'><strong>Spiritaliter,</strong></span> 
     </span>
    </p>
   </div>
   <div class='ocr_carea' id='block_1_19' title="bbox 1852 598 3427 676">
    <p class='ocr_par' dir='ltr' id='par_1_19' title="bbox 1852 598 3427 676">
     <span class='ocr_line' id='line_1_19' title="bbox 1852 598 3427 676; baseline 0.005 -21"><span class='ocrx_word' id='word_1_143' title='bbox 1852 598 1982 655; x_wconf 88' lang='lat' dir='ltr'><strong>Sina</strong></span> <span class='ocrx_word' id='word_1_144' title='bbox 2012 600 2067 653; x_wconf 91' lang='lat' dir='ltr'><strong>in</strong></span> <span class='ocrx_word' id='word_1_145' title='bbox 2091 599 2409 654; x_wconf 80' lang='lat' dir='ltr'><strong>servitutem</strong></span> <span class='ocrx_word' id='word_1_146' title='bbox 2460 615 2749 669; x_wconf 83' lang='lat' dir='ltr'><strong>generans,</strong></span> <span class='ocrx_word' id='word_1_147' title='bbox 2803 618 2923 671; x_wconf 72' lang='lat' dir='ltr'><strong>qua:</strong></span> <span class='ocrx_word' id='word_1_148' title='bbox 2964 612 3047 658; x_wconf 89' lang='lat' dir='ltr'><strong>est</strong></span> <span class='ocrx_word' id='word_1_149' title='bbox 3094 605 3255 676; x_wconf 81' lang='lat' dir='ltr'><strong>Agar.</strong></span> <span class='ocrx_word' id='word_1_150' title='bbox 3297 605 3427 663; x_wconf 83' lang='lat' dir='ltr'><strong>Sina</strong></span> 
     </span>
    </p>
   </div>
   <div class='ocr_carea' id='block_1_20' title="bbox 1850 688 3427 769">
    <p class='ocr_par' dir='ltr' id='par_1_20' title="bbox 1850 688 3427 769">
     <span class='ocr_line' id='line_1_20' title="bbox 1850 688 3427 769; baseline 0.008 -27"><span class='ocrx_word' id='word_1_151' title='bbox 1850 689 1995 743; x_wconf 88' lang='lat' dir='ltr'><strong>enim</strong></span> <span class='ocrx_word' id='word_1_152' title='bbox 2018 688 2176 755; x_wconf 83' lang='lat' dir='ltr'><strong>mons</strong></span> <span class='ocrx_word' id='word_1_153' title='bbox 2201 696 2286 744; x_wconf 89' lang='lat' dir='ltr'><strong>est</strong></span> <span class='ocrx_word' id='word_1_154' title='bbox 2314 689 2369 743; x_wconf 93' lang='lat' dir='ltr'><strong>in</strong></span> <span class='ocrx_word' id='word_1_155' title='bbox 2391 689 2611 756; x_wconf 83' lang='lat' dir='ltr'><strong>Arabia,</strong></span> <span class='ocrx_word' id='word_1_156' title='bbox 2640 692 2731 761; x_wconf 90' lang='lat' dir='ltr'><strong>qui</strong></span> <span class='ocrx_word' id='word_1_157' title='bbox 2758 694 3074 762; x_wconf 84' lang='lat' dir='ltr'><strong>conjunctus</strong></span> <span class='ocrx_word' id='word_1_158' title='bbox 3102 707 3186 752; x_wconf 73' lang='lat' dir='ltr'><strong>est</strong></span> <span class='ocrx_word' id='word_1_159' title='bbox 3209 696 3280 764; x_wconf 89' lang='lat' dir='ltr'><strong>ei,</strong></span> <span class='ocrx_word' id='word_1_160' title='bbox 3305 714 3427 769; x_wconf 69' lang='lat' dir='ltr'><strong>quae</strong></span> 
     </span>
    </p>
   </div>
   <div class='ocr_carea' id='block_1_21' title="bbox 1850 777 3421 845">
    <p class='ocr_par' dir='ltr' id='par_1_21' title="bbox 1850 777 3421 845">
     <span class='ocr_line' id='line_1_21' title="bbox 1850 777 3421 845; baseline 0.006 -12"><span class='ocrx_word' id='word_1_161' title='bbox 1850 795 1995 834; x_wconf 89' lang='lat' dir='ltr'><strong>nunc</strong></span> <span class='ocrx_word' id='word_1_162' title='bbox 2018 787 2103 835; x_wconf 91' lang='lat' dir='ltr'><strong>est</strong></span> <span class='ocrx_word' id='word_1_163' title='bbox 2140 777 2501 845; x_wconf 81' lang='lat' dir='ltr'><strong>Hierusalem,</strong></span> <span class='ocrx_word' id='word_1_164' title='bbox 2530 788 2583 834; x_wconf 93' lang='lat' dir='ltr'><strong>et</strong></span> <span class='ocrx_word' id='word_1_165' title='bbox 2626 782 2794 835; x_wconf 86' lang='lat' dir='ltr'><strong>servit</strong></span> <span class='ocrx_word' id='word_1_166' title='bbox 2824 798 2946 837; x_wconf 91' lang='lat' dir='ltr'><strong>eum</strong></span> <span class='ocrx_word' id='word_1_167' title='bbox 2980 782 3103 839; x_wconf 88' lang='lat' dir='ltr'><strong>ﬁliis</strong></span> <span class='ocrx_word' id='word_1_168' title='bbox 3141 785 3273 841; x_wconf 87' lang='lat' dir='ltr'><strong>suis.</strong></span> <span class='ocrx_word' id='word_1_169' title='bbox 3325 786 3421 843; x_wconf 85' lang='lat' dir='ltr'><strong>Illa</strong></span> 
     </span>
    </p>
   </div>
   <div class='ocr_carea' id='block_1_22' title="bbox 1850 866 3428 946">
    <p class='ocr_par' dir='ltr' id='par_1_22' title="bbox 1850 866 3428 946">
     <span class='ocr_line' id='line_1_22' title="bbox 1850 866 3428 946; baseline 0.005 -23"><span class='ocrx_word' id='word_1_170' title='bbox 1850 878 2031 924; x_wconf 88' lang='lat' dir='ltr'><strong>autem</strong></span> <span class='ocrx_word' id='word_1_171' title='bbox 2056 866 2177 939; x_wconf 65' lang='lat' dir='ltr'><strong>qua:</strong></span> <span class='ocrx_word' id='word_1_172' title='bbox 2207 885 2421 925; x_wconf 83' lang='lat' dir='ltr'><strong>sursum</strong></span> <span class='ocrx_word' id='word_1_173' title='bbox 2459 878 2543 925; x_wconf 88' lang='lat' dir='ltr'><strong>est</strong></span> <span class='ocrx_word' id='word_1_174' title='bbox 2573 870 2927 938; x_wconf 84' lang='lat' dir='ltr'><strong>Hierusalem,</strong></span> <span class='ocrx_word' id='word_1_175' title='bbox 2956 872 3125 927; x_wconf 88' lang='lat' dir='ltr'><strong>libera</strong></span> <span class='ocrx_word' id='word_1_176' title='bbox 3156 884 3235 929; x_wconf 91' lang='lat' dir='ltr'><strong>est</strong></span> <span class='ocrx_word' id='word_1_177' title='bbox 3262 892 3273 928; x_wconf 88' lang='lat'><strong>:</strong></span> <span class='ocrx_word' id='word_1_178' title='bbox 3307 890 3428 946; x_wconf 67' lang='lat' dir='ltr'><strong>qum</strong></span> 
     </span>
    </p>
   </div>
   <div class='ocr_carea' id='block_1_23' title="bbox 1848 962 3427 1037">
    <p class='ocr_par' dir='ltr' id='par_1_23' title="bbox 1848 962 3427 1037">
     <span class='ocr_line' id='line_1_23' title="bbox 1848 962 3427 1037; baseline 0.003 -19"><span class='ocrx_word' id='word_1_179' title='bbox 1848 971 1935 1019; x_wconf 88' lang='lat' dir='ltr'><strong>est</strong></span> <span class='ocrx_word' id='word_1_180' title='bbox 1959 971 2132 1018; x_wconf 89' lang='lat' dir='ltr'><strong>mater</strong></span> <span class='ocrx_word' id='word_1_181' title='bbox 2157 972 2364 1021; x_wconf 90' lang='lat' dir='ltr'><strong>nostra.</strong></span> <span class='ocrx_word' id='word_1_182' title='bbox 2394 962 2665 1037; x_wconf 85' lang='lat' dir='ltr'><strong>Scriptum</strong></span> <span class='ocrx_word' id='word_1_183' title='bbox 2700 974 2783 1026; x_wconf 82' lang='lat' dir='ltr'><strong>est</strong></span> <span class='ocrx_word' id='word_1_184' title='bbox 2808 967 2952 1020; x_wconf 92' lang='lat' dir='ltr'><strong>enim</strong></span> <span class='ocrx_word' id='word_1_185' title='bbox 2983 985 2994 1019; x_wconf 91' lang='lat'><strong>:</strong></span> <span class='ocrx_word' id='word_1_186' title='bbox 3032 986 3049 1019; x_wconf 72' lang='grc' dir='ltr'><strong><em>ι</em></strong></span> <span class='ocrx_word' id='word_1_187' title='bbox 3086 967 3427 1031; x_wconf 67' lang='lat' dir='ltr'><strong>Lzetarc,ste-</strong></span> 
     </span>
    </p>
   </div>
   <div class='ocr_carea' id='block_1_24' title="bbox 1856 1056 3428 1129">
    <p class='ocr_par' dir='ltr' id='par_1_24' title="bbox 1856 1056 3428 1129">
     <span class='ocr_line' id='line_1_24' title="bbox 1856 1056 3428 1129; baseline 0.004 -20"><span class='ocrx_word' id='word_1_188' title='bbox 1856 1074 1876 1109; x_wconf 84' lang='grc'>‹</span> <span class='ocrx_word' id='word_1_189' title='bbox 1910 1056 2029 1112; x_wconf 88' lang='lat' dir='ltr'><strong>rilis</strong></span> <span class='ocrx_word' id='word_1_190' title='bbox 2070 1074 2191 1129; x_wconf 71' lang='lat' dir='ltr'><strong>qua:</strong></span> <span class='ocrx_word' id='word_1_191' title='bbox 2237 1073 2344 1113; x_wconf 89' lang='lat' dir='ltr'><strong>non</strong></span> <span class='ocrx_word' id='word_1_192' title='bbox 2382 1057 2551 1129; x_wconf 89' lang='lat' dir='ltr'><strong>paris,</strong></span> <span class='ocrx_word' id='word_1_193' title='bbox 2596 1073 2819 1127; x_wconf 89' lang='lat' dir='ltr'><strong>erumpe</strong></span> <span class='ocrx_word' id='word_1_194' title='bbox 2864 1066 2919 1113; x_wconf 88' lang='lat' dir='ltr'><strong>et</strong></span> <span class='ocrx_word' id='word_1_195' title='bbox 2963 1060 3135 1113; x_wconf 87' lang='lat' dir='ltr'><strong>clama</strong></span> <span class='ocrx_word' id='word_1_196' title='bbox 3171 1074 3290 1128; x_wconf 70' lang='lat' dir='ltr'><strong>qua:</strong></span> <span class='ocrx_word' id='word_1_197' title='bbox 3322 1074 3428 1115; x_wconf 89' lang='lat' dir='ltr'><strong>non</strong></span> 
     </span>
    </p>
   </div>
   <div class='ocr_carea' id='block_1_25' title="bbox 1857 1141 3427 1218">
    <p class='ocr_par' dir='ltr' id='par_1_25' title="bbox 1857 1141 3427 1218">
     <span class='ocr_line' id='line_1_25' title="bbox 1857 1141 3427 1218; baseline 0.001 -19"><span class='ocrx_word' id='word_1_198' title='bbox 1857 1166 1875 1199; x_wconf 74' lang='grc' dir='ltr'>ι</span> <span class='ocrx_word' id='word_1_199' title='bbox 1911 1141 2171 1217; x_wconf 86' lang='lat' dir='ltr'><strong>parturis,</strong></span> <span class='ocrx_word' id='word_1_200' title='bbox 2226 1148 2355 1218; x_wconf 90' lang='lat' dir='ltr'><strong>quia</strong></span> <span class='ocrx_word' id='word_1_201' title='bbox 2408 1148 2559 1203; x_wconf 90' lang='lat' dir='ltr'><strong>multi</strong></span> <span class='ocrx_word' id='word_1_202' title='bbox 2592 1148 2684 1202; x_wconf 89' lang='lat' dir='ltr'><strong>ﬁlii</strong></span> <span class='ocrx_word' id='word_1_203' title='bbox 2742 1149 2984 1214; x_wconf 57' lang='lat' dir='ltr'><strong>desertae,</strong></span> <span class='ocrx_word' id='word_1_204' title='bbox 3041 1150 3211 1218; x_wconf 86' lang='lat' dir='ltr'><strong>magis</strong></span> <span class='ocrx_word' id='word_1_205' title='bbox 3264 1162 3427 1217; x_wconf 90' lang='lat' dir='ltr'><strong>quam</strong></span> 
     </span>
    </p>
   </div>
   <div class='ocr_carea' id='block_1_26' title="bbox 1857 1236 3423 1310">
    <p class='ocr_par' dir='ltr' id='par_1_26' title="bbox 1857 1236 3423 1310">
     <span class='ocr_line' id='line_1_26' title="bbox 1857 1236 3423 1310; baseline 0.003 -23"><span class='ocrx_word' id='word_1_206' title='bbox 1857 1255 1875 1287; x_wconf 76' lang='grc' dir='ltr'><strong>ε</strong></span> <span class='ocrx_word' id='word_1_207' title='bbox 1905 1236 2019 1305; x_wconf 89' lang='lat' dir='ltr'><strong>ejus</strong></span> <span class='ocrx_word' id='word_1_208' title='bbox 2052 1253 2172 1308; x_wconf 68' lang='lat' dir='ltr'><strong>quae</strong></span> <span class='ocrx_word' id='word_1_209' title='bbox 2199 1237 2365 1294; x_wconf 88' lang='lat' dir='ltr'><strong>habet</strong></span> <span class='ocrx_word' id='word_1_210' title='bbox 2394 1238 2569 1293; x_wconf 90' lang='lat' dir='ltr'><strong>virum</strong></span> <span class='ocrx_word' id='word_1_211' title='bbox 2589 1279 2602 1300; x_wconf 92' lang='lat'><strong>,</strong></span> <span class='ocrx_word' id='word_1_212' title='bbox 2649 1258 2667 1290; x_wconf 85' lang='grc'><strong>›</strong></span> <span class='ocrx_word' id='word_1_213' title='bbox 2696 1246 2797 1292; x_wconf 87' lang='lat' dir='ltr'><strong>etc.</strong></span> <span class='ocrx_word' id='word_1_214' title='bbox 2859 1237 2993 1309; x_wconf 79' lang='lat' dir='ltr'><strong>(Isa.</strong></span> <span class='ocrx_word' id='word_1_215' title='bbox 3045 1242 3173 1310; x_wconf 76' lang='lat' dir='ltr'><strong>Liv).</strong></span> <span class='ocrx_word' id='word_1_216' title='bbox 3216 1237 3270 1293; x_wconf 60' lang='lat' dir='ltr'><strong>Si</strong></span> <span class='ocrx_word' id='word_1_217' title='bbox 3294 1251 3423 1309; x_wconf 75' lang='lat' dir='ltr'><strong>ergo</strong></span> 
     </span>
    </p>
   </div>
   <div class='ocr_carea' id='block_1_27' title="bbox 1852 1325 3425 1399">
    <p class='ocr_par' dir='ltr' id='par_1_27' title="bbox 1852 1325 3425 1399">
     <span class='ocr_line' id='line_1_27' title="bbox 1852 1325 3425 1399; baseline 0.002 -19"><span class='ocrx_word' id='word_1_218' title='bbox 1852 1325 1965 1395; x_wconf 88' lang='lat' dir='ltr'><strong>ipsa</strong></span> <span class='ocrx_word' id='word_1_219' title='bbox 1998 1327 2212 1384; x_wconf 80' lang='lat' dir='ltr'><strong>Veritas</strong></span> <span class='ocrx_word' id='word_1_220' title='bbox 2238 1336 2295 1383; x_wconf 88' lang='lat' dir='ltr'><strong>et</strong></span> <span class='ocrx_word' id='word_1_221' title='bbox 2332 1328 2581 1397; x_wconf 90' lang='lat' dir='ltr'><strong>discipuli</strong></span> <span class='ocrx_word' id='word_1_222' title='bbox 2625 1328 2763 1398; x_wconf 86' lang='lat' dir='ltr'><strong>ejus,</strong></span> <span class='ocrx_word' id='word_1_223' title='bbox 2792 1344 2861 1383; x_wconf 81' lang='lat' dir='ltr'><strong>ex</strong></span> <span class='ocrx_word' id='word_1_224' title='bbox 2917 1330 3240 1384; x_wconf 86' lang='lat' dir='ltr'><strong>testimoniis</strong></span> <span class='ocrx_word' id='word_1_225' title='bbox 3291 1330 3425 1399; x_wconf 86' lang='lat' dir='ltr'><strong>legis</strong></span> 
     </span>
    </p>
   </div>
   <div class='ocr_carea' id='block_1_28' title="bbox 1852 1419 3430 1488">
    <p class='ocr_par' dir='ltr' id='par_1_28' title="bbox 1852 1419 3430 1488">
     <span class='ocr_line' id='line_1_28' title="bbox 1852 1419 3430 1488; baseline -0.001 -13"><span class='ocrx_word' id='word_1_226' title='bbox 1852 1419 2152 1475; x_wconf 86' lang='lat' dir='ltr'><strong>doctrinam</strong></span> <span class='ocrx_word' id='word_1_227' title='bbox 2184 1434 2336 1474; x_wconf 89' lang='lat' dir='ltr'><strong>suam</strong></span> <span class='ocrx_word' id='word_1_228' title='bbox 2387 1420 2767 1488; x_wconf 84' lang='lat' dir='ltr'><strong>probaverunt,</strong></span> <span class='ocrx_word' id='word_1_229' title='bbox 2827 1427 2883 1473; x_wconf 90' lang='lat' dir='ltr'><strong>et</strong></span> <span class='ocrx_word' id='word_1_230' title='bbox 2932 1420 3266 1473; x_wconf 83' lang='lat' dir='ltr'><strong>auditoribus</strong></span> <span class='ocrx_word' id='word_1_231' title='bbox 3315 1419 3430 1473; x_wconf 81' lang='lat' dir='ltr'><strong>suis</strong></span> 
     </span>
    </p>
   </div>
   <div class='ocr_carea' id='block_1_29' title="bbox 1852 1509 3430 1579">
    <p class='ocr_par' dir='ltr' id='par_1_29' title="bbox 1852 1509 3430 1579">
     <span class='ocr_line' id='line_1_29' title="bbox 1852 1509 3430 1579; baseline -0.001 -14"><span class='ocrx_word' id='word_1_232' title='bbox 1852 1509 2386 1574; x_wconf 88' lang='lat' dir='ltr'><strong>commendaverunt,</strong></span> <span class='ocrx_word' id='word_1_233' title='bbox 2419 1512 2540 1579; x_wconf 86' lang='lat' dir='ltr'><strong>quis</strong></span> <span class='ocrx_word' id='word_1_234' title='bbox 2570 1518 2653 1565; x_wconf 88' lang='lat' dir='ltr'><strong>est</strong></span> <span class='ocrx_word' id='word_1_235' title='bbox 2686 1512 2779 1579; x_wconf 85' lang='lat' dir='ltr'><strong>qui</strong></span> <span class='ocrx_word' id='word_1_236' title='bbox 2809 1511 2981 1578; x_wconf 83' lang='lat' dir='ltr'><strong>ipsam</strong></span> <span class='ocrx_word' id='word_1_237' title='bbox 3012 1509 3145 1579; x_wconf 82' lang='lat' dir='ltr'><strong>legis</strong></span> <span class='ocrx_word' id='word_1_238' title='bbox 3173 1509 3430 1563; x_wconf 59' lang='lat' dir='ltr'><strong>assertioo</strong></span> 
     </span>
    </p>
   </div>
   <div class='ocr_carea' id='block_1_30' title="bbox 1851 1601 3429 1672">
    <p class='ocr_par' dir='ltr' id='par_1_30' title="bbox 1851 1601 3429 1672">
     <span class='ocr_line' id='line_1_30' title="bbox 1851 1601 3429 1672; baseline -0.001 -16"><span class='ocrx_word' id='word_1_239' title='bbox 1851 1616 1975 1656; x_wconf 90' lang='lat' dir='ltr'><strong>nem</strong></span> <span class='ocrx_word' id='word_1_240' title='bbox 1996 1601 2195 1656; x_wconf 85' lang='lat' dir='ltr'><strong>audeat</strong></span> <span class='ocrx_word' id='word_1_241' title='bbox 2217 1602 2635 1672; x_wconf 88' lang='lat' dir='ltr'><strong>reprehendere,</strong></span> <span class='ocrx_word' id='word_1_242' title='bbox 2656 1601 2872 1669; x_wconf 85' lang='lat' dir='ltr'><strong>quando</strong></span> <span class='ocrx_word' id='word_1_243' title='bbox 2900 1616 3017 1655; x_wconf 92' lang='lat' dir='ltr'><strong>eam</strong></span> <span class='ocrx_word' id='word_1_244' title='bbox 3050 1601 3243 1656; x_wconf 90' lang='lat' dir='ltr'><strong>viderit</strong></span> <span class='ocrx_word' id='word_1_245' title='bbox 3268 1617 3429 1656; x_wconf 86' lang='lat' dir='ltr'><strong>cvan-</strong></span> 
     </span>
    </p>
   </div>
   <div class='ocr_carea' id='block_1_31' title="bbox 1852 1694 3429 1766">
    <p class='ocr_par' dir='ltr' id='par_1_31' title="bbox 1852 1694 3429 1766">
     <span class='ocr_line' id='line_1_31' title="bbox 1852 1694 3429 1766; baseline -0.001 -15"><span class='ocrx_word' id='word_1_246' title='bbox 1852 1695 2037 1766; x_wconf 65' lang='lat' dir='ltr'><strong>gelicae</strong></span> <span class='ocrx_word' id='word_1_247' title='bbox 2084 1694 2344 1751; x_wconf 66' lang='lat' dir='ltr'><strong>doctrina:</strong></span> <span class='ocrx_word' id='word_1_248' title='bbox 2390 1696 2759 1751; x_wconf 87' lang='lat' dir='ltr'><strong>concordare?</strong></span> <span class='ocrx_word' id='word_1_249' title='bbox 2803 1694 2938 1750; x_wconf 90' lang='lat' dir='ltr'><strong>Cum</strong></span> <span class='ocrx_word' id='word_1_250' title='bbox 2995 1696 3138 1749; x_wconf 82' lang='lat' dir='ltr'><strong>enim</strong></span> <span class='ocrx_word' id='word_1_251' title='bbox 3191 1696 3429 1750; x_wconf 83' lang='lat' dir='ltr'><strong>salubria</strong></span> 
     </span>
    </p>
   </div>
   <div class='ocr_carea' id='block_1_32' title="bbox 1851 1784 3432 1856">
    <p class='ocr_par' dir='ltr' id='par_1_32' title="bbox 1851 1784 3432 1856">
     <span class='ocr_line' id='line_1_32' title="bbox 1851 1784 3432 1856; baseline -0.001 -16"><span class='ocrx_word' id='word_1_252' title='bbox 1851 1794 2121 1856; x_wconf 62' lang='lat' dir='ltr'><strong>prmcepta</strong></span> <span class='ocrx_word' id='word_1_253' title='bbox 2143 1786 2197 1839; x_wconf 90' lang='lat' dir='ltr'><strong>in</strong></span> <span class='ocrx_word' id='word_1_254' title='bbox 2226 1785 2341 1855; x_wconf 86' lang='lat' dir='ltr'><strong>lege</strong></span> <span class='ocrx_word' id='word_1_255' title='bbox 2367 1784 2432 1839; x_wconf 89' lang='lat' dir='ltr'><strong>de</strong></span> <span class='ocrx_word' id='word_1_256' title='bbox 2462 1786 2748 1849; x_wconf 79' lang='lat' dir='ltr'><strong>eharitate,</strong></span> <span class='ocrx_word' id='word_1_257' title='bbox 2790 1787 2856 1839; x_wconf 91' lang='lat' dir='ltr'><strong>de</strong></span> <span class='ocrx_word' id='word_1_258' title='bbox 2902 1785 3171 1849; x_wconf 88' lang='lat' dir='ltr'><strong>castitate,</strong></span> <span class='ocrx_word' id='word_1_259' title='bbox 3208 1786 3273 1839; x_wconf 89' lang='lat' dir='ltr'><strong>de</strong></span> <span class='ocrx_word' id='word_1_260' title='bbox 3302 1800 3432 1840; x_wconf 90' lang='lat' dir='ltr'><strong>con—</strong></span> 
     </span>
    </p>
   </div>
   <div class='ocr_carea' id='block_1_33' title="bbox 160 1870 3434 1951">
    <p class='ocr_par' dir='ltr' id='par_1_33' title="bbox 160 1870 3434 1951">
     <span class='ocr_line' id='line_1_33' title="bbox 160 1870 3434 1951; baseline -0.001 -18"><span class='ocrx_word' id='word_1_261' title='bbox 160 1893 273 1933; x_wconf 88' lang='lat' dir='ltr'><strong>non</strong></span> <span class='ocrx_word' id='word_1_262' title='bbox 296 1878 608 1945; x_wconf 90' lang='lat' dir='ltr'><strong>carnaliter,</strong></span> <span class='ocrx_word' id='word_1_263' title='bbox 636 1880 967 1949; x_wconf 86' lang='lat' dir='ltr'><strong>temporibus</strong></span> <span class='ocrx_word' id='word_1_264' title='bbox 993 1880 1180 1951; x_wconf 71' lang='lat' dir='ltr'><strong>gratiae</strong></span> <span class='ocrx_word' id='word_1_265' title='bbox 1203 1880 1465 1947; x_wconf 76' lang='lat' dir='ltr'><strong>servanda</strong></span> <span class='ocrx_word' id='word_1_266' title='bbox 1490 1887 1634 1934; x_wconf 93' lang='lat' dir='ltr'><strong>sunt.</strong></span> <span class='ocrx_word' id='word_1_267' title='bbox 1661 1877 1749 1933; x_wconf 90' lang='lat' dir='ltr'><strong>Si-</strong></span> <span class='ocrx_word' id='word_1_268' title='bbox 1780 1870 1827 1928; x_wconf 90' lang='lat' dir='ltr'><strong>B</strong></span> <span class='ocrx_word' id='word_1_269' title='bbox 1858 1876 2101 1942; x_wconf 89' lang='lat' dir='ltr'><strong>tinentia,</strong></span> <span class='ocrx_word' id='word_1_270' title='bbox 2152 1887 2208 1930; x_wconf 88' lang='lat' dir='ltr'><strong>et</strong></span> <span class='ocrx_word' id='word_1_271' title='bbox 2256 1876 2321 1930; x_wconf 91' lang='lat' dir='ltr'><strong>dc</strong></span> <span class='ocrx_word' id='word_1_272' title='bbox 2378 1874 2770 1940; x_wconf 87' lang='lat' dir='ltr'><strong>misericordia,</strong></span> <span class='ocrx_word' id='word_1_273' title='bbox 2802 1878 3119 1944; x_wconf 85' lang='lat' dir='ltr'><strong>caeterisque</strong></span> <span class='ocrx_word' id='word_1_274' title='bbox 3141 1876 3434 1931; x_wconf 83' lang='lat' dir='ltr'><strong>virtutibus</strong></span> 
     </span>
    </p>
   </div>
   <div class='ocr_carea' id='block_1_34' title="bbox 160 1969 1757 2039">
    <p class='ocr_par' dir='ltr' id='par_1_34' title="bbox 160 1969 1757 2039">
     <span class='ocr_line' id='line_1_34' title="bbox 160 1969 1757 2039; baseline 0.001 -16"><span class='ocrx_word' id='word_1_275' title='bbox 160 1969 369 2024; x_wconf 86' lang='lat' dir='ltr'><strong>militer</strong></span> <span class='ocrx_word' id='word_1_276' title='bbox 391 1980 573 2024; x_wconf 87' lang='lat' dir='ltr'><strong>autem</strong></span> <span class='ocrx_word' id='word_1_277' title='bbox 594 1979 649 2024; x_wconf 89' lang='lat' dir='ltr'><strong>et</strong></span> <span class='ocrx_word' id='word_1_278' title='bbox 667 1970 750 2024; x_wconf 88' lang='lat' dir='ltr'><strong>lex</strong></span> <span class='ocrx_word' id='word_1_279' title='bbox 775 1972 1061 2036; x_wconf 85' lang='lat' dir='ltr'><strong>naturalis,</strong></span> <span class='ocrx_word' id='word_1_280' title='bbox 1088 1986 1208 2039; x_wconf 61' lang='lat' dir='ltr'><strong>quae</strong></span> <span class='ocrx_word' id='word_1_281' title='bbox 1230 1972 1521 2026; x_wconf 85' lang='lat' dir='ltr'><strong>concordat</strong></span> <span class='ocrx_word' id='word_1_282' title='bbox 1544 1972 1597 2025; x_wconf 91' lang='lat' dir='ltr'><strong>in</strong></span> <span class='ocrx_word' id='word_1_283' title='bbox 1618 1970 1757 2026; x_wconf 86' lang='lat' dir='ltr'><strong>mul-</strong></span> 
     </span>
    </p>
   </div>
   <div class='ocr_carea' id='block_1_35' title="bbox 163 2060 1757 2133">
    <p class='ocr_par' dir='ltr' id='par_1_35' title="bbox 163 2060 1757 2133">
     <span class='ocr_line' id='line_1_35' title="bbox 163 2060 1757 2133; baseline 0.001 -17"><span class='ocrx_word' id='word_1_284' title='bbox 163 2062 234 2117; x_wconf 87' lang='lat' dir='ltr'><strong>tis</strong></span> <span class='ocrx_word' id='word_1_285' title='bbox 258 2062 364 2133; x_wconf 83' lang='lat' dir='ltr'><strong>legi</strong></span> <span class='ocrx_word' id='word_1_286' title='bbox 396 2062 587 2133; x_wconf 84' lang='lat' dir='ltr'><strong>Moysi,</strong></span> <span class='ocrx_word' id='word_1_287' title='bbox 619 2071 734 2118; x_wconf 88' lang='lat' dir='ltr'><strong>tres</strong></span> <span class='ocrx_word' id='word_1_288' title='bbox 763 2062 928 2117; x_wconf 89' lang='lat' dir='ltr'><strong>habet</strong></span> <span class='ocrx_word' id='word_1_289' title='bbox 964 2072 1167 2133; x_wconf 87' lang='lat' dir='ltr'><strong>partes.</strong></span> <span class='ocrx_word' id='word_1_290' title='bbox 1220 2060 1385 2131; x_wconf 86' lang='lat' dir='ltr'><strong>Cujus</strong></span> <span class='ocrx_word' id='word_1_291' title='bbox 1424 2064 1599 2132; x_wconf 84' lang='lat' dir='ltr'><strong>prima</strong></span> <span class='ocrx_word' id='word_1_292' title='bbox 1640 2064 1757 2118; x_wconf 69' lang='lat' dir='ltr'><strong>hmo</strong></span> 
     </span>
    </p>
   </div>
   <div class='ocr_carea' id='block_1_36' title="bbox 160 2154 1756 2227">
    <p class='ocr_par' dir='ltr' id='par_1_36' title="bbox 160 2154 1756 2227">
     <span class='ocr_line' id='line_1_36' title="bbox 160 2154 1756 2227; baseline 0 -18"><span class='ocrx_word' id='word_1_293' title='bbox 160 2163 269 2220; x_wconf 86' lang='lat' dir='ltr'><strong>est,</strong></span> <span class='ocrx_word' id='word_1_294' title='bbox 313 2164 372 2208; x_wconf 92' lang='lat' dir='ltr'><strong>ut</strong></span> <span class='ocrx_word' id='word_1_295' title='bbox 399 2155 615 2225; x_wconf 87' lang='lat' dir='ltr'><strong>agnitus</strong></span> <span class='ocrx_word' id='word_1_296' title='bbox 640 2155 938 2210; x_wconf 89' lang='lat' dir='ltr'><strong>honoretur</strong></span> <span class='ocrx_word' id='word_1_297' title='bbox 960 2164 1209 2226; x_wconf 73' lang='lat' dir='ltr'><strong>creator:</strong></span> <span class='ocrx_word' id='word_1_298' title='bbox 1240 2155 1353 2227; x_wconf 67' lang='lat' dir='ltr'><strong>{nec</strong></span> <span class='ocrx_word' id='word_1_299' title='bbox 1382 2154 1499 2223; x_wconf 85' lang='lat' dir='ltr'><strong>ejus</strong></span> <span class='ocrx_word' id='word_1_300' title='bbox 1536 2155 1756 2209; x_wconf 88' lang='lat' dir='ltr'><strong>claritas</strong></span> 
     </span>
    </p>
   </div>
   <div class='ocr_carea' id='block_1_37' title="bbox 160 2243 1754 2314">
    <p class='ocr_par' dir='ltr' id='par_1_37' title="bbox 160 2243 1754 2314">
     <span class='ocr_line' id='line_1_37' title="bbox 160 2243 1754 2314; baseline -0.002 -15"><span class='ocrx_word' id='word_1_301' title='bbox 160 2251 220 2299; x_wconf 88' lang='lat' dir='ltr'><strong>et</strong></span> <span class='ocrx_word' id='word_1_302' title='bbox 252 2244 531 2313; x_wconf 88' lang='lat' dir='ltr'><strong>majestas,</strong></span> <span class='ocrx_word' id='word_1_303' title='bbox 574 2243 731 2297; x_wconf 90' lang='lat' dir='ltr'><strong>alicui</strong></span> <span class='ocrx_word' id='word_1_304' title='bbox 764 2245 829 2298; x_wconf 86' lang='lat' dir='ltr'><strong>de</strong></span> <span class='ocrx_word' id='word_1_305' title='bbox 867 2245 1133 2299; x_wconf 87' lang='lat' dir='ltr'><strong>creaturis</strong></span> <span class='ocrx_word' id='word_1_306' title='bbox 1165 2245 1471 2314; x_wconf 89' lang='lat' dir='ltr'><strong>deputetur.</strong></span> <span class='ocrx_word' id='word_1_307' title='bbox 1507 2244 1754 2299; x_wconf 84' lang='lat' dir='ltr'><strong>Secunda</strong></span> 
     </span>
    </p>
   </div>
   <div class='ocr_carea' id='block_1_38' title="bbox 160 2330 1756 2401">
    <p class='ocr_par' dir='ltr' id='par_1_38' title="bbox 160 2330 1756 2401">
     <span class='ocr_line' id='line_1_38' title="bbox 160 2330 1756 2401; baseline -0.001 -16"><span class='ocrx_word' id='word_1_308' title='bbox 160 2339 349 2387; x_wconf 87' lang='lat' dir='ltr'><strong>autem</strong></span> <span class='ocrx_word' id='word_1_309' title='bbox 373 2347 499 2401; x_wconf 87' lang='lat' dir='ltr'><strong>pars</strong></span> <span class='ocrx_word' id='word_1_310' title='bbox 530 2340 615 2387; x_wconf 90' lang='lat' dir='ltr'><strong>est</strong></span> <span class='ocrx_word' id='word_1_311' title='bbox 638 2330 881 2397; x_wconf 89' lang='lat' dir='ltr'><strong>moralis,</strong></span> <span class='ocrx_word' id='word_1_312' title='bbox 914 2332 1017 2386; x_wconf 92' lang='lat' dir='ltr'><strong>hoc</strong></span> <span class='ocrx_word' id='word_1_313' title='bbox 1039 2339 1144 2397; x_wconf 89' lang='lat' dir='ltr'><strong>est,</strong></span> <span class='ocrx_word' id='word_1_314' title='bbox 1173 2341 1232 2385; x_wconf 90' lang='lat' dir='ltr'><strong>ut</strong></span> <span class='ocrx_word' id='word_1_315' title='bbox 1252 2332 1387 2387; x_wconf 91' lang='lat' dir='ltr'><strong>bene</strong></span> <span class='ocrx_word' id='word_1_316' title='bbox 1411 2332 1623 2386; x_wconf 89' lang='lat' dir='ltr'><strong>vivatur</strong></span> <span class='ocrx_word' id='word_1_317' title='bbox 1644 2346 1756 2385; x_wconf 84' lang='lat' dir='ltr'><strong>mo-</strong></span> 
     </span>
    </p>
   </div>
   <div class='ocr_carea' id='block_1_39' title="bbox 161 2418 1757 2492">
    <p class='ocr_par' dir='ltr' id='par_1_39' title="bbox 161 2418 1757 2492">
     <span class='ocr_line' id='line_1_39' title="bbox 161 2418 1757 2492; baseline -0.004 -13"><span class='ocrx_word' id='word_1_318' title='bbox 161 2421 340 2479; x_wconf 86' lang='lat' dir='ltr'><strong>destia</strong></span> <span class='ocrx_word' id='word_1_319' title='bbox 384 2420 739 2492; x_wconf 84' lang='lat' dir='ltr'><strong>gubernante.</strong></span> <span class='ocrx_word' id='word_1_320' title='bbox 788 2418 1050 2491; x_wconf 87' lang='lat' dir='ltr'><strong>Congruit</strong></span> <span class='ocrx_word' id='word_1_321' title='bbox 1088 2422 1235 2476; x_wconf 85' lang='lat' dir='ltr'><strong>enim</strong></span> <span class='ocrx_word' id='word_1_322' title='bbox 1285 2421 1487 2477; x_wconf 88' lang='lat' dir='ltr'><strong>homini</strong></span> <span class='ocrx_word' id='word_1_323' title='bbox 1535 2419 1757 2475; x_wconf 88' lang='lat' dir='ltr'><strong>habenti</strong></span> 
     </span>
    </p>
   </div>
   <div class='ocr_carea' id='block_1_40' title="bbox 162 2510 1760 2580">
    <p class='ocr_par' dir='ltr' id='par_1_40' title="bbox 162 2510 1760 2580">
     <span class='ocr_line' id='line_1_40' title="bbox 162 2510 1760 2580; baseline -0.003 -10"><span class='ocrx_word' id='word_1_324' title='bbox 162 2514 415 2569; x_wconf 89' lang='lat' dir='ltr'><strong>notitiam</strong></span> <span class='ocrx_word' id='word_1_325' title='bbox 443 2511 727 2575; x_wconf 90' lang='lat' dir='ltr'><strong>creatoris,</strong></span> <span class='ocrx_word' id='word_1_326' title='bbox 754 2511 920 2564; x_wconf 89' lang='lat' dir='ltr'><strong>vitam</strong></span> <span class='ocrx_word' id='word_1_327' title='bbox 944 2528 1097 2579; x_wconf 88' lang='lat' dir='ltr'><strong>suam</strong></span> <span class='ocrx_word' id='word_1_328' title='bbox 1120 2512 1237 2580; x_wconf 89' lang='lat' dir='ltr'><strong>lege</strong></span> <span class='ocrx_word' id='word_1_329' title='bbox 1259 2511 1495 2575; x_wconf 88' lang='lat' dir='ltr'><strong>frenare,</strong></span> <span class='ocrx_word' id='word_1_330' title='bbox 1530 2527 1595 2565; x_wconf 86' lang='lat' dir='ltr'><strong>ne</strong></span> <span class='ocrx_word' id='word_1_331' title='bbox 1618 2510 1760 2566; x_wconf 87' lang='lat' dir='ltr'><strong>frus-</strong></span> 
     </span>
    </p>
   </div>
   <div class='ocr_carea' id='block_1_41' title="bbox 165 2599 1755 2672">
    <p class='ocr_par' dir='ltr' id='par_1_41' title="bbox 165 2599 1755 2672">
     <span class='ocr_line' id='line_1_41' title="bbox 165 2599 1755 2672; baseline -0.002 -14"><span class='ocrx_word' id='word_1_332' title='bbox 165 2610 344 2658; x_wconf 89' lang='lat' dir='ltr'><strong>tretur</strong></span> <span class='ocrx_word' id='word_1_333' title='bbox 367 2601 588 2672; x_wconf 85' lang='lat' dir='ltr'><strong>agnitio.</strong></span> <span class='ocrx_word' id='word_1_334' title='bbox 620 2600 801 2654; x_wconf 89' lang='lat' dir='ltr'><strong>Tertia</strong></span> <span class='ocrx_word' id='word_1_335' title='bbox 829 2616 956 2655; x_wconf 90' lang='lat' dir='ltr'><strong>vero</strong></span> <span class='ocrx_word' id='word_1_336' title='bbox 984 2616 1110 2669; x_wconf 89' lang='lat' dir='ltr'><strong>pars</strong></span> <span class='ocrx_word' id='word_1_337' title='bbox 1132 2608 1215 2655; x_wconf 90' lang='lat' dir='ltr'><strong>est</strong></span> <span class='ocrx_word' id='word_1_338' title='bbox 1242 2599 1485 2655; x_wconf 85' lang='lat' dir='ltr'><strong>docibilis</strong></span> <span class='ocrx_word' id='word_1_339' title='bbox 1519 2617 1530 2652; x_wconf 91' lang='lat'><strong>:</strong></span> <span class='ocrx_word' id='word_1_340' title='bbox 1571 2610 1628 2652; x_wconf 91' lang='lat' dir='ltr'><strong>ut</strong></span> <span class='ocrx_word' id='word_1_341' title='bbox 1657 2615 1755 2655; x_wconf 87' lang='lat' dir='ltr'><strong>no-</strong></span> 
     </span>
    </p>
   </div>
   <div class='ocr_carea' id='block_1_42' title="bbox 165 2689 1759 2769">
    <p class='ocr_par' dir='ltr' id='par_1_42' title="bbox 165 2689 1759 2769">
     <span class='ocr_line' id='line_1_42' title="bbox 165 2689 1759 2769; baseline -0.003 -23"><span class='ocrx_word' id='word_1_342' title='bbox 165 2691 285 2746; x_wconf 89' lang='lat' dir='ltr'><strong>titia</strong></span> <span class='ocrx_word' id='word_1_343' title='bbox 308 2691 401 2745; x_wconf 89' lang='lat' dir='ltr'><strong>Dei</strong></span> <span class='ocrx_word' id='word_1_344' title='bbox 434 2690 720 2754; x_wconf 90' lang='lat' dir='ltr'><strong>creatoris,</strong></span> <span class='ocrx_word' id='word_1_345' title='bbox 761 2697 815 2743; x_wconf 87' lang='lat' dir='ltr'><strong>et</strong></span> <span class='ocrx_word' id='word_1_346' title='bbox 840 2689 1145 2760; x_wconf 83' lang='lat' dir='ltr'><strong>exemplum</strong></span> <span class='ocrx_word' id='word_1_347' title='bbox 1180 2705 1302 2743; x_wconf 74' lang='lat' dir='ltr'><strong>mox</strong></span> <span class='ocrx_word' id='word_1_348' title='bbox 1334 2690 1545 2743; x_wconf 71' lang='lat' dir='ltr'><strong>czeteris</strong></span> <span class='ocrx_word' id='word_1_349' title='bbox 1576 2689 1759 2769; x_wconf 82' lang='lat' dir='ltr'><strong>trada-</strong></span> 
     </span>
    </p>
   </div>
   <div class='ocr_carea' id='block_1_43' title="bbox 164 2779 1759 2849">
    <p class='ocr_par' dir='ltr' id='par_1_43' title="bbox 164 2779 1759 2849">
     <span class='ocr_line' id='line_1_43' title="bbox 164 2779 1759 2849; baseline -0.003 -13"><span class='ocrx_word' id='word_1_350' title='bbox 164 2789 257 2837; x_wconf 87' lang='lat' dir='ltr'><strong>tur</strong></span> <span class='ocrx_word' id='word_1_351' title='bbox 295 2799 310 2838; x_wconf 90' lang='lat'><strong>:</strong></span> <span class='ocrx_word' id='word_1_352' title='bbox 357 2789 415 2835; x_wconf 89' lang='lat' dir='ltr'><strong>ut</strong></span> <span class='ocrx_word' id='word_1_353' title='bbox 459 2781 670 2835; x_wconf 89' lang='lat' dir='ltr'><strong>discant</strong></span> <span class='ocrx_word' id='word_1_354' title='bbox 710 2781 1161 2849; x_wconf 89' lang='lat' dir='ltr'><strong>quemadmodum</strong></span> <span class='ocrx_word' id='word_1_355' title='bbox 1211 2780 1473 2833; x_wconf 90' lang='lat' dir='ltr'><strong>creatoris</strong></span> <span class='ocrx_word' id='word_1_356' title='bbox 1506 2779 1759 2833; x_wconf 90' lang='lat' dir='ltr'><strong>meritum</strong></span> 
     </span>
    </p>
   </div>
   <div class='ocr_carea' id='block_1_44' title="bbox 162 2870 1761 2939">
    <p class='ocr_par' dir='ltr' id='par_1_44' title="bbox 162 2870 1761 2939">
     <span class='ocr_line' id='line_1_44' title="bbox 162 2870 1761 2939; baseline -0.005 -9"><span class='ocrx_word' id='word_1_357' title='bbox 162 2873 497 2930; x_wconf 85' lang='lat' dir='ltr'><strong>collocetur:</strong></span> <span class='ocrx_word' id='word_1_358' title='bbox 534 2872 650 2926; x_wconf 65' lang='lat' dir='ltr'><strong>haec</strong></span> <span class='ocrx_word' id='word_1_359' title='bbox 672 2880 755 2926; x_wconf 86' lang='lat' dir='ltr'><strong>est</strong></span> <span class='ocrx_word' id='word_1_360' title='bbox 780 2872 923 2927; x_wconf 89' lang='lat' dir='ltr'><strong>enim</strong></span> <span class='ocrx_word' id='word_1_361' title='bbox 946 2886 1075 2925; x_wconf 90' lang='lat' dir='ltr'><strong>vera</strong></span> <span class='ocrx_word' id='word_1_362' title='bbox 1115 2880 1172 2927; x_wconf 85' lang='lat' dir='ltr'><strong>et.</strong></span> <span class='ocrx_word' id='word_1_363' title='bbox 1201 2870 1503 2924; x_wconf 86' lang='lat' dir='ltr'><strong>Christiana</strong></span> <span class='ocrx_word' id='word_1_364' title='bbox 1532 2870 1761 2939; x_wconf 87' lang='lat' dir='ltr'><strong>pruden-</strong></span> 
     </span>
    </p>
   </div>
   <div class='ocr_carea' id='block_1_45' title="bbox 166 2960 1757 3029">
    <p class='ocr_par' dir='ltr' id='par_1_45' title="bbox 166 2960 1757 3029">
     <span class='ocr_line' id='line_1_45' title="bbox 166 2960 1757 3029; baseline -0.003 -11"><span class='ocrx_word' id='word_1_365' title='bbox 166 2962 243 3018; x_wconf 87' lang='lat' dir='ltr'><strong>tia</strong></span> <span class='ocrx_word' id='word_1_366' title='bbox 276 2980 289 3017; x_wconf 92' lang='lat'><strong>:</strong></span> <span class='ocrx_word' id='word_1_367' title='bbox 322 2970 378 3017; x_wconf 90' lang='lat' dir='ltr'><strong>et</strong></span> <span class='ocrx_word' id='word_1_368' title='bbox 405 2963 553 3016; x_wconf 90' lang='lat' dir='ltr'><strong>omni</strong></span> <span class='ocrx_word' id='word_1_369' title='bbox 579 2960 850 3017; x_wconf 86' lang='lat' dir='ltr'><strong>catholico</strong></span> <span class='ocrx_word' id='word_1_370' title='bbox 876 2962 944 3015; x_wconf 89' lang='lat' dir='ltr'><strong>ad</strong></span> <span class='ocrx_word' id='word_1_371' title='bbox 968 2960 1302 3023; x_wconf 86' lang='lat' dir='ltr'><strong>discendum,</strong></span> <span class='ocrx_word' id='word_1_372' title='bbox 1341 2968 1526 3029; x_wconf 79' lang='lat' dir='ltr'><strong>atque‘</strong></span> <span class='ocrx_word' id='word_1_373' title='bbox 1543 2961 1610 3014; x_wconf 90' lang='lat' dir='ltr'><strong>ad</strong></span> <span class='ocrx_word' id='word_1_374' title='bbox 1640 2975 1757 3014; x_wconf 90' lang='lat' dir='ltr'><strong>ser-</strong></span> 
     </span>
    </p>
   </div>
   <div class='ocr_carea' id='block_1_46' title="bbox 166 3051 1757 3121">
    <p class='ocr_par' dir='ltr' id='par_1_46' title="bbox 166 3051 1757 3121">
     <span class='ocr_line' id='line_1_46' title="bbox 166 3051 1757 3121; baseline -0.003 -12"><span class='ocrx_word' id='word_1_375' title='bbox 166 3054 407 3110; x_wconf 83' lang='lat' dir='ltr'><strong>vandum</strong></span> <span class='ocrx_word' id='word_1_376' title='bbox 430 3052 753 3117; x_wconf 88' lang='lat' dir='ltr'><strong>necessaria,</strong></span> <span class='ocrx_word' id='word_1_377' title='bbox 777 3052 900 3121; x_wconf 89' lang='lat' dir='ltr'><strong>quia</strong></span> <span class='ocrx_word' id='word_1_378' title='bbox 930 3066 1028 3120; x_wconf 84' lang='lat' dir='ltr'><strong>per</strong></span> <span class='ocrx_word' id='word_1_379' title='bbox 1055 3053 1193 3106; x_wconf 88' lang='lat' dir='ltr'><strong>hanc</strong></span> <span class='ocrx_word' id='word_1_380' title='bbox 1218 3053 1270 3106; x_wconf 91' lang='lat' dir='ltr'><strong>in</strong></span> <span class='ocrx_word' id='word_1_381' title='bbox 1303 3052 1405 3105; x_wconf 91' lang='lat' dir='ltr'><strong>hoc</strong></span> <span class='ocrx_word' id='word_1_382' title='bbox 1427 3051 1624 3106; x_wconf 62' lang='lat' dir='ltr'><strong>seculo</strong></span> <span class='ocrx_word' id='word_1_383' title='bbox 1648 3052 1757 3113; x_wconf 85' lang='lat' dir='ltr'><strong>vita</strong></span> 
     </span>
    </p>
   </div>
   <div class='ocr_carea' id='block_1_47' title="bbox 166 3144 1760 3213">
    <p class='ocr_par' dir='ltr' id='par_1_47' title="bbox 166 3144 1760 3213">
     <span class='ocr_line' id='line_1_47' title="bbox 166 3144 1760 3213; baseline -0.006 -7"><span class='ocrx_word' id='word_1_384' title='bbox 166 3151 399 3207; x_wconf 84' lang='lat' dir='ltr'><strong>honesta</strong></span> <span class='ocrx_word' id='word_1_385' title='bbox 434 3147 672 3211; x_wconf 90' lang='lat' dir='ltr'><strong>ducitur,</strong></span> <span class='ocrx_word' id='word_1_386' title='bbox 703 3152 755 3200; x_wconf 89' lang='lat' dir='ltr'><strong>et</strong></span> <span class='ocrx_word' id='word_1_387' title='bbox 782 3146 835 3199; x_wconf 89' lang='lat' dir='ltr'><strong>in</strong></span> <span class='ocrx_word' id='word_1_388' title='bbox 876 3144 1055 3198; x_wconf 89' lang='lat' dir='ltr'><strong>futuro</strong></span> <span class='ocrx_word' id='word_1_389' title='bbox 1077 3145 1144 3198; x_wconf 89' lang='lat' dir='ltr'><strong>ad</strong></span> <span class='ocrx_word' id='word_1_390' title='bbox 1166 3144 1387 3213; x_wconf 84' lang='lat' dir='ltr'><strong>praemia</strong></span> <span class='ocrx_word' id='word_1_391' title='bbox 1408 3152 1610 3197; x_wconf 82' lang='lat' dir='ltr'><strong>aeterna</strong></span> <span class='ocrx_word' id='word_1_392' title='bbox 1635 3158 1760 3211; x_wconf 90' lang='lat' dir='ltr'><strong>per-</strong></span> 
     </span>
    </p>
   </div>
   <div class='ocr_carea' id='block_1_48' title="bbox 1856 1964 3433 2033">
    <p class='ocr_par' dir='ltr' id='par_1_48' title="bbox 1856 1964 3433 2033">
     <span class='ocr_line' id='line_1_48' title="bbox 1856 1964 3433 2033; baseline 0 -13"><span class='ocrx_word' id='word_1_393' title='bbox 1856 1967 2181 2021; x_wconf 88' lang='lat' dir='ltr'><strong>auctoritate</strong></span> <span class='ocrx_word' id='word_1_394' title='bbox 2228 1964 2407 2020; x_wconf 83' lang='lat' dir='ltr'><strong>divina</strong></span> <span class='ocrx_word' id='word_1_395' title='bbox 2455 1964 2825 2033; x_wconf 88' lang='lat' dir='ltr'><strong>proferuntur,</strong></span> <span class='ocrx_word' id='word_1_396' title='bbox 2877 1966 3019 2019; x_wconf 86' lang='lat' dir='ltr'><strong>omni</strong></span> <span class='ocrx_word' id='word_1_397' title='bbox 3070 1980 3193 2019; x_wconf 90' lang='lat' dir='ltr'><strong>cum</strong></span> <span class='ocrx_word' id='word_1_398' title='bbox 3229 1968 3433 2020; x_wconf 84' lang='lat' dir='ltr'><strong>honore</strong></span> 
     </span>
    </p>
   </div>
   <div class='ocr_carea' id='block_1_49' title="bbox 1856 2054 3431 2125">
    <p class='ocr_par' dir='ltr' id='par_1_49' title="bbox 1856 2054 3431 2125">
     <span class='ocr_line' id='line_1_49' title="bbox 1856 2054 3431 2125; baseline -0.002 -14"><span class='ocrx_word' id='word_1_399' title='bbox 1856 2056 2216 2125; x_wconf 87' lang='lat' dir='ltr'><strong>suscipienda,</strong></span> <span class='ocrx_word' id='word_1_400' title='bbox 2242 2062 2298 2109; x_wconf 91' lang='lat' dir='ltr'><strong>et</strong></span> <span class='ocrx_word' id='word_1_401' title='bbox 2327 2069 2448 2108; x_wconf 88' lang='lat' dir='ltr'><strong>eum</strong></span> <span class='ocrx_word' id='word_1_402' title='bbox 2474 2055 2667 2125; x_wconf 81' lang='lat' dir='ltr'><strong>magna</strong></span> <span class='ocrx_word' id='word_1_403' title='bbox 2694 2054 2966 2125; x_wconf 85' lang='lat' dir='ltr'><strong>diligentia</strong></span> <span class='ocrx_word' id='word_1_404' title='bbox 2994 2056 3255 2109; x_wconf 87' lang='lat' dir='ltr'><strong>servanda</strong></span> <span class='ocrx_word' id='word_1_405' title='bbox 3277 2063 3431 2110; x_wconf 87' lang='lat' dir='ltr'><strong>sunt:</strong></span> 
     </span>
    </p>
   </div>
   <div class='ocr_carea' id='block_1_50' title="bbox 1855 2146 3434 2219">
    <p class='ocr_par' dir='ltr' id='par_1_50' title="bbox 1855 2146 3434 2219">
     <span class='ocr_line' id='line_1_50' title="bbox 1855 2146 3434 2219; baseline -0.001 -16"><span class='ocrx_word' id='word_1_406' title='bbox 1855 2150 1979 2219; x_wconf 79' lang='lat' dir='ltr'><strong>quia</strong></span> <span class='ocrx_word' id='word_1_407' title='bbox 2009 2149 2063 2203; x_wconf 90' lang='lat' dir='ltr'><strong>in</strong></span> <span class='ocrx_word' id='word_1_408' title='bbox 2096 2148 2288 2203; x_wconf 84' lang='lat' dir='ltr'><strong>hocse</strong></span> <span class='ocrx_word' id='word_1_409' title='bbox 2319 2148 2548 2217; x_wconf 90' lang='lat' dir='ltr'><strong>quisque</strong></span> <span class='ocrx_word' id='word_1_410' title='bbox 2578 2147 2771 2217; x_wconf 87' lang='lat' dir='ltr'><strong>probat</strong></span> <span class='ocrx_word' id='word_1_411' title='bbox 2796 2146 2964 2215; x_wconf 91' lang='lat' dir='ltr'><strong>ipsius</strong></span> <span class='ocrx_word' id='word_1_412' title='bbox 2992 2147 3239 2201; x_wconf 81' lang='lat' dir='ltr'><strong>veritatis</strong></span> <span class='ocrx_word' id='word_1_413' title='bbox 3266 2148 3434 2201; x_wconf 89' lang='lat' dir='ltr'><strong>devo-</strong></span> 
     </span>
    </p>
   </div>
   <div class='ocr_carea' id='block_1_51' title="bbox 1858 2236 3435 2306">
    <p class='ocr_par' dir='ltr' id='par_1_51' title="bbox 1858 2236 3435 2306">
     <span class='ocr_line' id='line_1_51' title="bbox 1858 2236 3435 2306; baseline -0.001 -15"><span class='ocrx_word' id='word_1_414' title='bbox 1858 2246 1968 2291; x_wconf 91' lang='lat' dir='ltr'><strong>tum</strong></span> <span class='ocrx_word' id='word_1_415' title='bbox 1995 2250 2114 2292; x_wconf 89' lang='lat' dir='ltr'><strong>esse</strong></span> <span class='ocrx_word' id='word_1_416' title='bbox 2165 2236 2509 2306; x_wconf 88' lang='lat' dir='ltr'><strong>discipulum,</strong></span> <span class='ocrx_word' id='word_1_417' title='bbox 2543 2245 2598 2291; x_wconf 91' lang='lat' dir='ltr'><strong>et</strong></span> <span class='ocrx_word' id='word_1_418' title='bbox 2630 2237 3005 2290; x_wconf 88' lang='lat' dir='ltr'><strong>mandatorum</strong></span> <span class='ocrx_word' id='word_1_419' title='bbox 3034 2238 3128 2290; x_wconf 87' lang='lat' dir='ltr'><strong>Dei</strong></span> <span class='ocrx_word' id='word_1_420' title='bbox 3154 2238 3435 2292; x_wconf 88' lang='lat' dir='ltr'><strong>custodem</strong></span> 
     </span>
    </p>
   </div>
   <div class='ocr_carea' id='block_1_52' title="bbox 1857 2317 3441 2395">
    <p class='ocr_par' dir='ltr' id='par_1_52' title="bbox 1857 2317 3441 2395">
     <span class='ocr_line' id='line_1_52' title="bbox 1857 2317 3441 2395; baseline 0 -14"><span class='ocrx_word' id='word_1_421' title='bbox 1857 2326 2357 2394; x_wconf 90' lang='lat' dir='ltr'><strong>diligentissimum,</strong></span> <span class='ocrx_word' id='word_1_422' title='bbox 2420 2326 2464 2379; x_wconf 91' lang='lat' dir='ltr'><strong>si</strong></span> <span class='ocrx_word' id='word_1_423' title='bbox 2514 2317 2819 2380; x_wconf 80' lang='lat' dir='ltr'><strong>consentiat</strong></span> <span class='ocrx_word' id='word_1_424' title='bbox 2856 2324 2959 2395; x_wconf 85' lang='lat' dir='ltr'><strong>legi</strong></span> <span class='ocrx_word' id='word_1_425' title='bbox 3013 2325 3131 2388; x_wconf 88' lang='lat' dir='ltr'><strong>Dei,</strong></span> <span class='ocrx_word' id='word_1_426' title='bbox 3163 2334 3217 2380; x_wconf 89' lang='lat' dir='ltr'><strong>et</strong></span> <span class='ocrx_word' id='word_1_427' title='bbox 3263 2326 3441 2384; x_wconf 76' lang='lat' dir='ltr'><strong>credit</strong></span> 
     </span>
    </p>
   </div>
   <div class='ocr_carea' id='block_1_53' title="bbox 1858 2413 3439 2484">
    <p class='ocr_par' dir='ltr' id='par_1_53' title="bbox 1858 2413 3439 2484">
     <span class='ocr_line' id='line_1_53' title="bbox 1858 2413 3439 2484; baseline 0.002 -16"><span class='ocrx_word' id='word_1_428' title='bbox 1858 2414 1964 2469; x_wconf 92' lang='lat' dir='ltr'><strong>illis</strong></span> <span class='ocrx_word' id='word_1_429' title='bbox 1998 2430 2118 2483; x_wconf 67' lang='lat' dir='ltr'><strong>qua:</strong></span> <span class='ocrx_word' id='word_1_430' title='bbox 2166 2414 2222 2468; x_wconf 90' lang='lat' dir='ltr'><strong>in</strong></span> <span class='ocrx_word' id='word_1_431' title='bbox 2252 2429 2315 2469; x_wconf 85' lang='lat' dir='ltr'><strong>ea</strong></span> <span class='ocrx_word' id='word_1_432' title='bbox 2347 2416 2551 2484; x_wconf 88' lang='lat' dir='ltr'><strong>scripta</strong></span> <span class='ocrx_word' id='word_1_433' title='bbox 2606 2421 2750 2469; x_wconf 88' lang='lat' dir='ltr'><strong>sunt.</strong></span> <span class='ocrx_word' id='word_1_434' title='bbox 2789 2413 2927 2467; x_wconf 83' lang='lat' dir='ltr'><strong>llinc</strong></span> <span class='ocrx_word' id='word_1_435' title='bbox 2968 2429 3207 2484; x_wconf 63' lang='lat' dir='ltr'><strong>quoque.</strong></span> <span class='ocrx_word' id='word_1_436' title='bbox 3231 2416 3344 2484; x_wconf 90' lang='lat' dir='ltr'><strong>ipse</strong></span> <span class='ocrx_word' id='word_1_437' title='bbox 3368 2416 3439 2471; x_wconf 89' lang='lat' dir='ltr'><strong>ad</strong></span> 
     </span>
    </p>
   </div>
   <div class='ocr_carea' id='block_1_54' title="bbox 1857 2503 3438 2576">
    <p class='ocr_par' dir='ltr' id='par_1_54' title="bbox 1857 2503 3438 2576">
     <span class='ocr_line' id='line_1_54' title="bbox 1857 2503 3438 2576; baseline 0.003 -16"><span class='ocrx_word' id='word_1_438' title='bbox 1857 2505 2166 2561; x_wconf 88' lang='lat' dir='ltr'><strong>incredulos</strong></span> <span class='ocrx_word' id='word_1_439' title='bbox 2219 2503 2455 2569; x_wconf 73' lang='lat' dir='ltr'><strong>Iudaeos,</strong></span> <span class='ocrx_word' id='word_1_440' title='bbox 2501 2515 2555 2561; x_wconf 90' lang='lat' dir='ltr'><strong>et</strong></span> <span class='ocrx_word' id='word_1_441' title='bbox 2582 2514 2770 2561; x_wconf 88' lang='lat' dir='ltr'><strong>contra</strong></span> <span class='ocrx_word' id='word_1_442' title='bbox 2801 2506 3147 2576; x_wconf 86' lang='lat' dir='ltr'><strong>altercantes,</strong></span> <span class='ocrx_word' id='word_1_443' title='bbox 3180 2509 3291 2562; x_wconf 87' lang='lat' dir='ltr'><strong>ait:</strong></span> <span class='ocrx_word' id='word_1_444' title='bbox 3327 2529 3345 2561; x_wconf 86' lang='grc'>‹</span> <span class='ocrx_word' id='word_1_445' title='bbox 3378 2508 3438 2565; x_wconf 91' lang='lat' dir='ltr'><strong>Si</strong></span> 
     </span>
    </p>
   </div>
   <div class='ocr_carea' id='block_1_55' title="bbox 1864 2596 3436 2669">
    <p class='ocr_par' dir='ltr' id='par_1_55' title="bbox 1864 2596 3436 2669">
     <span class='ocr_line' id='line_1_55' title="bbox 1864 2596 3436 2669; baseline 0.004 -18"><span class='ocrx_word' id='word_1_446' title='bbox 1864 2617 1883 2649; x_wconf 74' lang='grc' dir='ltr'><strong><em>ι</em></strong></span> <span class='ocrx_word' id='word_1_447' title='bbox 1920 2598 2062 2652; x_wconf 88' lang='lat' dir='ltr'><strong>enim</strong></span> <span class='ocrx_word' id='word_1_448' title='bbox 2092 2598 2386 2652; x_wconf 87' lang='lat' dir='ltr'><strong>crederetis</strong></span> <span class='ocrx_word' id='word_1_449' title='bbox 2412 2597 2599 2669; x_wconf 80' lang='lat' dir='ltr'><strong>Moysi,</strong></span> <span class='ocrx_word' id='word_1_450' title='bbox 2632 2599 2927 2661; x_wconf 82' lang='lat' dir='ltr'><strong>crederetis</strong></span> <span class='ocrx_word' id='word_1_451' title='bbox 2951 2599 3176 2654; x_wconf 81' lang='lat' dir='ltr'><strong>forsitan</strong></span> <span class='ocrx_word' id='word_1_452' title='bbox 3200 2596 3257 2655; x_wconf 87' lang='lat' dir='ltr'><strong>et</strong></span> <span class='ocrx_word' id='word_1_453' title='bbox 3282 2601 3436 2657; x_wconf 91' lang='lat' dir='ltr'><strong>mihi.</strong></span> 
     </span>
    </p>
   </div>
   <div class='ocr_carea' id='block_1_56' title="bbox 1865 2690 3437 2761">
    <p class='ocr_par' dir='ltr' id='par_1_56' title="bbox 1865 2690 3437 2761">
     <span class='ocr_line' id='line_1_56' title="bbox 1865 2690 3437 2761; baseline 0.004 -20"><span class='ocrx_word' id='word_1_454' title='bbox 1865 2709 1883 2741; x_wconf 85' lang='grc'><strong>‹</strong></span> <span class='ocrx_word' id='word_1_455' title='bbox 1914 2690 1993 2747; x_wconf 89' lang='lat' dir='ltr'><strong>De</strong></span> <span class='ocrx_word' id='word_1_456' title='bbox 2022 2706 2109 2746; x_wconf 90' lang='lat' dir='ltr'><strong>me</strong></span> <span class='ocrx_word' id='word_1_457' title='bbox 2157 2692 2299 2745; x_wconf 90' lang='lat' dir='ltr'><strong>enim</strong></span> <span class='ocrx_word' id='word_1_458' title='bbox 2347 2690 2435 2746; x_wconf 91' lang='lat' dir='ltr'><strong>ille</strong></span> <span class='ocrx_word' id='word_1_459' title='bbox 2463 2692 2722 2761; x_wconf 89' lang='lat' dir='ltr'><strong>scripsit:</strong></span> <span class='ocrx_word' id='word_1_460' title='bbox 2753 2692 2811 2747; x_wconf 89' lang='lat' dir='ltr'><strong>Si</strong></span> <span class='ocrx_word' id='word_1_461' title='bbox 2859 2701 3041 2747; x_wconf 84' lang='lat' dir='ltr'><strong>autem</strong></span> <span class='ocrx_word' id='word_1_462' title='bbox 3073 2692 3215 2756; x_wconf 80' lang='lat' dir='ltr'><strong>illius</strong></span> <span class='ocrx_word' id='word_1_463' title='bbox 3241 2694 3437 2748; x_wconf 87' lang='lat' dir='ltr'><strong>litteris</strong></span> 
     </span>
    </p>
   </div>
   <div class='ocr_carea' id='block_1_57' title="bbox 1866 2783 3435 2860">
    <p class='ocr_par' dir='ltr' id='par_1_57' title="bbox 1866 2783 3435 2860">
     <span class='ocr_line' id='line_1_57' title="bbox 1866 2783 3435 2860; baseline 0.003 -27"><span class='ocrx_word' id='word_1_464' title='bbox 1866 2801 1883 2833; x_wconf 86' lang='grc'><strong><em>‹</em></strong></span> <span class='ocrx_word' id='word_1_465' title='bbox 1920 2798 2025 2837; x_wconf 90' lang='lat' dir='ltr'><strong>non</strong></span> <span class='ocrx_word' id='word_1_466' title='bbox 2084 2783 2324 2847; x_wconf 89' lang='lat' dir='ltr'><strong>creditis,</strong></span> <span class='ocrx_word' id='word_1_467' title='bbox 2384 2783 2650 2852; x_wconf 89' lang='lat' dir='ltr'><strong>quomodo</strong></span> <span class='ocrx_word' id='word_1_468' title='bbox 2702 2784 2837 2838; x_wconf 90' lang='lat' dir='ltr'><strong>meis</strong></span> <span class='ocrx_word' id='word_1_469' title='bbox 2887 2785 3066 2838; x_wconf 83' lang='lat' dir='ltr'><strong>verbis</strong></span> <span class='ocrx_word' id='word_1_470' title='bbox 3107 2786 3379 2860; x_wconf 76' lang='lat' dir='ltr'><strong>credetis?</strong></span> <span class='ocrx_word' id='word_1_471' title='bbox 3414 2804 3435 2837; x_wconf 67' lang='grc' dir='ltr'><strong><em>ι</em></strong></span> 
     </span>
    </p>
   </div>
   <div class='ocr_carea' id='block_1_58' title="bbox 1862 2870 3439 2948">
    <p class='ocr_par' dir='ltr' id='par_1_58' title="bbox 1862 2870 3439 2948">
     <span class='ocr_line' id='line_1_58' title="bbox 1862 2870 3439 2948; baseline 0.005 -26"><span class='ocrx_word' id='word_1_472' title='bbox 1862 2870 2045 2940; x_wconf 85' lang='lat' dir='ltr'><strong>(Joan.</strong></span> <span class='ocrx_word' id='word_1_473' title='bbox 2078 2872 2151 2943; x_wconf 90' lang='lat' dir='ltr'><strong>v).</strong></span> <span class='ocrx_word' id='word_1_474' title='bbox 2210 2872 2347 2928; x_wconf 82' lang='lat' dir='ltr'><strong>Hinc</strong></span> <span class='ocrx_word' id='word_1_475' title='bbox 2394 2885 2448 2929; x_wconf 89' lang='lat' dir='ltr'><strong>et</strong></span> <span class='ocrx_word' id='word_1_476' title='bbox 2499 2874 2624 2928; x_wconf 90' lang='lat' dir='ltr'><strong>alibi</strong></span> <span class='ocrx_word' id='word_1_477' title='bbox 2669 2874 2723 2927; x_wconf 89' lang='lat' dir='ltr'><strong>in</strong></span> <span class='ocrx_word' id='word_1_478' title='bbox 2762 2875 3053 2945; x_wconf 81' lang='lat' dir='ltr'><strong>Evangelia</strong></span> <span class='ocrx_word' id='word_1_479' title='bbox 3072 2876 3265 2944; x_wconf 87' lang='lat' dir='ltr'><strong>legitur</strong></span> <span class='ocrx_word' id='word_1_480' title='bbox 3289 2876 3439 2948; x_wconf 82' lang='lat' dir='ltr'><strong>(Luc.</strong></span> 
     </span>
    </p>
   </div>
   <div class='ocr_carea' id='block_1_59' title="bbox 1862 2963 3435 3033">
    <p class='ocr_par' dir='ltr' id='par_1_59' title="bbox 1862 2963 3435 3033">
     <span class='ocr_line' id='line_1_59' title="bbox 1862 2963 3435 3033; baseline 0 -15"><span class='ocrx_word' id='word_1_481' title='bbox 1862 2966 1974 3033; x_wconf 81' lang='lat' dir='ltr'><strong>xvi)</strong></span> <span class='ocrx_word' id='word_1_482' title='bbox 2008 2983 2021 3014; x_wconf 84' lang='lat'><strong>:</strong></span> <span class='ocrx_word' id='word_1_483' title='bbox 2061 2984 2079 3016; x_wconf 73' lang='grc' dir='ltr'><strong>ε</strong></span> <span class='ocrx_word' id='word_1_484' title='bbox 2108 2965 2382 3020; x_wconf 79' lang='lat' dir='ltr'><strong>Abraham</strong></span> <span class='ocrx_word' id='word_1_485' title='bbox 2414 2964 2567 3018; x_wconf 83' lang='lat' dir='ltr'><strong>diviti</strong></span> <span class='ocrx_word' id='word_1_486' title='bbox 2589 2963 2655 3018; x_wconf 91' lang='lat' dir='ltr'><strong>de</strong></span> <span class='ocrx_word' id='word_1_487' title='bbox 2690 2964 2902 3020; x_wconf 87' lang='lat' dir='ltr'><strong>inferno</strong></span> <span class='ocrx_word' id='word_1_488' title='bbox 2928 2967 2995 3021; x_wconf 90' lang='lat' dir='ltr'><strong>ad</strong></span> <span class='ocrx_word' id='word_1_489' title='bbox 3030 2982 3087 3021; x_wconf 88' lang='lat' dir='ltr'><strong>se</strong></span> <span class='ocrx_word' id='word_1_490' title='bbox 3108 2967 3387 3031; x_wconf 83' lang='lat' dir='ltr'><strong>clamanti,</strong></span> <span class='ocrx_word' id='word_1_491' title='bbox 3417 2986 3435 3018; x_wconf 78' lang='grc' dir='ltr'><strong><em>ι</em></strong></span> 
     </span>
    </p>
   </div>
   <div class='ocr_carea' id='block_1_60' title="bbox 1860 3055 3441 3125">
    <p class='ocr_par' dir='ltr' id='par_1_60' title="bbox 1860 3055 3441 3125">
     <span class='ocr_line' id='line_1_60' title="bbox 1860 3055 3441 3125; baseline 0 -13"><span class='ocrx_word' id='word_1_492' title='bbox 1860 3067 1916 3112; x_wconf 87' lang='lat' dir='ltr'><strong>et</strong></span> <span class='ocrx_word' id='word_1_493' title='bbox 1948 3057 2262 3125; x_wconf 88' lang='lat' dir='ltr'><strong>postulanti,</strong></span> <span class='ocrx_word' id='word_1_494' title='bbox 2303 3065 2361 3111; x_wconf 94' lang='lat' dir='ltr'><strong>ut</strong></span> <span class='ocrx_word' id='word_1_495' title='bbox 2381 3055 2646 3110; x_wconf 88' lang='lat' dir='ltr'><strong>Lazarum</strong></span> <span class='ocrx_word' id='word_1_496' title='bbox 2695 3058 3088 3113; x_wconf 89' lang='lat' dir='ltr'><strong>transmitteret</strong></span> <span class='ocrx_word' id='word_1_497' title='bbox 3123 3059 3175 3112; x_wconf 93' lang='lat' dir='ltr'><strong>in</strong></span> <span class='ocrx_word' id='word_1_498' title='bbox 3224 3059 3441 3113; x_wconf 89' lang='lat' dir='ltr'><strong>domum</strong></span> 
     </span>
    </p>
   </div>
   <div class='ocr_carea' id='block_1_61' title="bbox 1860 3147 3446 3216">
    <p class='ocr_par' dir='ltr' id='par_1_61' title="bbox 1860 3147 3446 3216">
     <span class='ocr_line' id='line_1_61' title="bbox 1860 3147 3446 3216; baseline 0.001 -17"><span class='ocrx_word' id='word_1_499' title='bbox 1860 3148 2033 3216; x_wconf 87' lang='lat' dir='ltr'><strong>patris</strong></span> <span class='ocrx_word' id='word_1_500' title='bbox 2062 3148 2169 3211; x_wconf 91' lang='lat' dir='ltr'><strong>sui,</strong></span> <span class='ocrx_word' id='word_1_501' title='bbox 2229 3155 2496 3215; x_wconf 89' lang='lat' dir='ltr'><strong>quatenus</strong></span> <span class='ocrx_word' id='word_1_502' title='bbox 2543 3153 2835 3205; x_wconf 86' lang='lat' dir='ltr'><strong>testaretur</strong></span> <span class='ocrx_word' id='word_1_503' title='bbox 2881 3147 3005 3212; x_wconf 87' lang='lat' dir='ltr'><strong>illis,</strong></span> <span class='ocrx_word' id='word_1_504' title='bbox 3037 3163 3104 3201; x_wconf 92' lang='lat' dir='ltr'><strong>ne</strong></span> <span class='ocrx_word' id='word_1_505' title='bbox 3142 3160 3197 3201; x_wconf 87' lang='lat' dir='ltr'><strong>et</strong></span> <span class='ocrx_word' id='word_1_506' title='bbox 3226 3149 3326 3216; x_wconf 88' lang='lat' dir='ltr'><strong>ipsi</strong></span> <span class='ocrx_word' id='word_1_507' title='bbox 3355 3163 3446 3201; x_wconf 55' lang='lat' dir='ltr'><strong>ve-</strong></span> 
     </span>
    </p>
   </div>
   <div class='ocr_carea' id='block_1_62' title="bbox 166 3221 3440 3313">
    <p class='ocr_par' dir='ltr' id='par_1_62' title="bbox 166 3221 3440 3313">
     <span class='ocr_line' id='line_1_62' title="bbox 166 3221 3440 3313; baseline -0 -19"><span class='ocrx_word' id='word_1_508' title='bbox 166 3238 403 3295; x_wconf 81' lang='lat' dir='ltr'><strong>venitur.</strong></span> <span class='ocrx_word' id='word_1_509' title='bbox 454 3236 621 3308; x_wconf 84' lang='lat' dir='ltr'><strong>igitur</strong></span> <span class='ocrx_word' id='word_1_510' title='bbox 651 3235 741 3290; x_wconf 90' lang='lat' dir='ltr'><strong>ubi</strong></span> <span class='ocrx_word' id='word_1_511' title='bbox 773 3234 838 3288; x_wconf 91' lang='lat' dir='ltr'><strong>de</strong></span> <span class='ocrx_word' id='word_1_512' title='bbox 870 3243 1212 3288; x_wconf 87' lang='lat' dir='ltr'><strong>sacramento</strong></span> <span class='ocrx_word' id='word_1_513' title='bbox 1246 3232 1546 3288; x_wconf 81' lang='lat' dir='ltr'><strong>divinitatis</strong></span> <span class='ocrx_word' id='word_1_514' title='bbox 1581 3247 1761 3288; x_wconf 85' lang='lat' dir='ltr'><strong>sermo</strong></span> <span class='ocrx_word' id='word_1_515' title='bbox 1787 3221 1831 3282; x_wconf 87' lang='lat' dir='ltr'>C</span> <span class='ocrx_word' id='word_1_516' title='bbox 1866 3239 2048 3293; x_wconf 74' lang='lat' dir='ltr'><strong>nirem</strong></span> <span class='ocrx_word' id='word_1_517' title='bbox 2092 3239 2145 3293; x_wconf 82' lang='lat' dir='ltr'><strong>in</strong></span> <span class='ocrx_word' id='word_1_518' title='bbox 2174 3238 2352 3293; x_wconf 84' lang='lat' dir='ltr'><strong>locum</strong></span> <span class='ocrx_word' id='word_1_519' title='bbox 2400 3238 3017 3313; x_wconf 70' lang='lat' dir='ltr'><strong>ipsumtormeqlorum,</strong></span> <span class='ocrx_word' id='word_1_520' title='bbox 3050 3239 3392 3307; x_wconf 83' lang='lat' dir='ltr'><strong>respondisse</strong></span> <span class='ocrx_word' id='word_1_521' title='bbox 3426 3256 3440 3293; x_wconf 92' lang='lat'><strong>:</strong></span> 
     </span>
    </p>
   </div>
   <div class='ocr_carea' id='block_1_63' title="bbox 178 3323 1763 3393">
    <p class='ocr_par' dir='ltr' id='par_1_63' title="bbox 178 3323 1763 3393">
     <span class='ocr_line' id='line_1_63' title="bbox 178 3323 1763 3393; baseline -0.004 -8"><span class='ocrx_word' id='word_1_522' title='bbox 178 3328 260 3393; x_wconf 81' lang='lat' dir='ltr'><strong>ﬁt,</strong></span> <span class='ocrx_word' id='word_1_523' title='bbox 288 3327 373 3382; x_wconf 86' lang='lat' dir='ltr'><strong>vel</strong></span> <span class='ocrx_word' id='word_1_524' title='bbox 415 3327 481 3381; x_wconf 86' lang='lat' dir='ltr'><strong>de</strong></span> <span class='ocrx_word' id='word_1_525' title='bbox 512 3324 747 3379; x_wconf 90' lang='lat' dir='ltr'><strong>vitandis</strong></span> <span class='ocrx_word' id='word_1_526' title='bbox 789 3324 939 3379; x_wconf 81' lang='lat' dir='ltr'><strong>vitiis</strong></span> <span class='ocrx_word' id='word_1_527' title='bbox 982 3338 1047 3379; x_wconf 89' lang='lat' dir='ltr'><strong>ac</strong></span> <span class='ocrx_word' id='word_1_528' title='bbox 1094 3323 1381 3377; x_wconf 82' lang='lat' dir='ltr'><strong>virtutibus</strong></span> <span class='ocrx_word' id='word_1_529' title='bbox 1411 3325 1763 3392; x_wconf 89' lang='lat' dir='ltr'><strong>assequendis</strong></span> 
     </span>
    </p>
   </div>
   <div class='ocr_carea' id='block_1_64' title="bbox 167 3413 1791 3491">
    <p class='ocr_par' dir='ltr' id='par_1_64' title="bbox 167 3413 1791 3491">
     <span class='ocr_line' id='line_1_64' title="bbox 167 3413 1791 3491; baseline -0.005 -16"><span class='ocrx_word' id='word_1_530' title='bbox 167 3427 448 3491; x_wconf 75' lang='lat' dir='ltr'><strong>prmcepta</strong></span> <span class='ocrx_word' id='word_1_531' title='bbox 482 3419 699 3480; x_wconf 90' lang='lat' dir='ltr'><strong>dantur,</strong></span> <span class='ocrx_word' id='word_1_532' title='bbox 740 3415 880 3468; x_wconf 87' lang='lat' dir='ltr'><strong>bona</strong></span> <span class='ocrx_word' id='word_1_533' title='bbox 913 3422 995 3467; x_wconf 91' lang='lat' dir='ltr'><strong>est</strong></span> <span class='ocrx_word' id='word_1_534' title='bbox 1024 3413 1306 3475; x_wconf 80' lang='lat' dir='ltr'><strong>histerica,</strong></span> <span class='ocrx_word' id='word_1_535' title='bbox 1336 3423 1391 3468; x_wconf 91' lang='lat' dir='ltr'><strong>et</strong></span> <span class='ocrx_word' id='word_1_536' title='bbox 1431 3414 1651 3469; x_wconf 81' lang='lat' dir='ltr'><strong>moralis</strong></span> <span class='ocrx_word' id='word_1_537' title='bbox 1681 3414 1760 3467; x_wconf 87' lang='lat' dir='ltr'><strong>in-</strong></span> <span class='ocrx_word' id='word_1_538' title='bbox 1788 3443 1791 3447; x_wconf 62' lang='grc'>‹</span> 
     </span>
    </p>
   </div>
   <div class='ocr_carea' id='block_1_65' title="bbox 169 3499 1760 3578">
    <p class='ocr_par' dir='ltr' id='par_1_65' title="bbox 169 3499 1760 3578">
     <span class='ocr_line' id='line_1_65' title="bbox 169 3499 1760 3578; baseline -0.006 -13"><span class='ocrx_word' id='word_1_539' title='bbox 169 3509 488 3578; x_wconf 87' lang='lat' dir='ltr'><strong>telligentia.</strong></span> <span class='ocrx_word' id='word_1_540' title='bbox 526 3507 624 3562; x_wconf 94' lang='lat' dir='ltr'><strong>Ubi</strong></span> <span class='ocrx_word' id='word_1_541' title='bbox 660 3514 838 3561; x_wconf 88' lang='lat' dir='ltr'><strong>autem</strong></span> <span class='ocrx_word' id='word_1_542' title='bbox 867 3505 1059 3559; x_wconf 90' lang='lat' dir='ltr'><strong>umbra</strong></span> <span class='ocrx_word' id='word_1_543' title='bbox 1086 3504 1389 3558; x_wconf 86' lang='lat' dir='ltr'><strong>futurorum</strong></span> <span class='ocrx_word' id='word_1_544' title='bbox 1420 3499 1760 3575; x_wconf 80' lang='lat' dir='ltr'><strong>exprimitur,</strong></span> 
     </span>
    </p>
   </div>
   <div class='ocr_carea' id='block_1_66' title="bbox 168 3588 1764 3670">
    <p class='ocr_par' dir='ltr' id='par_1_66' title="bbox 168 3588 1764 3670">
     <span class='ocr_line' id='line_1_66' title="bbox 168 3588 1764 3670; baseline -0.005 -14"><span class='ocrx_word' id='word_1_545' title='bbox 168 3607 231 3656; x_wconf 86' lang='lat' dir='ltr'><strong>ut</strong></span> <span class='ocrx_word' id='word_1_546' title='bbox 254 3601 321 3654; x_wconf 88' lang='lat' dir='ltr'><strong>de</strong></span> <span class='ocrx_word' id='word_1_547' title='bbox 344 3598 462 3670; x_wconf 83' lang='lat' dir='ltr'><strong>lege</strong></span> <span class='ocrx_word' id='word_1_548' title='bbox 492 3597 757 3652; x_wconf 89' lang='lat' dir='ltr'><strong>factorum</strong></span> <span class='ocrx_word' id='word_1_549' title='bbox 786 3596 1045 3659; x_wconf 81' lang='lat' dir='ltr'><strong>diximus,</strong></span> <span class='ocrx_word' id='word_1_550' title='bbox 1077 3594 1335 3663; x_wconf 90' lang='lat' dir='ltr'><strong>spiritalis</strong></span> <span class='ocrx_word' id='word_1_551' title='bbox 1359 3596 1580 3658; x_wconf 82' lang='lat' dir='ltr'><strong>omnino</strong></span> <span class='ocrx_word' id='word_1_552' title='bbox 1606 3588 1764 3649; x_wconf 86' lang='lat' dir='ltr'><strong>intel-</strong></span> 
     </span>
    </p>
   </div>
   <div class='ocr_carea' id='block_1_67' title="bbox 168 3673 1761 3759">
    <p class='ocr_par' dir='ltr' id='par_1_67' title="bbox 168 3673 1761 3759">
     <span class='ocr_line' id='line_1_67' title="bbox 168 3673 1761 3759; baseline -0.003 -14"><span class='ocrx_word' id='word_1_553' title='bbox 168 3691 378 3754; x_wconf 89' lang='lat' dir='ltr'><strong>lectus,</strong></span> <span class='ocrx_word' id='word_1_554' title='bbox 437 3689 511 3744; x_wconf 89' lang='lat' dir='ltr'><strong>ibi</strong></span> <span class='ocrx_word' id='word_1_555' title='bbox 562 3687 885 3759; x_wconf 69' lang='lat' dir='ltr'><strong>quaerendus</strong></span> <span class='ocrx_word' id='word_1_556' title='bbox 928 3694 1029 3741; x_wconf 90' lang='lat' dir='ltr'><strong>est.</strong></span> <span class='ocrx_word' id='word_1_557' title='bbox 1081 3685 1351 3741; x_wconf 75' lang='lat' dir='ltr'><strong>Cmterum</strong></span> <span class='ocrx_word' id='word_1_558' title='bbox 1398 3687 1485 3741; x_wconf 91' lang='lat' dir='ltr'><strong>ubi</strong></span> <span class='ocrx_word' id='word_1_559' title='bbox 1536 3673 1761 3741; x_wconf 75' lang='lat' dir='ltr'><strong>historia</strong></span> 
     </span>
    </p>
   </div>
   <div class='ocr_carea' id='block_1_68' title="bbox 170 3774 1763 3859">
    <p class='ocr_par' dir='ltr' id='par_1_68' title="bbox 170 3774 1763 3859">
     <span class='ocr_line' id='line_1_68' title="bbox 170 3774 1763 3859; baseline -0.003 -24"><span class='ocrx_word' id='word_1_560' title='bbox 170 3788 365 3835; x_wconf 83' lang='lat' dir='ltr'><strong>narrat</strong></span> <span class='ocrx_word' id='word_1_561' title='bbox 391 3780 677 3833; x_wconf 89' lang='lat' dir='ltr'><strong>transitum</strong></span> <span class='ocrx_word' id='word_1_562' title='bbox 704 3777 935 3845; x_wconf 65' lang='lat' dir='ltr'><strong>ﬁliorum</strong></span> <span class='ocrx_word' id='word_1_563' title='bbox 956 3775 1121 3831; x_wconf 84' lang='lat' dir='ltr'><strong>Israel</strong></span> <span class='ocrx_word' id='word_1_564' title='bbox 1144 3777 1210 3830; x_wconf 92' lang='lat' dir='ltr'><strong>de</strong></span> <span class='ocrx_word' id='word_1_565' title='bbox 1232 3774 1469 3847; x_wconf 64' lang='lat' dir='ltr'><strong>Egypto</strong></span> <span class='ocrx_word' id='word_1_566' title='bbox 1489 3791 1586 3859; x_wconf 78' lang='lat' dir='ltr'><strong>per</strong></span> <span class='ocrx_word' id='word_1_567' title='bbox 1610 3792 1763 3832; x_wconf 90' lang='lat' dir='ltr'><strong>mare</strong></span> 
     </span>
    </p>
   </div>
   <div class='ocr_carea' id='block_1_69' title="bbox 172 3868 1765 3934">
    <p class='ocr_par' dir='ltr' id='par_1_69' title="bbox 172 3868 1765 3934">
     <span class='ocr_line' id='line_1_69' title="bbox 172 3868 1765 3934; baseline -0.004 -6"><span class='ocrx_word' id='word_1_568' title='bbox 172 3872 444 3933; x_wconf 79' lang='lat' dir='ltr'><strong>Rubrum.</strong></span> <span class='ocrx_word' id='word_1_569' title='bbox 462 3879 517 3924; x_wconf 88' lang='lat' dir='ltr'><strong>et</strong></span> <span class='ocrx_word' id='word_1_570' title='bbox 538 3870 593 3925; x_wconf 92' lang='lat' dir='ltr'><strong>in</strong></span> <span class='ocrx_word' id='word_1_571' title='bbox 614 3870 829 3924; x_wconf 87' lang='lat' dir='ltr'><strong>deserto</strong></span> <span class='ocrx_word' id='word_1_572' title='bbox 849 3868 1305 3923; x_wconf 89' lang='lat' dir='ltr'><strong>constructionem</strong></span> <span class='ocrx_word' id='word_1_573' title='bbox 1334 3868 1688 3934; x_wconf 87' lang='lat' dir='ltr'><strong>tabernaculi,</strong></span> <span class='ocrx_word' id='word_1_574' title='bbox 1710 3878 1765 3923; x_wconf 89' lang='lat' dir='ltr'><strong>et</strong></span> 
     </span>
    </p>
   </div>
   <div class='ocr_carea' id='block_1_70' title="bbox 170 3958 1764 4034">
    <p class='ocr_par' dir='ltr' id='par_1_70' title="bbox 170 3958 1764 4034">
     <span class='ocr_line' id='line_1_70' title="bbox 170 3958 1764 4034; baseline -0.003 -16"><span class='ocrx_word' id='word_1_575' title='bbox 170 3964 329 4034; x_wconf 78' lang='lat' dir='ltr'><strong>signa</strong></span> <span class='ocrx_word' id='word_1_576' title='bbox 376 3959 786 4023; x_wconf 88' lang='lat' dir='ltr'><strong>miraculorum,</strong></span> <span class='ocrx_word' id='word_1_577' title='bbox 834 3972 953 4027; x_wconf 64' lang='lat' dir='ltr'><strong>quae</strong></span> <span class='ocrx_word' id='word_1_578' title='bbox 995 3958 1048 4012; x_wconf 91' lang='lat' dir='ltr'><strong>in</strong></span> <span class='ocrx_word' id='word_1_579' title='bbox 1093 3958 1259 4031; x_wconf 85' lang='lat' dir='ltr'><strong>priori</strong></span> <span class='ocrx_word' id='word_1_580' title='bbox 1309 3958 1504 4027; x_wconf 90' lang='lat' dir='ltr'><strong>populo</strong></span> <span class='ocrx_word' id='word_1_581' title='bbox 1549 3958 1764 4015; x_wconf 86' lang='lat' dir='ltr'><strong>Domini</strong></span> 
     </span>
    </p>
   </div>
   <div class='ocr_carea' id='block_1_71' title="bbox 170 4049 1766 4123">
    <p class='ocr_par' dir='ltr' id='par_1_71' title="bbox 170 4049 1766 4123">
     <span class='ocr_line' id='line_1_71' title="bbox 170 4049 1766 4123; baseline -0.002 -15"><span class='ocrx_word' id='word_1_582' title='bbox 170 4051 327 4123; x_wconf 83' lang='lat' dir='ltr'><strong>jussu</strong></span> <span class='ocrx_word' id='word_1_583' title='bbox 368 4052 511 4107; x_wconf 85' lang='lat' dir='ltr'><strong>facta</strong></span> <span class='ocrx_word' id='word_1_584' title='bbox 556 4059 701 4116; x_wconf 87' lang='lat' dir='ltr'><strong>sunt,</strong></span> <span class='ocrx_word' id='word_1_585' title='bbox 746 4049 1037 4121; x_wconf 66' lang='lat' dir='ltr'><strong>prteliaque</strong></span> <span class='ocrx_word' id='word_1_586' title='bbox 1068 4049 1435 4105; x_wconf 84' lang='lat' dir='ltr'><strong>Israelitarum</strong></span> <span class='ocrx_word' id='word_1_587' title='bbox 1477 4066 1599 4105; x_wconf 90' lang='lat' dir='ltr'><strong>cum</strong></span> <span class='ocrx_word' id='word_1_588' title='bbox 1628 4050 1766 4105; x_wconf 85' lang='lat' dir='ltr'><strong>Cha-</strong></span> 
     </span>
    </p>
   </div>
   <div class='ocr_carea' id='block_1_72' title="bbox 170 4136 1766 4211">
    <p class='ocr_par' dir='ltr' id='par_1_72' title="bbox 170 4136 1766 4211">
     <span class='ocr_line' id='line_1_72' title="bbox 170 4136 1766 4211; baseline -0.004 -8"><span class='ocrx_word' id='word_1_589' title='bbox 170 4144 387 4203; x_wconf 71' lang='lat' dir='ltr'><strong>nanaeis</strong></span> <span class='ocrx_word' id='word_1_590' title='bbox 406 4151 463 4200; x_wconf 86' lang='lat' dir='ltr'><strong>et</strong></span> <span class='ocrx_word' id='word_1_591' title='bbox 482 4142 695 4199; x_wconf 60' lang='lat' dir='ltr'><strong>ceteris</strong></span> <span class='ocrx_word' id='word_1_592' title='bbox 725 4141 994 4211; x_wconf 84' lang='lat' dir='ltr'><strong>gentibus,</strong></span> <span class='ocrx_word' id='word_1_593' title='bbox 1022 4142 1138 4195; x_wconf 62' lang='lat' dir='ltr'><strong>haec</strong></span> <span class='ocrx_word' id='word_1_594' title='bbox 1159 4142 1377 4210; x_wconf 78' lang='lat' dir='ltr'><strong>quidem</strong></span> <span class='ocrx_word' id='word_1_595' title='bbox 1410 4136 1766 4196; x_wconf 88' lang='lat' dir='ltr'><strong>historialiter</strong></span> 
     </span>
    </p>
   </div>
   <div class='ocr_carea' id='block_1_73' title="bbox 173 4232 1768 4309">
    <p class='ocr_par' dir='ltr' id='par_1_73' title="bbox 173 4232 1768 4309">
     <span class='ocr_line' id='line_1_73' title="bbox 173 4232 1768 4309; baseline -0.003 -17"><span class='ocrx_word' id='word_1_596' title='bbox 173 4235 255 4293; x_wconf 84' lang='lat' dir='ltr'><strong>ita</strong></span> <span class='ocrx_word' id='word_1_597' title='bbox 274 4235 429 4303; x_wconf 77' lang='lat' dir='ltr'><strong>facta</strong></span> <span class='ocrx_word' id='word_1_598' title='bbox 462 4249 585 4289; x_wconf 87' lang='lat' dir='ltr'><strong>esse</strong></span> <span class='ocrx_word' id='word_1_599' title='bbox 626 4232 893 4309; x_wconf 67' lang='lat' dir='ltr'><strong>credenda</strong></span> <span class='ocrx_word' id='word_1_600' title='bbox 925 4239 1070 4297; x_wconf 88' lang='lat' dir='ltr'><strong>sunt,</strong></span> <span class='ocrx_word' id='word_1_601' title='bbox 1100 4239 1155 4285; x_wconf 89' lang='lat' dir='ltr'><strong>et</strong></span> <span class='ocrx_word' id='word_1_602' title='bbox 1189 4240 1368 4286; x_wconf 88' lang='lat' dir='ltr'><strong>tamen</strong></span> <span class='ocrx_word' id='word_1_603' title='bbox 1408 4233 1463 4287; x_wconf 92' lang='lat' dir='ltr'><strong>in</strong></span> <span class='ocrx_word' id='word_1_604' title='bbox 1494 4234 1768 4304; x_wconf 84' lang='lat' dir='ltr'><strong>mysteriis</strong></span> 
     </span>
    </p>
   </div>
   <div class='ocr_carea' id='block_1_74' title="bbox 173 4322 1766 4393">
    <p class='ocr_par' dir='ltr' id='par_1_74' title="bbox 173 4322 1766 4393">
     <span class='ocr_line' id='line_1_74' title="bbox 173 4322 1766 4393; baseline -0.003 -11"><span class='ocrx_word' id='word_1_605' title='bbox 173 4325 510 4382; x_wconf 83' lang='lat' dir='ltr'><strong>veneranda.</strong></span> <span class='ocrx_word' id='word_1_606' title='bbox 566 4323 722 4379; x_wconf 91' lang='lat' dir='ltr'><strong>Unde</strong></span> <span class='ocrx_word' id='word_1_607' title='bbox 768 4323 964 4378; x_wconf 85' lang='lat' dir='ltr'><strong>Paulus</strong></span> <span class='ocrx_word' id='word_1_608' title='bbox 1021 4322 1292 4392; x_wconf 87' lang='lat' dir='ltr'><strong>apostolus</strong></span> <span class='ocrx_word' id='word_1_609' title='bbox 1334 4322 1477 4379; x_wconf 87' lang='lat' dir='ltr'><strong>facta</strong></span> <span class='ocrx_word' id='word_1_610' title='bbox 1524 4324 1766 4393; x_wconf 90' lang='lat' dir='ltr'><strong>priorum</strong></span> 
     </span>
    </p>
   </div>
   <div class='ocr_carea' id='block_1_75' title="bbox 175 4407 1766 4487">
    <p class='ocr_par' dir='ltr' id='par_1_75' title="bbox 175 4407 1766 4487">
     <span class='ocr_line' id='line_1_75' title="bbox 175 4407 1766 4487; baseline -0.003 -17"><span class='ocrx_word' id='word_1_611' title='bbox 175 4414 415 4487; x_wconf 84' lang='lat' dir='ltr'><strong>mystice</strong></span> <span class='ocrx_word' id='word_1_612' title='bbox 442 4412 771 4483; x_wconf 80' lang='lat' dir='ltr'><strong>intelligens,</strong></span> <span class='ocrx_word' id='word_1_613' title='bbox 799 4412 865 4466; x_wconf 92' lang='lat' dir='ltr'><strong>ad</strong></span> <span class='ocrx_word' id='word_1_614' title='bbox 891 4410 1201 4477; x_wconf 80' lang='lat' dir='ltr'><strong>Corinthios</strong></span> <span class='ocrx_word' id='word_1_615' title='bbox 1230 4412 1469 4481; x_wconf 87' lang='lat' dir='ltr'><strong>scripsit,</strong></span> <span class='ocrx_word' id='word_1_616' title='bbox 1504 4407 1688 4467; x_wconf 82' lang='lat' dir='ltr'><strong>dicens</strong></span> <span class='ocrx_word' id='word_1_617' title='bbox 1714 4412 1766 4485; x_wconf 87' lang='lat' dir='ltr'><strong>(I</strong></span> 
     </span>
    </p>
   </div>
   <div class='ocr_carea' id='block_1_76' title="bbox 178 4499 1767 4574">
    <p class='ocr_par' dir='ltr' id='par_1_76' title="bbox 178 4499 1767 4574">
     <span class='ocr_line' id='line_1_76' title="bbox 178 4499 1767 4574; baseline -0.001 -16"><span class='ocrx_word' id='word_1_618' title='bbox 178 4502 309 4558; x_wconf 81' lang='lat' dir='ltr'><strong>Cor.</strong></span> <span class='ocrx_word' id='word_1_619' title='bbox 339 4501 445 4574; x_wconf 78' lang='lat' dir='ltr'><strong>x):</strong></span> <span class='ocrx_word' id='word_1_620' title='bbox 488 4520 505 4553; x_wconf 76' lang='grc' dir='ltr'><strong><em>ι</em></strong></span> <span class='ocrx_word' id='word_1_621' title='bbox 548 4500 683 4556; x_wconf 87' lang='grc' dir='ltr'><strong>ΝοΙο</strong></span> <span class='ocrx_word' id='word_1_622' title='bbox 732 4502 875 4555; x_wconf 91' lang='lat' dir='ltr'><strong>enim</strong></span> <span class='ocrx_word' id='word_1_623' title='bbox 918 4515 1013 4556; x_wconf 88' lang='lat' dir='ltr'><strong>vos</strong></span> <span class='ocrx_word' id='word_1_624' title='bbox 1062 4501 1332 4572; x_wconf 85' lang='lat' dir='ltr'><strong>ignorare,</strong></span> <span class='ocrx_word' id='word_1_625' title='bbox 1374 4500 1592 4569; x_wconf 84' lang='lat' dir='ltr'><strong>fratres,</strong></span> <span class='ocrx_word' id='word_1_626' title='bbox 1635 4499 1767 4573; x_wconf 79' lang='lat' dir='ltr'><strong>qho—</strong></span> 
     </span>
    </p>
   </div>
   <div class='ocr_carea' id='block_1_77' title="bbox 1872 3327 3446 3398">
    <p class='ocr_par' dir='ltr' id='par_1_77' title="bbox 1872 3327 3446 3398">
     <span class='ocr_line' id='line_1_77' title="bbox 1872 3327 3446 3398; baseline 0.001 -19"><span class='ocrx_word' id='word_1_627' title='bbox 1872 3348 1890 3379; x_wconf 83' lang='grc'><em>‹</em></span> <span class='ocrx_word' id='word_1_628' title='bbox 1924 3328 2137 3383; x_wconf 85' lang='lat' dir='ltr'><strong>Habent</strong></span> <span class='ocrx_word' id='word_1_629' title='bbox 2184 3327 2407 3398; x_wconf 82' lang='lat' dir='ltr'><strong>Moysen</strong></span> <span class='ocrx_word' id='word_1_630' title='bbox 2456 3336 2511 3381; x_wconf 87' lang='lat' dir='ltr'><strong>et</strong></span> <span class='ocrx_word' id='word_1_631' title='bbox 2556 3328 2865 3396; x_wconf 90' lang='lat' dir='ltr'><strong>prophetas,</strong></span> <span class='ocrx_word' id='word_1_632' title='bbox 2898 3327 3119 3381; x_wconf 89' lang='lat' dir='ltr'><strong>audiant</strong></span> <span class='ocrx_word' id='word_1_633' title='bbox 3148 3327 3286 3381; x_wconf 91' lang='lat' dir='ltr'><strong>illos.</strong></span> <span class='ocrx_word' id='word_1_634' title='bbox 3326 3347 3343 3377; x_wconf 76' lang='grc' dir='ltr'><strong><em>ι</em></strong></span> <span class='ocrx_word' id='word_1_635' title='bbox 3379 3328 3446 3381; x_wconf 82' lang='lat' dir='ltr'><strong>At</strong></span> 
     </span>
    </p>
   </div>
   <div class='ocr_carea' id='block_1_78' title="bbox 1867 3415 3445 3485">
    <p class='ocr_par' dir='ltr' id='par_1_78' title="bbox 1867 3415 3445 3485">
     <span class='ocr_line' id='line_1_78' title="bbox 1867 3415 3445 3485; baseline 0 -14"><span class='ocrx_word' id='word_1_636' title='bbox 1867 3417 1955 3471; x_wconf 89' lang='lat' dir='ltr'><strong>ille</strong></span> <span class='ocrx_word' id='word_1_637' title='bbox 2003 3418 2180 3472; x_wconf 74' lang='lat' dir='ltr'><strong>dixit:</strong></span> <span class='ocrx_word' id='word_1_638' title='bbox 2219 3436 2236 3467; x_wconf 85' lang='grc'><strong>‹</strong></span> <span class='ocrx_word' id='word_1_639' title='bbox 2270 3415 2385 3471; x_wconf 79' lang='lat' dir='ltr'><strong>Non</strong></span> <span class='ocrx_word' id='word_1_640' title='bbox 2430 3426 2585 3485; x_wconf 89' lang='lat' dir='ltr'><strong>pater</strong></span> <span class='ocrx_word' id='word_1_641' title='bbox 2617 3416 2916 3485; x_wconf 75' lang='lat' dir='ltr'><strong>Abraham,</strong></span> <span class='ocrx_word' id='word_1_642' title='bbox 2972 3418 3065 3471; x_wconf 89' lang='lat' dir='ltr'><strong>sed</strong></span> <span class='ocrx_word' id='word_1_643' title='bbox 3120 3417 3165 3471; x_wconf 89' lang='lat' dir='ltr'><strong>si</strong></span> <span class='ocrx_word' id='word_1_644' title='bbox 3215 3418 3334 3484; x_wconf 84' lang='lat' dir='ltr'><strong>quis</strong></span> <span class='ocrx_word' id='word_1_645' title='bbox 3378 3433 3445 3472; x_wconf 79' lang='lat' dir='ltr'><strong>ex</strong></span> 
     </span>
    </p>
   </div>
   <div class='ocr_carea' id='block_1_79' title="bbox 1872 3505 3445 3575">
    <p class='ocr_par' dir='ltr' id='par_1_79' title="bbox 1872 3505 3445 3575">
     <span class='ocr_line' id='line_1_79' title="bbox 1872 3505 3445 3575; baseline 0.001 -16"><span class='ocrx_word' id='word_1_646' title='bbox 1872 3506 2150 3562; x_wconf 57' lang='lat' dir='ltr'><strong>(mortuis</strong></span> <span class='ocrx_word' id='word_1_647' title='bbox 2197 3507 2319 3561; x_wconf 87' lang='lat' dir='ltr'><strong>ierit</strong></span> <span class='ocrx_word' id='word_1_648' title='bbox 2347 3507 2414 3560; x_wconf 90' lang='lat' dir='ltr'><strong>ad</strong></span> <span class='ocrx_word' id='word_1_649' title='bbox 2446 3521 2559 3569; x_wconf 87' lang='lat' dir='ltr'><strong>eos,</strong></span> <span class='ocrx_word' id='word_1_650' title='bbox 2609 3505 2981 3575; x_wconf 61' lang='lat' dir='ltr'><strong>paenitentiam</strong></span> <span class='ocrx_word' id='word_1_651' title='bbox 3021 3515 3198 3575; x_wconf 83' lang='lat' dir='ltr'><strong>agent.</strong></span> <span class='ocrx_word' id='word_1_652' title='bbox 3230 3506 3320 3560; x_wconf 82' lang='lat' dir='ltr'><strong>Ait</strong></span> <span class='ocrx_word' id='word_1_653' title='bbox 3342 3512 3445 3561; x_wconf 80' lang='lat' dir='ltr'><strong>&#39;au-</strong></span> 
     </span>
    </p>
   </div>
   <div class='ocr_carea' id='block_1_80' title="bbox 1873 3592 3444 3666">
    <p class='ocr_par' dir='ltr' id='par_1_80' title="bbox 1873 3592 3444 3666">
     <span class='ocr_line' id='line_1_80' title="bbox 1873 3592 3444 3666; baseline 0.003 -19"><span class='ocrx_word' id='word_1_654' title='bbox 1873 3616 1891 3647; x_wconf 73' lang='grc' dir='ltr'><strong><em>ι</em></strong></span> <span class='ocrx_word' id='word_1_655' title='bbox 1930 3604 2038 3650; x_wconf 89' lang='lat' dir='ltr'><strong>tem</strong></span> <span class='ocrx_word' id='word_1_656' title='bbox 2066 3596 2141 3651; x_wconf 91' lang='lat' dir='ltr'><strong>illi</strong></span> <span class='ocrx_word' id='word_1_657' title='bbox 2168 3614 2181 3650; x_wconf 91' lang='lat'><strong>:</strong></span> <span class='ocrx_word' id='word_1_658' title='bbox 2216 3594 2273 3650; x_wconf 90' lang='lat' dir='ltr'><strong>Si</strong></span> <span class='ocrx_word' id='word_1_659' title='bbox 2297 3595 2512 3666; x_wconf 85' lang='lat' dir='ltr'><strong>Moysen</strong></span> <span class='ocrx_word' id='word_1_660' title='bbox 2542 3606 2593 3649; x_wconf 92' lang='lat' dir='ltr'><strong>et</strong></span> <span class='ocrx_word' id='word_1_661' title='bbox 2619 3592 2909 3664; x_wconf 76' lang='lat' dir='ltr'><strong>prophetas</strong></span> <span class='ocrx_word' id='word_1_662' title='bbox 2939 3611 3047 3650; x_wconf 90' lang='lat' dir='ltr'><strong>non</strong></span> <span class='ocrx_word' id='word_1_663' title='bbox 3078 3597 3323 3659; x_wconf 88' lang='lat' dir='ltr'><strong>audiunt.</strong></span> <span class='ocrx_word' id='word_1_664' title='bbox 3353 3613 3444 3652; x_wconf 89' lang='lat' dir='ltr'><strong>ue-</strong></span> 
     </span>
    </p>
   </div>
   <div class='ocr_carea' id='block_1_81' title="bbox 1873 3686 3442 3757">
    <p class='ocr_par' dir='ltr' id='par_1_81' title="bbox 1873 3686 3442 3757">
     <span class='ocr_line' id='line_1_81' title="bbox 1873 3686 3442 3757; baseline 0.004 -19"><span class='ocrx_word' id='word_1_665' title='bbox 1873 3706 1891 3738; x_wconf 73' lang='grc' dir='ltr'>ι</span> <span class='ocrx_word' id='word_1_666' title='bbox 1926 3702 2030 3757; x_wconf 89' lang='lat' dir='ltr'><strong>que</strong></span> <span class='ocrx_word' id='word_1_667' title='bbox 2057 3688 2103 3742; x_wconf 89' lang='lat' dir='ltr'><strong>si</strong></span> <span class='ocrx_word' id='word_1_668' title='bbox 2159 3686 2281 3757; x_wconf 90' lang='lat' dir='ltr'><strong>quis</strong></span> <span class='ocrx_word' id='word_1_669' title='bbox 2309 3701 2376 3740; x_wconf 77' lang='lat' dir='ltr'><strong>ex</strong></span> <span class='ocrx_word' id='word_1_670' title='bbox 2428 3687 2655 3741; x_wconf 88' lang='lat' dir='ltr'><strong>mortuis</strong></span> <span class='ocrx_word' id='word_1_671' title='bbox 2688 3689 3005 3753; x_wconf 78' lang='lat' dir='ltr'><strong>resurrexit,</strong></span> <span class='ocrx_word' id='word_1_672' title='bbox 3035 3689 3273 3742; x_wconf 87' lang='lat' dir='ltr'><strong>credent.</strong></span> <span class='ocrx_word' id='word_1_673' title='bbox 3312 3708 3329 3739; x_wconf 77' lang='grc' dir='ltr'><strong><em>ι</em></strong></span> <span class='ocrx_word' id='word_1_674' title='bbox 3362 3689 3442 3745; x_wconf 82' lang='lat' dir='ltr'><strong>Ac</strong></span> 
     </span>
    </p>
   </div>
   <div class='ocr_carea' id='block_1_82' title="bbox 1866 3776 3443 3847">
    <p class='ocr_par' dir='ltr' id='par_1_82' title="bbox 1866 3776 3443 3847">
     <span class='ocr_line' id='line_1_82' title="bbox 1866 3776 3443 3847; baseline 0.004 -17"><span class='ocrx_word' id='word_1_675' title='bbox 1866 3777 1910 3830; x_wconf 91' lang='lat' dir='ltr'><strong>si</strong></span> <span class='ocrx_word' id='word_1_676' title='bbox 1944 3786 2189 3847; x_wconf 88' lang='lat' dir='ltr'><strong>patenter</strong></span> <span class='ocrx_word' id='word_1_677' title='bbox 2228 3776 2434 3831; x_wconf 84' lang='lat' dir='ltr'><strong>diceret</strong></span> <span class='ocrx_word' id='word_1_678' title='bbox 2465 3793 2478 3830; x_wconf 91' lang='lat'><strong>:</strong></span> <span class='ocrx_word' id='word_1_679' title='bbox 2511 3776 2565 3830; x_wconf 89' lang='lat' dir='ltr'><strong>Si</strong></span> <span class='ocrx_word' id='word_1_680' title='bbox 2598 3776 2697 3845; x_wconf 88' lang='lat' dir='ltr'><strong>legi</strong></span> <span class='ocrx_word' id='word_1_681' title='bbox 2730 3785 2785 3830; x_wconf 93' lang='lat' dir='ltr'><strong>et</strong></span> <span class='ocrx_word' id='word_1_682' title='bbox 2832 3778 3127 3847; x_wconf 83' lang='lat' dir='ltr'><strong>prophetis,</strong></span> <span class='ocrx_word' id='word_1_683' title='bbox 3176 3778 3443 3847; x_wconf 87' lang='lat' dir='ltr'><strong>justitiam</strong></span> 
     </span>
    </p>
   </div>
   <div class='ocr_carea' id='block_1_83' title="bbox 1867 3868 3445 3938">
    <p class='ocr_par' dir='ltr' id='par_1_83' title="bbox 1867 3868 3445 3938">
     <span class='ocr_line' id='line_1_83' title="bbox 1867 3868 3445 3938; baseline 0.004 -16"><span class='ocrx_word' id='word_1_684' title='bbox 1867 3876 1922 3922; x_wconf 90' lang='lat' dir='ltr'><strong>et</strong></span> <span class='ocrx_word' id='word_1_685' title='bbox 1943 3868 2226 3922; x_wconf 89' lang='lat' dir='ltr'><strong>veritatem</strong></span> <span class='ocrx_word' id='word_1_686' title='bbox 2258 3868 2576 3922; x_wconf 87' lang='lat' dir='ltr'><strong>docentibus</strong></span> <span class='ocrx_word' id='word_1_687' title='bbox 2604 3883 2723 3932; x_wconf 54' lang='lat' dir='ltr'><strong>non,</strong></span> <span class='ocrx_word' id='word_1_688' title='bbox 2762 3870 3133 3938; x_wconf 83' lang='lat' dir='ltr'><strong>acquiescant,</strong></span> <span class='ocrx_word' id='word_1_689' title='bbox 3161 3886 3260 3926; x_wconf 90' lang='lat' dir='ltr'><strong>nec</strong></span> <span class='ocrx_word' id='word_1_690' title='bbox 3287 3870 3445 3928; x_wconf 78' lang='lat' dir='ltr'><strong>Chri-</strong></span> 
     </span>
    </p>
   </div>
   <div class='ocr_carea' id='block_1_84' title="bbox 1869 3958 3445 4031">
    <p class='ocr_par' dir='ltr' id='par_1_84' title="bbox 1869 3958 3445 4031">
     <span class='ocr_line' id='line_1_84' title="bbox 1869 3958 3445 4031; baseline 0.004 -18"><span class='ocrx_word' id='word_1_691' title='bbox 1869 3966 1952 4013; x_wconf 91' lang='lat' dir='ltr'><strong>sto</strong></span> <span class='ocrx_word' id='word_1_692' title='bbox 1975 3959 2067 4029; x_wconf 92' lang='lat' dir='ltr'><strong>qui</strong></span> <span class='ocrx_word' id='word_1_693' title='bbox 2108 3973 2173 4012; x_wconf 79' lang='lat' dir='ltr'><strong>ex</strong></span> <span class='ocrx_word' id='word_1_694' title='bbox 2227 3958 2457 4013; x_wconf 86' lang='lat' dir='ltr'><strong>mortuis</strong></span> <span class='ocrx_word' id='word_1_695' title='bbox 2513 3959 2832 4023; x_wconf 84' lang='lat' dir='ltr'><strong>resurrexit,</strong></span> <span class='ocrx_word' id='word_1_696' title='bbox 2867 3968 2922 4013; x_wconf 87' lang='lat' dir='ltr'><strong>et</strong></span> <span class='ocrx_word' id='word_1_697' title='bbox 2944 3962 3317 4031; x_wconf 82' lang='lat' dir='ltr'><strong>.evaugelicatn</strong></span> <span class='ocrx_word' id='word_1_698' title='bbox 3349 3964 3445 4020; x_wconf 89' lang='lat' dir='ltr'><strong>do-</strong></span> 
     </span>
    </p>
   </div>
   <div class='ocr_carea' id='block_1_85' title="bbox 1868 4044 3446 4120">
    <p class='ocr_par' dir='ltr' id='par_1_85' title="bbox 1868 4044 3446 4120">
     <span class='ocr_line' id='line_1_85' title="bbox 1868 4044 3446 4120; baseline 0.004 -18"><span class='ocrx_word' id='word_1_699' title='bbox 1868 4049 2097 4103; x_wconf 90' lang='lat' dir='ltr'><strong>ctrinam</strong></span> <span class='ocrx_word' id='word_1_700' title='bbox 2145 4044 2455 4115; x_wconf 79' lang='lat' dir='ltr'><strong>annuntiat,</strong></span> <span class='ocrx_word' id='word_1_701' title='bbox 2492 4048 2597 4103; x_wconf 91' lang='lat' dir='ltr'><strong>rite</strong></span> <span class='ocrx_word' id='word_1_702' title='bbox 2626 4049 2900 4103; x_wconf 88' lang='lat' dir='ltr'><strong>ohediunt.</strong></span> <span class='ocrx_word' id='word_1_703' title='bbox 2932 4051 3170 4120; x_wconf 86' lang='lat' dir='ltr'><strong>Denique</strong></span> <span class='ocrx_word' id='word_1_704' title='bbox 3215 4056 3279 4108; x_wconf 91' lang='lat' dir='ltr'><strong>de</strong></span> <span class='ocrx_word' id='word_1_705' title='bbox 3313 4070 3446 4110; x_wconf 86' lang='lat' dir='ltr'><strong>con-</strong></span> 
     </span>
    </p>
   </div>
   <div class='ocr_carea' id='block_1_86' title="bbox 1869 4140 3438 4215">
    <p class='ocr_par' dir='ltr' id='par_1_86' title="bbox 1869 4140 3438 4215">
     <span class='ocr_line' id='line_1_86' title="bbox 1869 4140 3438 4215; baseline 0.004 -20"><span class='ocrx_word' id='word_1_706' title='bbox 1869 4140 2233 4209; x_wconf 85' lang='lat' dir='ltr'><strong>sanguinitate</strong></span> <span class='ocrx_word' id='word_1_707' title='bbox 2259 4140 2518 4195; x_wconf 92' lang='lat' dir='ltr'><strong>Dominus</strong></span> <span class='ocrx_word' id='word_1_708' title='bbox 2543 4140 2658 4209; x_wconf 89' lang='lat' dir='ltr'><strong>ipse</strong></span> <span class='ocrx_word' id='word_1_709' title='bbox 2684 4141 2777 4208; x_wconf 91' lang='lat' dir='ltr'><strong>qui</strong></span> <span class='ocrx_word' id='word_1_710' title='bbox 2806 4140 2974 4210; x_wconf 88' lang='lat' dir='ltr'><strong>legem</strong></span> <span class='ocrx_word' id='word_1_711' title='bbox 3004 4144 3167 4207; x_wconf 88' lang='lat' dir='ltr'><strong>dedit,</strong></span> <span class='ocrx_word' id='word_1_712' title='bbox 3214 4156 3268 4199; x_wconf 88' lang='lat' dir='ltr'><strong>et</strong></span> <span class='ocrx_word' id='word_1_713' title='bbox 3296 4156 3438 4215; x_wconf 85' lang='lat' dir='ltr'><strong>post-</strong></span> 
     </span>
    </p>
   </div>
   <div class='ocr_carea' id='block_1_87' title="bbox 1870 4229 3445 4299">
    <p class='ocr_par' dir='ltr' id='par_1_87' title="bbox 1870 4229 3445 4299">
     <span class='ocr_line' id='line_1_87' title="bbox 1870 4229 3445 4299; baseline 0.004 -15"><span class='ocrx_word' id='word_1_714' title='bbox 1870 4231 2087 4285; x_wconf 87' lang='lat' dir='ltr'><strong>modum</strong></span> <span class='ocrx_word' id='word_1_715' title='bbox 2128 4229 2407 4299; x_wconf 84' lang='lat' dir='ltr'><strong>Evangelii</strong></span> <span class='ocrx_word' id='word_1_716' title='bbox 2460 4230 2889 4291; x_wconf 88' lang='lat' dir='ltr'><strong>benedictionem</strong></span> <span class='ocrx_word' id='word_1_717' title='bbox 2937 4232 3164 4295; x_wconf 86' lang='lat' dir='ltr'><strong>addidit,</strong></span> <span class='ocrx_word' id='word_1_718' title='bbox 3194 4244 3255 4288; x_wconf 93' lang='lat' dir='ltr'><strong>ut</strong></span> <span class='ocrx_word' id='word_1_719' title='bbox 3288 4236 3445 4291; x_wconf 87' lang='lat' dir='ltr'><strong>electi</strong></span> 
     </span>
    </p>
   </div>
   <div class='ocr_carea' id='block_1_88' title="bbox 1870 4306 3447 4388">
    <p class='ocr_par' dir='ltr' id='par_1_88' title="bbox 1870 4306 3447 4388">
     <span class='ocr_line' id='line_1_88' title="bbox 1870 4306 3447 4388; baseline 0.006 -13"><span class='ocrx_word' id='word_1_720' title='bbox 1870 4321 1952 4375; x_wconf 91' lang='lat' dir='ltr'><strong>sui</strong></span> <span class='ocrx_word' id='word_1_721' title='bbox 1991 4319 2330 4376; x_wconf 87' lang='lat' dir='ltr'><strong>ambularent</strong></span> <span class='ocrx_word' id='word_1_722' title='bbox 2365 4320 2432 4373; x_wconf 92' lang='lat' dir='ltr'><strong>de</strong></span> <span class='ocrx_word' id='word_1_723' title='bbox 2473 4320 2673 4375; x_wconf 88' lang='lat' dir='ltr'><strong>virtute</strong></span> <span class='ocrx_word' id='word_1_724' title='bbox 2708 4321 2761 4374; x_wconf 92' lang='lat' dir='ltr'><strong>in</strong></span> <span class='ocrx_word' id='word_1_725' title='bbox 2816 4306 3095 4388; x_wconf 83' lang='lat' dir='ltr'><strong>virtutem,</strong></span> <span class='ocrx_word' id='word_1_726' title='bbox 3126 4325 3179 4379; x_wconf 91' lang='lat' dir='ltr'><strong>in</strong></span> <span class='ocrx_word' id='word_1_727' title='bbox 3206 4326 3447 4385; x_wconf 87' lang='lat' dir='ltr'><strong>Levitico</strong></span> 
     </span>
    </p>
   </div>
   <div class='ocr_carea' id='block_1_89' title="bbox 1870 4409 3443 4481">
    <p class='ocr_par' dir='ltr' id='par_1_89' title="bbox 1870 4409 3443 4481">
     <span class='ocr_line' id='line_1_89' title="bbox 1870 4409 3443 4481; baseline 0.003 -15"><span class='ocrx_word' id='word_1_728' title='bbox 1870 4412 1939 4466; x_wconf 90' lang='lat' dir='ltr'><strong>ad</strong></span> <span class='ocrx_word' id='word_1_729' title='bbox 1968 4411 2183 4481; x_wconf 82' lang='lat' dir='ltr'><strong>Moysen</strong></span> <span class='ocrx_word' id='word_1_730' title='bbox 2214 4409 2425 4464; x_wconf 89' lang='lat' dir='ltr'><strong>locutus</strong></span> <span class='ocrx_word' id='word_1_731' title='bbox 2460 4418 2542 4464; x_wconf 90' lang='lat' dir='ltr'><strong>est</strong></span> <span class='ocrx_word' id='word_1_732' title='bbox 2595 4411 2781 4464; x_wconf 90' lang='lat' dir='ltr'><strong>dicens</strong></span> <span class='ocrx_word' id='word_1_733' title='bbox 2808 4428 2820 4463; x_wconf 92' lang='lat'><strong>:</strong></span> <span class='ocrx_word' id='word_1_734' title='bbox 2857 4429 2875 4462; x_wconf 89' lang='grc'>‹</span> <span class='ocrx_word' id='word_1_735' title='bbox 2906 4410 3173 4480; x_wconf 51' lang='grc' dir='ltr'><strong>,Ιλοψιθιιθ</strong></span> <span class='ocrx_word' id='word_1_736' title='bbox 3206 4414 3329 4470; x_wconf 86' lang='lat' dir='ltr'><strong>ﬁliis</strong></span> <span class='ocrx_word' id='word_1_737' title='bbox 3356 4417 3443 4472; x_wconf 81' lang='lat' dir='ltr'><strong>ls-</strong></span> 
     </span>
    </p>
   </div>
   <div class='ocr_carea' id='block_1_90' title="bbox 1878 4501 3443 4571">
    <p class='ocr_par' dir='ltr' id='par_1_90' title="bbox 1878 4501 3443 4571">
     <span class='ocr_line' id='line_1_90' title="bbox 1878 4501 3443 4571; baseline 0.005 -16"><span class='ocrx_word' id='word_1_738' title='bbox 1878 4522 1896 4555; x_wconf 73' lang='grc'><strong>(</strong></span> <span class='ocrx_word' id='word_1_739' title='bbox 1931 4502 2043 4557; x_wconf 90' lang='lat' dir='ltr'><strong>rael</strong></span> <span class='ocrx_word' id='word_1_740' title='bbox 2067 4512 2119 4557; x_wconf 89' lang='lat' dir='ltr'><strong>et</strong></span> <span class='ocrx_word' id='word_1_741' title='bbox 2143 4502 2291 4557; x_wconf 90' lang='lat' dir='ltr'><strong>dices</strong></span> <span class='ocrx_word' id='word_1_742' title='bbox 2317 4501 2383 4556; x_wconf 91' lang='lat' dir='ltr'><strong>ad</strong></span> <span class='ocrx_word' id='word_1_743' title='bbox 2408 4516 2501 4557; x_wconf 90' lang='lat' dir='ltr'><strong>eos</strong></span> <span class='ocrx_word' id='word_1_744' title='bbox 2539 4516 2554 4553; x_wconf 93' lang='lat'><strong>:</strong></span> <span class='ocrx_word' id='word_1_745' title='bbox 2594 4501 2705 4571; x_wconf 89' lang='lat' dir='ltr'><strong>Ego</strong></span> <span class='ocrx_word' id='word_1_746' title='bbox 2753 4502 3013 4558; x_wconf 91' lang='lat' dir='ltr'><strong>Dominus</strong></span> <span class='ocrx_word' id='word_1_747' title='bbox 3052 4504 3192 4561; x_wconf 91' lang='lat' dir='ltr'><strong>Deus</strong></span> <span class='ocrx_word' id='word_1_748' title='bbox 3220 4518 3443 4563; x_wconf 83' lang='lat' dir='ltr'><strong>vester:</strong></span> 
     </span>
    </p>
   </div>
   <div class='ocr_carea' id='block_1_91' title="bbox 183 4564 3442 4666">
    <p class='ocr_par' dir='ltr' id='par_1_91' title="bbox 183 4564 3442 4666">
     <span class='ocr_line' id='line_1_91' title="bbox 183 4564 3442 4666; baseline 0.001 -16"><span class='ocrx_word' id='word_1_749' title='bbox 183 4616 207 4650; x_wconf 72' lang='grc' dir='ltr'>ι</span> <span class='ocrx_word' id='word_1_750' title='bbox 254 4564 402 4650; x_wconf 80' lang='lat' dir='ltr'><strong>niam</strong></span> <span class='ocrx_word' id='word_1_751' title='bbox 421 4604 603 4666; x_wconf 89' lang='lat' dir='ltr'><strong>patres</strong></span> <span class='ocrx_word' id='word_1_752' title='bbox 624 4595 796 4649; x_wconf 90' lang='lat' dir='ltr'><strong>nostri</strong></span> <span class='ocrx_word' id='word_1_753' title='bbox 819 4609 1009 4649; x_wconf 90' lang='lat' dir='ltr'><strong>omnes</strong></span> <span class='ocrx_word' id='word_1_754' title='bbox 1033 4595 1132 4649; x_wconf 93' lang='lat' dir='ltr'><strong>sub</strong></span> <span class='ocrx_word' id='word_1_755' title='bbox 1152 4582 1293 4649; x_wconf 91' lang='lat' dir='ltr'><strong>nube</strong></span> <span class='ocrx_word' id='word_1_756' title='bbox 1319 4593 1552 4661; x_wconf 90' lang='lat' dir='ltr'><strong>fuerunt,</strong></span> <span class='ocrx_word' id='word_1_757' title='bbox 1574 4604 1629 4650; x_wconf 88' lang='lat' dir='ltr'><strong>et</strong></span> <span class='ocrx_word' id='word_1_758' title='bbox 1651 4564 1766 4651; x_wconf 75' lang='lat' dir='ltr'><strong>om-</strong></span> <span class='ocrx_word' id='word_1_759' title='bbox 1792 4564 1845 4623; x_wconf 71' lang='grc' dir='ltr'><strong><em>Β</em></strong></span> <span class='ocrx_word' id='word_1_760' title='bbox 1877 4615 1894 4647; x_wconf 73' lang='grc' dir='ltr'>ι</span> <span class='ocrx_word' id='word_1_761' title='bbox 1927 4594 2091 4650; x_wconf 74' lang='lat' dir='ltr'><strong>Juxta</strong></span> <span class='ocrx_word' id='word_1_762' title='bbox 2131 4593 2580 4649; x_wconf 78' lang='lat' dir='ltr'><strong>consuetudinem</strong></span> <span class='ocrx_word' id='word_1_763' title='bbox 2630 4600 2787 4647; x_wconf 67' lang='lat' dir='ltr'><strong>terrae</strong></span> <span class='ocrx_word' id='word_1_764' title='bbox 2816 4592 3033 4664; x_wconf 63' lang='lat' dir='ltr'><strong>Egypti</strong></span> <span class='ocrx_word' id='word_1_765' title='bbox 3058 4596 3109 4648; x_wconf 92' lang='lat' dir='ltr'><strong>in</strong></span> <span class='ocrx_word' id='word_1_766' title='bbox 3147 4612 3252 4663; x_wconf 88' lang='lat' dir='ltr'><strong>qua</strong></span> <span class='ocrx_word' id='word_1_767' title='bbox 3300 4600 3442 4657; x_wconf 54' lang='lat' dir='ltr'><strong>habi.</strong></span> 
     </span>
    </p>
   </div>
   <div class='ocr_carea' id='block_1_92' title="bbox 185 4685 1781 4757">
    <p class='ocr_par' dir='ltr' id='par_1_92' title="bbox 185 4685 1781 4757">
     <span class='ocr_line' id='line_1_92' title="bbox 185 4685 1781 4757; baseline 0.002 -18"><span class='ocrx_word' id='word_1_768' title='bbox 185 4705 208 4739; x_wconf 70' lang='grc' dir='ltr'><strong><em>ι</em></strong></span> <span class='ocrx_word' id='word_1_769' title='bbox 258 4692 532 4746; x_wconf 78' lang='lat' dir='ltr'><strong>nes’mare</strong></span> <span class='ocrx_word' id='word_1_770' title='bbox 557 4686 906 4750; x_wconf 85' lang='lat' dir='ltr'><strong>transierunt,</strong></span> <span class='ocrx_word' id='word_1_771' title='bbox 935 4693 989 4739; x_wconf 91' lang='lat' dir='ltr'><strong>et</strong></span> <span class='ocrx_word' id='word_1_772' title='bbox 1008 4700 1196 4739; x_wconf 90' lang='lat' dir='ltr'><strong>omnes</strong></span> <span class='ocrx_word' id='word_1_773' title='bbox 1222 4685 1274 4738; x_wconf 91' lang='lat' dir='ltr'><strong>in</strong></span> <span class='ocrx_word' id='word_1_774' title='bbox 1302 4685 1481 4757; x_wconf 85' lang='lat' dir='ltr'><strong>Moyse</strong></span> <span class='ocrx_word' id='word_1_775' title='bbox 1509 4687 1781 4756; x_wconf 73' lang='lat' dir='ltr'><strong>baptizati‘</strong></span> 
     </span>
    </p>
   </div>
   <div class='ocr_carea' id='block_1_93' title="bbox 186 4775 1766 4855">
    <p class='ocr_par' dir='ltr' id='par_1_93' title="bbox 186 4775 1766 4855">
     <span class='ocr_line' id='line_1_93' title="bbox 186 4775 1766 4855; baseline 0.003 -28"><span class='ocrx_word' id='word_1_776' title='bbox 186 4793 208 4827; x_wconf 69' lang='grc' dir='ltr'>ι</span> <span class='ocrx_word' id='word_1_777' title='bbox 255 4784 400 4842; x_wconf 89' lang='lat' dir='ltr'><strong>sunt,</strong></span> <span class='ocrx_word' id='word_1_778' title='bbox 432 4777 488 4830; x_wconf 90' lang='lat' dir='ltr'><strong>in</strong></span> <span class='ocrx_word' id='word_1_779' title='bbox 515 4775 656 4831; x_wconf 89' lang='lat' dir='ltr'><strong>nube</strong></span> <span class='ocrx_word' id='word_1_780' title='bbox 678 4784 733 4830; x_wconf 92' lang='lat' dir='ltr'><strong>et</strong></span> <span class='ocrx_word' id='word_1_781' title='bbox 763 4775 815 4829; x_wconf 90' lang='lat' dir='ltr'><strong>in</strong></span> <span class='ocrx_word' id='word_1_782' title='bbox 842 4775 1002 4835; x_wconf 88' lang='lat' dir='ltr'><strong>mari,</strong></span> <span class='ocrx_word' id='word_1_783' title='bbox 1026 4782 1076 4828; x_wconf 91' lang='lat' dir='ltr'><strong>et</strong></span> <span class='ocrx_word' id='word_1_784' title='bbox 1107 4790 1297 4855; x_wconf 76' lang='lat' dir='ltr'><strong>omnes</strong></span> <span class='ocrx_word' id='word_1_785' title='bbox 1316 4777 1561 4831; x_wconf 90' lang='lat' dir='ltr'><strong>eamdem</strong></span> <span class='ocrx_word' id='word_1_786' title='bbox 1582 4792 1766 4832; x_wconf 88' lang='lat' dir='ltr'><strong>escam</strong></span> 
     </span>
    </p>
   </div>
   <div class='ocr_carea' id='block_1_94' title="bbox 188 4864 1769 4937">
    <p class='ocr_par' dir='ltr' id='par_1_94' title="bbox 188 4864 1769 4937">
     <span class='ocr_line' id='line_1_94' title="bbox 188 4864 1769 4937; baseline 0.003 -19"><span class='ocrx_word' id='word_1_787' title='bbox 188 4882 210 4917; x_wconf 72' lang='grc' dir='ltr'>ς</span> <span class='ocrx_word' id='word_1_788' title='bbox 260 4864 559 4933; x_wconf 87' lang='lat' dir='ltr'><strong>spiritalem</strong></span> <span class='ocrx_word' id='word_1_789' title='bbox 597 4865 1072 4927; x_wconf 87' lang='lat' dir='ltr'><strong>manducavernnt,</strong></span> <span class='ocrx_word' id='word_1_790' title='bbox 1108 4872 1161 4918; x_wconf 88' lang='lat' dir='ltr'><strong>et</strong></span> <span class='ocrx_word' id='word_1_791' title='bbox 1187 4878 1377 4920; x_wconf 89' lang='lat' dir='ltr'><strong>omnes</strong></span> <span class='ocrx_word' id='word_1_792' title='bbox 1402 4867 1644 4935; x_wconf 89' lang='lat' dir='ltr'><strong>eumdem</strong></span> <span class='ocrx_word' id='word_1_793' title='bbox 1674 4883 1769 4937; x_wconf 88' lang='lat' dir='ltr'><strong>po-</strong></span> 
     </span>
    </p>
   </div>
   <div class='ocr_carea' id='block_1_95' title="bbox 186 4953 1766 5026">
    <p class='ocr_par' dir='ltr' id='par_1_95' title="bbox 186 4953 1766 5026">
     <span class='ocr_line' id='line_1_95' title="bbox 186 4953 1766 5026; baseline -0.002 -14"><span class='ocrx_word' id='word_1_794' title='bbox 186 4975 212 5012; x_wconf 69' lang='grc'><strong>(</strong></span> <span class='ocrx_word' id='word_1_795' title='bbox 254 4961 369 5010; x_wconf 88' lang='lat' dir='ltr'><strong>tum</strong></span> <span class='ocrx_word' id='word_1_796' title='bbox 398 4954 694 5023; x_wconf 87' lang='lat' dir='ltr'><strong>spiritalem</strong></span> <span class='ocrx_word' id='word_1_797' title='bbox 727 4954 995 5009; x_wconf 87' lang='lat' dir='ltr'><strong>biberunt.</strong></span> <span class='ocrx_word' id='word_1_798' title='bbox 1023 4953 1283 5008; x_wconf 90' lang='lat' dir='ltr'><strong>Bibebant</strong></span> <span class='ocrx_word' id='word_1_799' title='bbox 1310 4963 1489 5009; x_wconf 84' lang='lat' dir='ltr'><strong>autem</strong></span> <span class='ocrx_word' id='word_1_800' title='bbox 1517 4956 1582 5011; x_wconf 91' lang='lat' dir='ltr'><strong>de</strong></span> <span class='ocrx_word' id='word_1_801' title='bbox 1606 4957 1766 5026; x_wconf 57' lang='lat' dir='ltr'><strong>spirio</strong></span> 
     </span>
    </p>
   </div>
   <div class='ocr_carea' id='block_1_96' title="bbox 188 5045 1772 5117">
    <p class='ocr_par' dir='ltr' id='par_1_96' title="bbox 188 5045 1772 5117">
     <span class='ocr_line' id='line_1_96' title="bbox 188 5045 1772 5117; baseline -0.002 -12"><span class='ocrx_word' id='word_1_802' title='bbox 188 5068 215 5105; x_wconf 73' lang='grc' dir='ltr'>ι</span> <span class='ocrx_word' id='word_1_803' title='bbox 260 5047 358 5106; x_wconf 83' lang='lat' dir='ltr'><strong>tali</strong></span> <span class='ocrx_word' id='word_1_804' title='bbox 378 5048 726 5116; x_wconf 89' lang='lat' dir='ltr'><strong>consequenti</strong></span> <span class='ocrx_word' id='word_1_805' title='bbox 753 5062 847 5103; x_wconf 91' lang='lat' dir='ltr'><strong>eos</strong></span> <span class='ocrx_word' id='word_1_806' title='bbox 867 5054 1039 5117; x_wconf 88' lang='lat' dir='ltr'><strong>petra.</strong></span> <span class='ocrx_word' id='word_1_807' title='bbox 1065 5045 1224 5101; x_wconf 89' lang='lat' dir='ltr'><strong>Petra</strong></span> <span class='ocrx_word' id='word_1_808' title='bbox 1249 5056 1427 5100; x_wconf 88' lang='lat' dir='ltr'><strong>autem</strong></span> <span class='ocrx_word' id='word_1_809' title='bbox 1450 5055 1567 5111; x_wconf 84' lang='lat' dir='ltr'><strong>erat</strong></span> <span class='ocrx_word' id='word_1_810' title='bbox 1587 5046 1772 5103; x_wconf 82' lang='lat' dir='ltr'><strong>Chris—</strong></span> 
     </span>
    </p>
   </div>
   <div class='ocr_carea' id='block_1_97' title="bbox 189 5135 1770 5195">
    <p class='ocr_par' dir='ltr' id='par_1_97' title="bbox 189 5135 1770 5195">
     <span class='ocr_line' id='line_1_97' title="bbox 189 5135 1770 5195; baseline -0.001 0"><span class='ocrx_word' id='word_1_811' title='bbox 189 5159 217 5195; x_wconf 75' lang='grc' dir='ltr'><strong>σ</strong></span> <span class='ocrx_word' id='word_1_812' title='bbox 260 5147 370 5194; x_wconf 83' lang='lat' dir='ltr'><strong>tus.</strong></span> <span class='ocrx_word' id='word_1_813' title='bbox 429 5157 449 5191; x_wconf 85' lang='grc'><strong>›</strong></span> <span class='ocrx_word' id='word_1_814' title='bbox 507 5136 771 5193; x_wconf 89' lang='lat' dir='ltr'><strong>Similiter</strong></span> <span class='ocrx_word' id='word_1_815' title='bbox 823 5146 998 5191; x_wconf 80' lang='lat' dir='ltr'><strong>autem</strong></span> <span class='ocrx_word' id='word_1_816' title='bbox 1052 5146 1105 5191; x_wconf 90' lang='lat' dir='ltr'><strong>et</strong></span> <span class='ocrx_word' id='word_1_817' title='bbox 1164 5137 1231 5190; x_wconf 86' lang='lat' dir='ltr'><strong>ad</strong></span> <span class='ocrx_word' id='word_1_818' title='bbox 1272 5135 1491 5191; x_wconf 89' lang='lat' dir='ltr'><strong>Galatas</strong></span> <span class='ocrx_word' id='word_1_819' title='bbox 1531 5138 1770 5193; x_wconf 85' lang='lat' dir='ltr'><strong>scribens</strong></span> 
     </span>
    </p>
   </div>
   <div class='ocr_carea' id='block_1_98' title="bbox 186 5227 1770 5293">
    <p class='ocr_par' dir='ltr' id='par_1_98' title="bbox 186 5227 1770 5293">
     <span class='ocr_line' id='line_1_98' title="bbox 186 5227 1770 5293; baseline -0.001 -6"><span class='ocrx_word' id='word_1_820' title='bbox 186 5230 331 5287; x_wconf 83' lang='lat' dir='ltr'><strong>duos</strong></span> <span class='ocrx_word' id='word_1_821' title='bbox 366 5227 503 5283; x_wconf 82' lang='lat' dir='ltr'><strong>ﬁlios</strong></span> <span class='ocrx_word' id='word_1_822' title='bbox 532 5228 782 5292; x_wconf 66' lang='lat' dir='ltr'><strong>Abrahae,</strong></span> <span class='ocrx_word' id='word_1_823' title='bbox 814 5244 976 5282; x_wconf 78' lang='lat' dir='ltr'><strong>unum</strong></span> <span class='ocrx_word' id='word_1_824' title='bbox 1007 5229 1073 5282; x_wconf 91' lang='lat' dir='ltr'><strong>de</strong></span> <span class='ocrx_word' id='word_1_825' title='bbox 1104 5228 1295 5283; x_wconf 89' lang='lat' dir='ltr'><strong>ancilla</strong></span> <span class='ocrx_word' id='word_1_826' title='bbox 1325 5238 1531 5293; x_wconf 90' lang='lat' dir='ltr'><strong>natum,</strong></span> <span class='ocrx_word' id='word_1_827' title='bbox 1563 5239 1617 5283; x_wconf 88' lang='lat' dir='ltr'><strong>et</strong></span> <span class='ocrx_word' id='word_1_828' title='bbox 1639 5231 1770 5286; x_wconf 91' lang='lat' dir='ltr'><strong>alte-</strong></span> 
     </span>
    </p>
   </div>
   <div class='ocr_carea' id='block_1_99' title="bbox 187 5317 1769 5388">
    <p class='ocr_par' dir='ltr' id='par_1_99' title="bbox 187 5317 1769 5388">
     <span class='ocr_line' id='line_1_99' title="bbox 187 5317 1769 5388; baseline -0.002 -11"><span class='ocrx_word' id='word_1_829' title='bbox 187 5336 318 5377; x_wconf 84' lang='lat' dir='ltr'><strong>rum</strong></span> <span class='ocrx_word' id='word_1_830' title='bbox 356 5319 422 5375; x_wconf 87' lang='lat' dir='ltr'><strong>de</strong></span> <span class='ocrx_word' id='word_1_831' title='bbox 470 5317 662 5385; x_wconf 89' lang='lat' dir='ltr'><strong>libera,</strong></span> <span class='ocrx_word' id='word_1_832' title='bbox 713 5319 922 5374; x_wconf 88' lang='lat' dir='ltr'><strong>duobus</strong></span> <span class='ocrx_word' id='word_1_833' title='bbox 966 5319 1175 5388; x_wconf 89' lang='lat' dir='ltr'><strong>populis</strong></span> <span class='ocrx_word' id='word_1_834' title='bbox 1216 5334 1313 5387; x_wconf 90' lang='lat' dir='ltr'><strong>per</strong></span> <span class='ocrx_word' id='word_1_835' title='bbox 1362 5319 1769 5387; x_wconf 86' lang='lat' dir='ltr'><strong>similitudinem</strong></span> 
     </span>
    </p>
   </div>
   <div class='ocr_carea' id='block_1_100' title="bbox 186 5394 1773 5482">
    <p class='ocr_par' dir='ltr' id='par_1_100' title="bbox 186 5394 1773 5482">
     <span class='ocr_line' id='line_1_100' title="bbox 186 5394 1773 5482; baseline -0.001 -14"><span class='ocrx_word' id='word_1_836' title='bbox 186 5410 533 5481; x_wconf 87' lang='lat' dir='ltr'><strong>comparavit</strong></span> <span class='ocrx_word' id='word_1_837' title='bbox 561 5411 745 5465; x_wconf 87' lang='lat' dir='ltr'><strong>dicens</strong></span> <span class='ocrx_word' id='word_1_838' title='bbox 797 5394 936 5482; x_wconf 64' lang='lat' dir='ltr'><strong>(Gal.</strong></span> <span class='ocrx_word' id='word_1_839' title='bbox 966 5410 1039 5481; x_wconf 79' lang='lat' dir='ltr'><strong>IV)</strong></span> <span class='ocrx_word' id='word_1_840' title='bbox 1070 5430 1080 5463; x_wconf 93' lang='lat'><strong>:</strong></span> <span class='ocrx_word' id='word_1_841' title='bbox 1136 5429 1154 5460; x_wconf 72' lang='grc' dir='ltr'>ι</span> <span class='ocrx_word' id='word_1_842' title='bbox 1198 5409 1470 5480; x_wconf 88' lang='lat' dir='ltr'><strong>Scriptum</strong></span> <span class='ocrx_word' id='word_1_843' title='bbox 1516 5418 1601 5467; x_wconf 91' lang='lat' dir='ltr'><strong>est</strong></span> <span class='ocrx_word' id='word_1_844' title='bbox 1637 5427 1773 5482; x_wconf 91' lang='lat' dir='ltr'><strong>quo—</strong></span> 
     </span>
    </p>
   </div>
   <div class='ocr_carea' id='block_1_101' title="bbox 194 5500 1770 5568">
    <p class='ocr_par' dir='ltr' id='par_1_101' title="bbox 194 5500 1770 5568">
     <span class='ocr_line' id='line_1_101' title="bbox 194 5500 1770 5568; baseline 0.001 -12"><span class='ocrx_word' id='word_1_845' title='bbox 194 5521 216 5556; x_wconf 75' lang='grc' dir='ltr'>ι</span> <span class='ocrx_word' id='word_1_846' title='bbox 262 5502 407 5556; x_wconf 83' lang='lat' dir='ltr'><strong>nia‘m</strong></span> <span class='ocrx_word' id='word_1_847' title='bbox 440 5501 716 5555; x_wconf 82' lang='lat' dir='ltr'><strong>Abraham</strong></span> <span class='ocrx_word' id='word_1_848' title='bbox 764 5502 896 5556; x_wconf 92' lang='lat' dir='ltr'><strong>duos</strong></span> <span class='ocrx_word' id='word_1_849' title='bbox 932 5500 1066 5555; x_wconf 89' lang='lat' dir='ltr'><strong>ﬁlios</strong></span> <span class='ocrx_word' id='word_1_850' title='bbox 1114 5502 1320 5568; x_wconf 87' lang='lat' dir='ltr'><strong>habuit,</strong></span> <span class='ocrx_word' id='word_1_851' title='bbox 1361 5518 1524 5555; x_wconf 88' lang='lat' dir='ltr'><strong>unum</strong></span> <span class='ocrx_word' id='word_1_852' title='bbox 1569 5504 1634 5557; x_wconf 89' lang='lat' dir='ltr'><strong>de</strong></span> <span class='ocrx_word' id='word_1_853' title='bbox 1657 5501 1770 5558; x_wconf 52' lang='lat' dir='ltr'><strong>ian-</strong></span> 
     </span>
    </p>
   </div>
   <div class='ocr_carea' id='block_1_102' title="bbox 196 5581 1775 5661">
    <p class='ocr_par' dir='ltr' id='par_1_102' title="bbox 196 5581 1775 5661">
     <span class='ocr_line' id='line_1_102' title="bbox 196 5581 1775 5661; baseline 0.001 -18"><span class='ocrx_word' id='word_1_854' title='bbox 196 5609 218 5643; x_wconf 69' lang='grc' dir='ltr'><strong><em>ι</em></strong></span> <span class='ocrx_word' id='word_1_855' title='bbox 264 5590 413 5653; x_wconf 89' lang='lat' dir='ltr'><strong>cilia,</strong></span> <span class='ocrx_word' id='word_1_856' title='bbox 450 5599 505 5644; x_wconf 90' lang='lat' dir='ltr'><strong>et</strong></span> <span class='ocrx_word' id='word_1_857' title='bbox 528 5589 700 5645; x_wconf 67' lang='lat' dir='ltr'><strong>unum“</strong></span> <span class='ocrx_word' id='word_1_858' title='bbox 718 5590 781 5645; x_wconf 88' lang='lat' dir='ltr'><strong>de</strong></span> <span class='ocrx_word' id='word_1_859' title='bbox 804 5590 989 5645; x_wconf 88' lang='lat' dir='ltr'><strong>libera.</strong></span> <span class='ocrx_word' id='word_1_860' title='bbox 1017 5581 1120 5643; x_wconf 86' lang='lat' dir='ltr'><strong>Sed</strong></span> <span class='ocrx_word' id='word_1_861' title='bbox 1146 5591 1235 5661; x_wconf 89' lang='lat' dir='ltr'><strong>qui</strong></span> <span class='ocrx_word' id='word_1_862' title='bbox 1262 5590 1327 5645; x_wconf 89' lang='lat' dir='ltr'><strong>de</strong></span> <span class='ocrx_word' id='word_1_863' title='bbox 1346 5590 1559 5653; x_wconf 83' lang='lat' dir='ltr'><strong>ancilla,</strong></span> <span class='ocrx_word' id='word_1_864' title='bbox 1588 5605 1775 5645; x_wconf 85' lang='lat' dir='ltr'><strong>secun-</strong></span> 
     </span>
    </p>
   </div>
   <div class='ocr_carea' id='block_1_103' title="bbox 196 5679 1777 5748">
    <p class='ocr_par' dir='ltr' id='par_1_103' title="bbox 196 5679 1777 5748">
     <span class='ocr_line' id='line_1_103' title="bbox 196 5679 1777 5748; baseline 0.001 -16"><span class='ocrx_word' id='word_1_865' title='bbox 196 5698 219 5732; x_wconf 73' lang='lat' dir='ltr'><strong>c</strong></span> <span class='ocrx_word' id='word_1_866' title='bbox 249 5682 376 5734; x_wconf 83' lang='lat' dir='ltr'><strong>dum</strong></span> <span class='ocrx_word' id='word_1_867' title='bbox 393 5694 615 5735; x_wconf 87' lang='lat' dir='ltr'><strong>carnem</strong></span> <span class='ocrx_word' id='word_1_868' title='bbox 632 5679 1002 5745; x_wconf 77' lang='lat' dir='ltr'><strong>natusest.Qui</strong></span> <span class='ocrx_word' id='word_1_869' title='bbox 1020 5688 1197 5733; x_wconf 88' lang='lat' dir='ltr'><strong>autem</strong></span> <span class='ocrx_word' id='word_1_870' title='bbox 1211 5680 1274 5734; x_wconf 86' lang='lat' dir='ltr'><strong>de</strong></span> <span class='ocrx_word' id='word_1_871' title='bbox 1289 5679 1474 5741; x_wconf 87' lang='lat' dir='ltr'><strong>libera,</strong></span> <span class='ocrx_word' id='word_1_872' title='bbox 1490 5694 1587 5747; x_wconf 90' lang='lat' dir='ltr'><strong>per</strong></span> <span class='ocrx_word' id='word_1_873' title='bbox 1599 5693 1777 5748; x_wconf 85' lang='lat' dir='ltr'><strong>repro-</strong></span> 
     </span>
    </p>
   </div>
   <div class='ocr_carea' id='block_1_104' title="bbox 197 5768 1772 5841">
    <p class='ocr_par' dir='ltr' id='par_1_104' title="bbox 197 5768 1772 5841">
     <span class='ocr_line' id='line_1_104' title="bbox 197 5768 1772 5841; baseline 0 -18"><span class='ocrx_word' id='word_1_874' title='bbox 197 5778 231 5823; x_wconf 68' lang='grc' dir='ltr'><strong>ς’</strong></span> <span class='ocrx_word' id='word_1_875' title='bbox 258 5770 575 5825; x_wconf 78' lang='lat' dir='ltr'><strong>missionem</strong></span> <span class='ocrx_word' id='word_1_876' title='bbox 600 5809 614 5835; x_wconf 91' lang='lat'><strong>,</strong></span> <span class='ocrx_word' id='word_1_877' title='bbox 652 5788 670 5821; x_wconf 73' lang='grc' dir='ltr'><strong><em>ι</em></strong></span> <span class='ocrx_word' id='word_1_878' title='bbox 703 5782 820 5841; x_wconf 69' lang='lat' dir='ltr'><strong>qua:</strong></span> <span class='ocrx_word' id='word_1_879' title='bbox 848 5779 975 5825; x_wconf 81' lang='lat' dir='ltr'><strong>sunt</strong></span> <span class='ocrx_word' id='word_1_880' title='bbox 997 5784 1095 5838; x_wconf 87' lang='lat' dir='ltr'><strong>per</strong></span> <span class='ocrx_word' id='word_1_881' title='bbox 1117 5769 1424 5840; x_wconf 85' lang='lat' dir='ltr'><strong>allegoriam</strong></span> <span class='ocrx_word' id='word_1_882' title='bbox 1453 5768 1613 5823; x_wconf 89' lang='lat' dir='ltr'><strong>dicta.</strong></span> <span class='ocrx_word' id='word_1_883' title='bbox 1648 5768 1772 5823; x_wconf 63' lang='lat' dir='ltr'><strong>Haec</strong></span> 
     </span>
    </p>
   </div>
   <div class='ocr_carea' id='block_1_105' title="bbox 1878 4683 3443 4758">
    <p class='ocr_par' dir='ltr' id='par_1_105' title="bbox 1878 4683 3443 4758">
     <span class='ocr_line' id='line_1_105' title="bbox 1878 4683 3443 4758; baseline -0.006 -15"><span class='ocrx_word' id='word_1_884' title='bbox 1878 4688 2105 4752; x_wconf 70' lang='lat' dir='ltr'><strong>«tastis,</strong></span> <span class='ocrx_word' id='word_1_885' title='bbox 2136 4703 2240 4741; x_wconf 89' lang='lat' dir='ltr'><strong>non</strong></span> <span class='ocrx_word' id='word_1_886' title='bbox 2267 4686 2495 4751; x_wconf 86' lang='lat' dir='ltr'><strong>facietis,</strong></span> <span class='ocrx_word' id='word_1_887' title='bbox 2544 4694 2598 4739; x_wconf 90' lang='lat' dir='ltr'><strong>et</strong></span> <span class='ocrx_word' id='word_1_888' title='bbox 2619 4683 2771 4751; x_wconf 81' lang='lat' dir='ltr'><strong>juxta</strong></span> <span class='ocrx_word' id='word_1_889' title='bbox 2802 4700 3009 4741; x_wconf 87' lang='lat' dir='ltr'><strong>morem</strong></span> <span class='ocrx_word' id='word_1_890' title='bbox 3034 4689 3269 4758; x_wconf 87' lang='lat' dir='ltr'><strong>regionis</strong></span> <span class='ocrx_word' id='word_1_891' title='bbox 3296 4691 3443 4746; x_wconf 81' lang='lat' dir='ltr'><strong>Cha-</strong></span> 
     </span>
    </p>
   </div>
   <div class='ocr_carea' id='block_1_106' title="bbox 1836 4776 3445 4848">
    <p class='ocr_par' dir='ltr' id='par_1_106' title="bbox 1836 4776 3445 4848">
     <span class='ocr_line' id='line_1_106' title="bbox 1836 4776 3445 4848; baseline 0.002 -15"><span class='ocrx_word' id='word_1_892' title='bbox 1836 4798 1896 4848; x_wconf 54' lang='grc' dir='ltr'><strong>,α</strong></span> <span class='ocrx_word' id='word_1_893' title='bbox 1931 4794 2071 4833; x_wconf 86' lang='lat' dir='ltr'><strong>naan</strong></span> <span class='ocrx_word' id='word_1_894' title='bbox 2118 4778 2184 4832; x_wconf 90' lang='lat' dir='ltr'><strong>ad</strong></span> <span class='ocrx_word' id='word_1_895' title='bbox 2233 4791 2393 4846; x_wconf 90' lang='lat' dir='ltr'><strong>quam</strong></span> <span class='ocrx_word' id='word_1_896' title='bbox 2437 4781 2535 4846; x_wconf 83' lang='lat' dir='ltr'><strong>ego</strong></span> <span class='ocrx_word' id='word_1_897' title='bbox 2585 4776 2989 4830; x_wconf 87' lang='lat' dir='ltr'><strong>introducturus</strong></span> <span class='ocrx_word' id='word_1_898' title='bbox 3023 4792 3140 4830; x_wconf 86' lang='lat' dir='ltr'><strong>sum</strong></span> <span class='ocrx_word' id='word_1_899' title='bbox 3190 4794 3304 4844; x_wconf 90' lang='lat' dir='ltr'><strong>vos,</strong></span> <span class='ocrx_word' id='word_1_900' title='bbox 3337 4797 3445 4835; x_wconf 86' lang='lat' dir='ltr'><strong>non</strong></span> 
     </span>
    </p>
   </div>
   <div class='ocr_carea' id='block_1_107' title="bbox 1877 4862 3447 4942">
    <p class='ocr_par' dir='ltr' id='par_1_107' title="bbox 1877 4862 3447 4942">
     <span class='ocr_line' id='line_1_107' title="bbox 1877 4862 3447 4942; baseline 0.003 -20"><span class='ocrx_word' id='word_1_901' title='bbox 1877 4889 1895 4922; x_wconf 73' lang='grc' dir='ltr'><strong><em>ι</em></strong></span> <span class='ocrx_word' id='word_1_902' title='bbox 1932 4871 2121 4942; x_wconf 88' lang='lat' dir='ltr'><strong>agetis.</strong></span> <span class='ocrx_word' id='word_1_903' title='bbox 2153 4868 2337 4937; x_wconf 85' lang='lat' dir='ltr'><strong>Neque</strong></span> <span class='ocrx_word' id='word_1_904' title='bbox 2358 4862 2517 4921; x_wconf 86' lang='lat' dir='ltr'><strong>enim</strong></span> <span class='ocrx_word' id='word_1_905' title='bbox 2544 4868 2598 4921; x_wconf 92' lang='lat' dir='ltr'><strong>in</strong></span> <span class='ocrx_word' id='word_1_906' title='bbox 2627 4867 2881 4938; x_wconf 88' lang='lat' dir='ltr'><strong>legitimis</strong></span> <span class='ocrx_word' id='word_1_907' title='bbox 2909 4881 3096 4920; x_wconf 91' lang='lat' dir='ltr'><strong>eorum</strong></span> <span class='ocrx_word' id='word_1_908' title='bbox 3149 4870 3447 4926; x_wconf 76' lang='lat' dir='ltr'><strong>ambulabi-</strong></span> 
     </span>
    </p>
   </div>
   <div class='ocr_carea' id='block_1_108' title="bbox 1877 4949 3447 5026">
    <p class='ocr_par' dir='ltr' id='par_1_108' title="bbox 1877 4949 3447 5026">
     <span class='ocr_line' id='line_1_108' title="bbox 1877 4949 3447 5026; baseline 0 -12"><span class='ocrx_word' id='word_1_909' title='bbox 1877 4982 1894 5014; x_wconf 73' lang='grc' dir='ltr'>ι</span> <span class='ocrx_word' id='word_1_910' title='bbox 1914 4949 2022 5016; x_wconf 51' lang='grc' dir='ltr'><strong>τίς.</strong></span> <span class='ocrx_word' id='word_1_911' title='bbox 2054 4960 2287 5015; x_wconf 87' lang='lat' dir='ltr'><strong>Facietis</strong></span> <span class='ocrx_word' id='word_1_912' title='bbox 2313 4957 2512 5025; x_wconf 89' lang='lat' dir='ltr'><strong>judicia</strong></span> <span class='ocrx_word' id='word_1_913' title='bbox 2564 4972 2721 5020; x_wconf 56' lang='lat' dir='ltr'><strong>mea,&quot;</strong></span> <span class='ocrx_word' id='word_1_914' title='bbox 2735 4964 2789 5011; x_wconf 93' lang='lat' dir='ltr'><strong>et</strong></span> <span class='ocrx_word' id='word_1_915' title='bbox 2816 4966 3081 5026; x_wconf 69' lang='lat' dir='ltr'><strong>praecepta</strong></span> <span class='ocrx_word' id='word_1_916' title='bbox 3109 4972 3229 5011; x_wconf 88' lang='lat' dir='ltr'><strong>mea</strong></span> <span class='ocrx_word' id='word_1_917' title='bbox 3259 4974 3447 5014; x_wconf 83' lang='lat' dir='ltr'><strong>serva-</strong></span> 
     </span>
    </p>
   </div>
   <div class='ocr_carea' id='block_1_109' title="bbox 1873 5047 3444 5117">
    <p class='ocr_par' dir='ltr' id='par_1_109' title="bbox 1873 5047 3444 5117">
     <span class='ocr_line' id='line_1_109' title="bbox 1873 5047 3444 5117; baseline 0.004 -14"><span class='ocrx_word' id='word_1_918' title='bbox 1873 5071 1891 5103; x_wconf 71' lang='grc'><strong>(</strong></span> <span class='ocrx_word' id='word_1_919' title='bbox 1928 5052 2078 5117; x_wconf 88' lang='lat' dir='ltr'><strong>bitis,</strong></span> <span class='ocrx_word' id='word_1_920' title='bbox 2132 5059 2186 5105; x_wconf 91' lang='lat' dir='ltr'><strong>et</strong></span> <span class='ocrx_word' id='word_1_921' title='bbox 2218 5051 2270 5104; x_wconf 90' lang='lat' dir='ltr'><strong>in</strong></span> <span class='ocrx_word' id='word_1_922' title='bbox 2316 5048 2395 5103; x_wconf 90' lang='lat' dir='ltr'><strong>eis</strong></span> <span class='ocrx_word' id='word_1_923' title='bbox 2439 5047 2824 5102; x_wconf 88' lang='lat' dir='ltr'><strong>ambulabitis:</strong></span> <span class='ocrx_word' id='word_1_924' title='bbox 2862 5063 2961 5117; x_wconf 85' lang='lat' dir='ltr'><strong>ego</strong></span> <span class='ocrx_word' id='word_1_925' title='bbox 2994 5049 3251 5106; x_wconf 88' lang='lat' dir='ltr'><strong>Dominus</strong></span> <span class='ocrx_word' id='word_1_926' title='bbox 3301 5052 3444 5109; x_wconf 85' lang='lat' dir='ltr'><strong>Deus</strong></span> 
     </span>
    </p>
   </div>
   <div class='ocr_carea' id='block_1_110' title="bbox 1874 5134 3448 5211">
    <p class='ocr_par' dir='ltr' id='par_1_110' title="bbox 1874 5134 3448 5211">
     <span class='ocr_line' id='line_1_110' title="bbox 1874 5134 3448 5211; baseline 0.003 -16"><span class='ocrx_word' id='word_1_927' title='bbox 1874 5164 1891 5195; x_wconf 72' lang='grc' dir='ltr'><strong><em>ι</em></strong></span> <span class='ocrx_word' id='word_1_928' title='bbox 1926 5134 2123 5197; x_wconf 86' lang='lat' dir='ltr'><strong>vester.</strong></span> <span class='ocrx_word' id='word_1_929' title='bbox 2159 5141 2435 5197; x_wconf 82' lang='lat' dir='ltr'><strong>Custodite</strong></span> <span class='ocrx_word' id='word_1_930' title='bbox 2472 5141 2616 5210; x_wconf 89' lang='lat' dir='ltr'><strong>leges</strong></span> <span class='ocrx_word' id='word_1_931' title='bbox 2667 5148 2814 5193; x_wconf 89' lang='lat' dir='ltr'><strong>meas</strong></span> <span class='ocrx_word' id='word_1_932' title='bbox 2848 5148 3009 5208; x_wconf 86' lang='lat' dir='ltr'><strong>atque</strong></span> <span class='ocrx_word' id='word_1_933' title='bbox 3054 5140 3277 5206; x_wconf 88' lang='lat' dir='ltr'><strong>judicia,</strong></span> <span class='ocrx_word' id='word_1_934' title='bbox 3326 5157 3448 5211; x_wconf 69' lang='lat' dir='ltr'><strong>qum</strong></span> 
     </span>
    </p>
   </div>
   <div class='ocr_carea' id='block_1_111' title="bbox 1876 5229 3445 5301">
    <p class='ocr_par' dir='ltr' id='par_1_111' title="bbox 1876 5229 3445 5301">
     <span class='ocr_line' id='line_1_111' title="bbox 1876 5229 3445 5301; baseline -0.001 -14"><span class='ocrx_word' id='word_1_935' title='bbox 1876 5255 1894 5287; x_wconf 84' lang='grc'><em>‹</em></span> <span class='ocrx_word' id='word_1_936' title='bbox 1926 5235 2131 5290; x_wconf 87' lang='lat' dir='ltr'><strong>faciens</strong></span> <span class='ocrx_word' id='word_1_937' title='bbox 2159 5232 2336 5294; x_wconf 89' lang='lat' dir='ltr'><strong>homo,</strong></span> <span class='ocrx_word' id='word_1_938' title='bbox 2368 5233 2514 5285; x_wconf 85' lang='lat' dir='ltr'><strong>vivet</strong></span> <span class='ocrx_word' id='word_1_939' title='bbox 2562 5232 2617 5286; x_wconf 89' lang='lat' dir='ltr'><strong>in</strong></span> <span class='ocrx_word' id='word_1_940' title='bbox 2644 5230 2741 5284; x_wconf 92' lang='lat' dir='ltr'><strong>eis.</strong></span> <span class='ocrx_word' id='word_1_941' title='bbox 2774 5229 2964 5284; x_wconf 89' lang='lat' dir='ltr'><strong>Omnis</strong></span> <span class='ocrx_word' id='word_1_942' title='bbox 3000 5230 3161 5285; x_wconf 91' lang='lat' dir='ltr'><strong>homo</strong></span> <span class='ocrx_word' id='word_1_943' title='bbox 3205 5232 3274 5285; x_wconf 88' lang='lat' dir='ltr'><strong>ad</strong></span> <span class='ocrx_word' id='word_1_944' title='bbox 3320 5244 3445 5301; x_wconf 90' lang='lat' dir='ltr'><strong>pro-</strong></span> 
     </span>
    </p>
   </div>
   <div class='ocr_carea' id='block_1_112' title="bbox 1875 5321 3444 5391">
    <p class='ocr_par' dir='ltr' id='par_1_112' title="bbox 1875 5321 3444 5391">
     <span class='ocr_line' id='line_1_112' title="bbox 1875 5321 3444 5391; baseline -0.001 -15"><span class='ocrx_word' id='word_1_945' title='bbox 1875 5343 1894 5376; x_wconf 83' lang='grc'><strong><em>‹</em></strong></span> <span class='ocrx_word' id='word_1_946' title='bbox 1931 5324 2131 5377; x_wconf 85' lang='lat' dir='ltr'><strong>ximam</strong></span> <span class='ocrx_word' id='word_1_947' title='bbox 2185 5321 2460 5391; x_wconf 88' lang='lat' dir='ltr'><strong>sanguinis</strong></span> <span class='ocrx_word' id='word_1_948' title='bbox 2489 5321 2570 5375; x_wconf 90' lang='lat' dir='ltr'><strong>sui</strong></span> <span class='ocrx_word' id='word_1_949' title='bbox 2599 5335 2704 5373; x_wconf 91' lang='lat' dir='ltr'><strong>non</strong></span> <span class='ocrx_word' id='word_1_950' title='bbox 2735 5321 2972 5382; x_wconf 82' lang='lat' dir='ltr'><strong>accedet,</strong></span> <span class='ocrx_word' id='word_1_951' title='bbox 3006 5329 3065 5373; x_wconf 92' lang='lat' dir='ltr'><strong>ut</strong></span> <span class='ocrx_word' id='word_1_952' title='bbox 3103 5322 3305 5376; x_wconf 89' lang='lat' dir='ltr'><strong>revelet</strong></span> <span class='ocrx_word' id='word_1_953' title='bbox 3331 5330 3444 5375; x_wconf 83' lang='lat' dir='ltr'><strong>tur-</strong></span> 
     </span>
    </p>
   </div>
   <div class='ocr_carea' id='block_1_113' title="bbox 1884 5408 3448 5483">
    <p class='ocr_par' dir='ltr' id='par_1_113' title="bbox 1884 5408 3448 5483">
     <span class='ocr_line' id='line_1_113' title="bbox 1884 5408 3448 5483; baseline 0 -18"><span class='ocrx_word' id='word_1_954' title='bbox 1884 5433 1903 5465; x_wconf 74' lang='grc'><strong>(</strong></span> <span class='ocrx_word' id='word_1_955' title='bbox 1935 5413 2230 5483; x_wconf 89' lang='lat' dir='ltr'><strong>pitudinem</strong></span> <span class='ocrx_word' id='word_1_956' title='bbox 2264 5409 2418 5479; x_wconf 90' lang='lat' dir='ltr'><strong>ejus:</strong></span> <span class='ocrx_word' id='word_1_957' title='bbox 2452 5425 2551 5479; x_wconf 89' lang='lat' dir='ltr'><strong>ego</strong></span> <span class='ocrx_word' id='word_1_958' title='bbox 2582 5408 2856 5464; x_wconf 90' lang='lat' dir='ltr'><strong>Dominus.</strong></span> <span class='ocrx_word' id='word_1_959' title='bbox 2905 5408 3312 5478; x_wconf 85' lang='lat' dir='ltr'><strong>Turpitudinem</strong></span> <span class='ocrx_word' id='word_1_960' title='bbox 3354 5428 3448 5481; x_wconf 81' lang='lat' dir='ltr'><strong>pa-</strong></span> 
     </span>
    </p>
   </div>
   <div class='ocr_carea' id='block_1_114' title="bbox 1884 5496 3449 5567">
    <p class='ocr_par' dir='ltr' id='par_1_114' title="bbox 1884 5496 3449 5567">
     <span class='ocr_line' id='line_1_114' title="bbox 1884 5496 3449 5567; baseline -0.003 -12"><span class='ocrx_word' id='word_1_961' title='bbox 1884 5521 1905 5555; x_wconf 76' lang='grc'><strong>(</strong></span> <span class='ocrx_word' id='word_1_962' title='bbox 1939 5502 2036 5556; x_wconf 88' lang='lat' dir='ltr'><strong>tris</strong></span> <span class='ocrx_word' id='word_1_963' title='bbox 2068 5500 2161 5563; x_wconf 92' lang='lat' dir='ltr'><strong>tui,</strong></span> <span class='ocrx_word' id='word_1_964' title='bbox 2216 5507 2273 5553; x_wconf 92' lang='lat' dir='ltr'><strong>et</strong></span> <span class='ocrx_word' id='word_1_965' title='bbox 2329 5498 2709 5567; x_wconf 88' lang='lat' dir='ltr'><strong>turpitudinem</strong></span> <span class='ocrx_word' id='word_1_966' title='bbox 2767 5496 2957 5550; x_wconf 90' lang='lat' dir='ltr'><strong>matris</strong></span> <span class='ocrx_word' id='word_1_967' title='bbox 2987 5506 3090 5549; x_wconf 67' lang='lat' dir='ltr'><strong>tuae</strong></span> <span class='ocrx_word' id='word_1_968' title='bbox 3140 5512 3245 5550; x_wconf 87' lang='lat' dir='ltr'><strong>non</strong></span> <span class='ocrx_word' id='word_1_969' title='bbox 3277 5498 3449 5552; x_wconf 77' lang='lat' dir='ltr'><strong>disco-</strong></span> 
     </span>
    </p>
   </div>
   <div class='ocr_carea' id='block_1_115' title="bbox 1888 5586 3453 5660">
    <p class='ocr_par' dir='ltr' id='par_1_115' title="bbox 1888 5586 3453 5660">
     <span class='ocr_line' id='line_1_115' title="bbox 1888 5586 3453 5660; baseline -0.001 -18"><span class='ocrx_word' id='word_1_970' title='bbox 1888 5610 1905 5642; x_wconf 75' lang='grc' dir='ltr'>ι</span> <span class='ocrx_word' id='word_1_971' title='bbox 1943 5590 2154 5660; x_wconf 82' lang='lat' dir='ltr'><strong>operies</strong></span> <span class='ocrx_word' id='word_1_972' title='bbox 2182 5607 2194 5640; x_wconf 89' lang='lat'><strong>:</strong></span> <span class='ocrx_word' id='word_1_973' title='bbox 2226 5596 2402 5642; x_wconf 89' lang='lat' dir='ltr'><strong>mater</strong></span> <span class='ocrx_word' id='word_1_974' title='bbox 2449 5596 2536 5639; x_wconf 85' lang='lat' dir='ltr'><strong>tua</strong></span> <span class='ocrx_word' id='word_1_975' title='bbox 2567 5594 2651 5640; x_wconf 89' lang='lat' dir='ltr'><strong>est</strong></span> <span class='ocrx_word' id='word_1_976' title='bbox 2680 5604 2693 5639; x_wconf 90' lang='lat'><strong>:</strong></span> <span class='ocrx_word' id='word_1_977' title='bbox 2726 5600 2833 5640; x_wconf 89' lang='lat' dir='ltr'><strong>non</strong></span> <span class='ocrx_word' id='word_1_978' title='bbox 2867 5586 3133 5640; x_wconf 87' lang='lat' dir='ltr'><strong>revelabis</strong></span> <span class='ocrx_word' id='word_1_979' title='bbox 3164 5590 3453 5660; x_wconf 89' lang='lat' dir='ltr'><strong>turpitudi-</strong></span> 
     </span>
    </p>
   </div>
   <div class='ocr_carea' id='block_1_116' title="bbox 1892 5658 3450 5747">
    <p class='ocr_par' dir='ltr' id='par_1_116' title="bbox 1892 5658 3450 5747">
     <span class='ocr_line' id='line_1_116' title="bbox 1892 5658 3450 5747; baseline 0.003 -17"><span class='ocrx_word' id='word_1_980' title='bbox 1892 5698 1909 5730; x_wconf 77' lang='grc' dir='ltr'>ι</span> <span class='ocrx_word' id='word_1_981' title='bbox 1946 5658 2068 5732; x_wconf 79' lang='lat' dir='ltr'><strong>nem</strong></span> <span class='ocrx_word' id='word_1_982' title='bbox 2125 5675 2258 5745; x_wconf 85' lang='lat' dir='ltr'><strong>ejus.</strong></span> <span class='ocrx_word' id='word_1_983' title='bbox 2314 5676 2721 5747; x_wconf 84' lang='lat' dir='ltr'><strong>Turpitudinem</strong></span> <span class='ocrx_word' id='word_1_984' title='bbox 2775 5676 2961 5731; x_wconf 79' lang='lat' dir='ltr'><strong>uxoris</strong></span> <span class='ocrx_word' id='word_1_985' title='bbox 3012 5678 3182 5747; x_wconf 88' lang='lat' dir='ltr'><strong>patris</strong></span> <span class='ocrx_word' id='word_1_986' title='bbox 3234 5658 3450 5735; x_wconf 44' lang='lat' dir='ltr'><strong>tui\non</strong></span> 
     </span>
    </p>
   </div>
   <div class='ocr_carea' id='block_1_117' title="bbox 1894 5761 3451 5838">
    <p class='ocr_par' dir='ltr' id='par_1_117' title="bbox 1894 5761 3451 5838">
     <span class='ocr_line' id='line_1_117' title="bbox 1894 5761 3451 5838; baseline 0.001 -18"><span class='ocrx_word' id='word_1_987' title='bbox 1894 5761 2308 5838; x_wconf 66' lang='lat' dir='ltr'><strong>«discooperies</strong></span> <span class='ocrx_word' id='word_1_988' title='bbox 2369 5786 2380 5820; x_wconf 92' lang='lat'><strong>:</strong></span> <span class='ocrx_word' id='word_1_989' title='bbox 2432 5766 2705 5837; x_wconf 86' lang='lat' dir='ltr'><strong>turpitudo</strong></span> <span class='ocrx_word' id='word_1_990' title='bbox 2772 5766 2915 5820; x_wconf 87' lang='lat' dir='ltr'><strong>enim</strong></span> <span class='ocrx_word' id='word_1_991' title='bbox 2970 5767 3141 5836; x_wconf 89' lang='lat' dir='ltr'><strong>patris</strong></span> <span class='ocrx_word' id='word_1_992' title='bbox 3217 5771 3293 5823; x_wconf 82' lang='lat' dir='ltr'><strong>tui</strong></span> <span class='ocrx_word' id='word_1_993' title='bbox 3332 5774 3451 5825; x_wconf 79' lang='lat' dir='ltr'><strong>‘est.</strong></span> 
     </span>
    </p>
   </div>
  </div>
