3924 6322
474 326 611 389 {09!

1116 330 1179 385 Β.
1224 328 1479 386 RABANI
1524 329 1743 387 MAURl
1781 327 2100 385 ARCIllEP.
2144 327 2453 386 MOGUNT.
2496 330 2781 388 Ol’ERL'M
2821 332 2999 390 PARS
3039 335 3099 389 ll.

3626 335 3761 393 1092

478 465 500 498 ι
535 443 948 514 Turpitudinem
978 444 1185 500 sororis
1214 453 1317 499 tua:
1345 459 1410 498 ex
1442 452 1596 514 patre
1646 444 1759 499 sive
1789 459 1851 498 ex
1886 452 2060 497 matre
2089 448 2138 508 Α
2165 461 2286 499 cum
2320 444 2484 502 fuerit
2509 461 2574 501 ex
2602 456 2756 518 patre
2783 457 2837 503 ct
2863 465 2930 503 ex
2959 465 3211 515 nove.ca,
3245 453 3310 507 dc
3333 467 3440 520 qua
3458 451 3574 522 jam
3604 467 3761 523 supe-

479 553 499 586 ι
532 548 653 604 quae
672 534 816 588 domi
846 533 929 589 ve‘l
968 531 1102 588 foris
1130 534 1311 605 genita
1340 542 1443 600 est,
1476 550 1581 589 non
1615 534 1901 589 revelabis.
1928 533 2060 588 Tur-

478 640 499 676 t
532 624 833 694 pitudinem
890 623 1015 680 lilia:
1063 622 1158 679 ﬁlii
1212 626 1289 679 tni
1317 626 1400 679 vel
1442 626 1654 695 nepotis
1680 641 1749 681 ex
1793 625 1920 692 ﬁlia,
1950 642 2059 681 non

478 733 501 768 ‹
535 715 824 779 revelabis,
877 716 1003 786 quia
1057 717 1331 787 turpitudo
1368 728 1458 773 tua
1488 728 1589 773 est.
1648 718 2059 788 Turpitudinem

476 825 497 860 ς
533 806 658 863 tiliae.
686 808 873 863 uxoris
901 810 1077 879 patris
1110 810 1185 864 tui
1237 825 1398 879 quam
1434 810 1643 881 peperit
1672 812 1811 879 patri
1866 818 2061 891 tuo,et

478 920 497 953 ι
532 908 617 958 εει
644 916 803 963 soror
835 910 949 967 tua,
978 916 1088 956 non
1125 897 1409 957 revelabis.
1458 900 1872 981 Turpitudinem
1908 917 2060 958 soro-

478 1011 497 1044 ι
534 992 610 1048 ris
638 993 809 1065 patris
841 993 915 1047 tui
946 1008 1055 1048 non
1099 994 1483 1065 discooperies,
1542 994 1666 1062 quia
1699 1008 1827 1048 caro
1856 1003 1939 1048 est
1963 1008 2059 1062 pa-

478 1102 496 1136 t
533 1084 632 1138 tris
692 1084 790 1139 tui.
847 1082 1258 1156 Turpitudinem
1316 1085 1523 1140 sororis
1564 1086 1758 1140 matris
1808 1094 1914 1141 tuae
1952 1101 2058 1141 non

474 1194 497 1229 ε
529 1177 817 1242 revelabis,
848 1192 914 1233 eo
936 1179 1081 1247 quod
1114 1173 1242 1234 ea'ro
1267 1178 1339 1233 sit
1389 1177 1583 1232 matris
1637 1185 1762 1232 tuae.
1802 1177 2058 1247 Turpitu-

474 1283 497 1317 ε
530 1265 713 1320 dinem
762 1266 939 1335 patrui
972 1267 1050 1321 tui
1094 1281 1202 1320 non
1257 1264 1545 1329 revelabis,
1580 1280 1683 1320 nec
1729 1263 1959 1319 accedes
1985 1263 2053 1319 ad

476 1372 498 1408 ‹
530 1370 755 1410 uxorem
788 1356 927 1427 ejus,
956 1372 1075 1428 qua:
1113 1356 1208 1411 tibi
1243 1354 1500 1411 afﬁnitate
1528 1353 1893 1425 conjungitur.
1923 1353 2059 1409 Tur-

479 1464 499 1499 r
533 1448 832 1518 pitudinem
862 1464 1033 1503 nurus
1062 1456 1164 1503 tuae
1184 1463 1291 1502 non
1324 1446 1608 1513 revelabis,
1641 1447 1768 1518 quia
1796 1462 1934 1502 uxor
1962 1446 2059 1501 ﬁlii

480 1554 503 1590 ς
541 1539 618 1591 tui
646 1544 749 1603 est,
783 1553 883 1592 nec
918 1536 1283 1607 discooperies
1312 1537 1669 1608 ignominiam
1704 1535 1841 1605 ejus.
1867 1536 2060 1606 Turpi-

476 1648 497 1683 I
534 1631 773 1686 tudinem
829 1630 1019 1686 uxoris
1068 1629 1258 1685 fratris
1310 1631 1386 1685 tui
1441 1644 1548 1685 non
1601 1628 1887 1693 revelabis,
1930 1628 2059 1698 quia

480 1741 499 1773 1
538 1723 813 1793 turpitudo
837 1722 1024 1778 fratris
1054 1723 1130 1777 tui
1157 1732 1260 1778 est.
1290 1721 1705 1794 Turpitudinem
1734 1720 1921 1775 uxoris
1951 1729 2059 1775 tute

2162 534 2277 589 rius
2332 536 2545 592 dixerat
2593 556 2605 592 :
2657 554 2726 593 an
2778 539 2899 594 ideo
2946 540 3139 594 iterum
3185 542 3288 597 hoc
3319 544 3561 613 apertius
3595 543 3762 599 voluit

2160 626 2469 696 prohibere,
2518 630 2643 698 quia
2696 632 2946 701 superius
2999 632 3391 689 subobscuram
3439 635 3561 689 fuit.
3609 634 3761 705 Saepe

2161 718 2305 771 enim
2343 720 2445 774 hoc
2482 718 2612 775 facit
2658 720 2962 791 Scriptura.
2999 723 3413 794 Turpitudinem
3455 727 3644 781 fratris
3673 742 3763 797 pa-

2162 808 2262 862 tris
2293 809 2368 864 tni
2395 825 2500 864 non
2530 811 2821 878 revelabis,
2851 822 2907 867 et
2938 814 3004 868 ad
3041 828 3263 870 uxorem
3294 815 3409 886 ejus
3433 832 3545 872 non
3577 817 3761 871 introi-

2160 899 2263 955 bis.
2295 900 2555 969 Exposuit
2577 902 2706 973 quid
2738 905 2935 959 dixerit
2964 923 2975 958 :
3011 905 3423 977 Turpitudinem
3448 909 3639 964 fratris
3674 922 3761 979 pa-

2163 991 2263 1046 tris
2305 993 2406 1058 tni,
2452 994 2504 1048 id
2536 1003 2642 1060 est,
2678 997 2855 1064 patrui
2896 998 2974 1051 tui
3023 1013 3131 1051 non
3182 999 3469 1064 revelabis,
3529 1000 3634 1055 hoc
3680 1010 3760 1055 est

2161 1082 2305 1136 enim
2326 1124 2340 1148 ,
2372 1084 2439 1138 ad
2471 1101 2692 1141 uxorem
2723 1087 2840 1157 ejus
2866 1104 2975 1141 non
3001 1088 3271 1145 introibis.
3301 1091 3357 1145 ln
3379 1106 3551 1147 uxore
3567 1093 3761 1162 quippe

2160 1175 2340 1243 patrui
2391 1176 2490 1241 tni,
2537 1176 2708 1231 voluit
2750 1177 2973 1250 intelligi
3022 1180 3413 1250 turpitudinem
3452 1182 3635 1252 patrui
3660 1182 3754 1236 tui.

2162 1260 2315 1318 Sicut
2338 1264 2392 1318 in
2421 1281 2589 1321 uxore
2636 1268 2828 1334 patris,
2860 1270 3250 1338 turpitudinem
3278 1272 3472 1341 patris.
3506 1271 3756 1342 Turpitu-

2162 1353 2340 1408 dinem
2379 1355 2565 1411 uxoris
2612 1354 2800 1413 fratris
2850 1358 2927 1412 tui
2973 1374 3082 1413 non
3119 1360 3427 1416 revelabis:
3482 1361 3757 1431 turpitudo

2161 1443 2303 1497 enim
2338 1442 2524 1499 fratris
2548 1446 2623 1500 tui
2647 1455 2748 1502 est.
2777 1446 3051 1515 Qumritur
3074 1458 3256 1505 utrum
3283 1451 3386 1507 hoc
3415 1452 3545 1507 vivo
3569 1451 3751 1515 fratre.

2161 1547 2230 1586 an
2258 1541 2503 1601 mortuo,
2552 1536 2621 1591 sit
2648 1539 3019 1606 prohibitum:
3074 1549 3131 1596 et
3179 1558 3290 1597 non
3317 1558 3486 1613 parva
3533 1544 3754 1614 quaestio

2162 1635 2264 1680 est.
2300 1624 2359 1680 Si
2388 1627 2531 1681 enim
2562 1629 2861 1685 dixerimus
2890 1632 2956 1686 de
2978 1633 3083 1687 vivi
3108 1633 3295 1689 fratris
3324 1650 3497 1691 uxore
3522 1635 3753 1690 locutam

2166 1715 2504 1788 Scripturam
2532 1735 2640 1775 uno
2689 1722 2927 1793 generali
2964 1732 3255 1794 praecepto,
3307 1740 3415 1795 quo
3444 1726 3757 1797 prohibetur

479 1833 498 1865 ι
531 1822 588 1868 ει
638 1812 761 1869 ﬁliae
809 1811 928 1881 ejus
980 1829 1089 1868 non
1144 1813 1413 1869 revelabis
1443 1830 1457 1867 :
1494 1812 1661 1866 filiam
1712 1811 1807 1865 filii
1836 1811 1975 1882 ejtts,
2004 1818 2061 1866 et
2087 1793 2134 1853 Β
2162 1810 2323 1865 homo
2351 1813 2419 1867 ad
2468 1828 2694 1870 uxorem
2724 1816 2983 1871 accedere
3011 1793 3243 1875 alienam
3264 1859 3279 1885 ,
3325 1793 3497 1875 etiam
3528 1820 3632 1876 hoc
3654 1820 3753 1874 uti-

479 1923 498 1956 c
534 1904 703 1959 tiliam
735 1902 858 1957 filiae
890 1901 1007 1972 ejus
1053 1919 1157 1958 non
1214 1917 1415 1966 sumes,
1466 1911 1527 1957 ut
1578 1901 1784 1957 reveles
1829 1900 2060 1971 ignomi-

2159 1917 2263 1971 qne
2288 1904 2613 1959 continetur.
2666 1904 2805 1972 Quid
2851 1917 2935 1963 est
2961 1923 3111 1980 ergo,
3159 1911 3301 1979 quod
3335 1920 3442 1965 tam
3477 1911 3755 1981 diligenter

478 2017 497 2050 ι
535 1999 679 2052 niam
712 1996 851 2067 ejus,
886 1997 1013 2066 quia
1058 2011 1189 2051 caro
1235 1996 1381 2051 illius
1409 2003 1535 2050 sunt
1566 2013 1578 2048 :
1622 2003 1677 2050 et
1707 1994 1831 2049 talis
1881 1994 2057 2049 coitus
2158 1995 2257 2049 bas
2285 2010 2547 2063 personas
2575 2012 2710 2067 quas
2732 1998 2964 2068 appellat
2993 2001 3342 2066 domesticas,
3372 2003 3617 2072 propriis
3638 2017 3755 2073 pro-

477 2090 772 2146 «incestus
822 2100 927 2146 est.
983 2088 1240 2145 Sororem
1294 2088 1481 2143 uxoris
1538 2097 1641 2142 tute
1664 2088 1718 2141 in
1748 2084 2055 2157 pellicatum

2158 2086 2511 2142 hibitionibus
2533 2088 2815 2159 distinguit
2843 2104 2873 2142 a
2916 2091 3162 2146 caeteris?
3214 2091 3330 2146 Non
3353 2093 3500 2147 enim
3531 2102 3588 2147 et
3614 2094 3746 2163 quod

477 2202 497 2235 ‹
528 2182 675 2238 illius
724 2198 832 2238 non
884 2182 1141 2252 accipies,
1196 2195 1297 2235 nec
1348 2179 1615 2235 revelabis
1674 2178 2055 2249 turpitudinem
2158 2176 2411 2245 prohibet
2449 2178 2516 2232 de
2540 2194 2710 2233 uxore
2736 2180 2926 2249 patris,
2978 2181 3081 2235 hoc
3109 2190 3214 2247 est,
3264 2184 3329 2238 de
3376 2199 3612 2239 noverca
3637 2184 3750 2249 vivo

474 2293 498 2328 r
530 2272 670 2343 ejus,
699 2274 876 2329 adhuc
899 2273 992 2327 illa
1022 2273 1237 2327 vivente
1279 2271 1425 2344 (Lev.
1451 2270 1633 2343 xviii).
1672 2290 1692 2322 ι
1724 2269 1889 2339 Cujus
1915 2260 2062 2338 capi-

470 2367 571 2430 tuli
601 2367 1016 2438 expositionem,
1068 2379 1135 2421 ex
1189 2363 1351 2419 dictis
1379 2364 1525 2418 beati
1570 2359 1743 2433 patris
1773 2361 2061 2432 Augustini

471 2459 564 2516 hic
607 2456 1035 2513 interserendam
1082 2468 1223 2520 esse,
1276 2453 1626 2509 censuimus:
1664 2461 1725 2508 ut
1754 2452 1927 2508 lector
1975 2465 2063 2505 so-

470 2549 645 2615 brius,
697 2546 814 2617 ejus
863 2547 1047 2602 sensui
1099 2561 1208 2601 non
1238 2545 1450 2602 diuidat
1480 2544 1703 2601 credere
1743 2552 1906 2613 atque
1933 2557 2062 2597 eon-

472 2642 701 2707 sentire,
747 2654 908 2709 quem
946 2638 1095 2693 videt
1123 2637 1269 2692 nullo
1317 2637 1480 2692 modo
1507 2651 1537 2690 a
1562 2634 1811 2689 veritatis
1839 2632 2060 2687 tramite

473 2731 714 2788 deviare.
747 2729 1187 2798 Turpitudinem,
1225 2728 1425 2797 inquit,
1480 2727 1651 2798 patris
1678 2726 1780 2789 tui,
1805 2732 1860 2779 et
1893 2724 2062 2793 turpi-

474 2821 722 2877 tudinem
752 2818 947 2874 matris
970 2826 1080 2875 tuae
1110 2832 1217 2872 non
1243 2817 1537 2872 revelabis.
1589 2815 1889 2886 Turpitudo
1914 2813 2059 2869 enim

469 2926 660 2968 eorum
688 2918 791 2965 est.
812 2909 1071 2964 Prohibet
1082 2924 1204 2963 cum
1222 2917 1395 2963 matre
1413 2908 1789 2964 concumbere.
1815 2905 1892 2961 lbi
1919 2906 2063 2961 enim

471 3009 561 3057 est
596 3000 874 3071 turpitudo
927 2999 1104 3069 patris
1127 3007 1185 3052 et
1210 2999 1425 3054 matris.
1467 2998 1601 3053 Nam
1629 3007 1914 3069 propterea
1940 3014 2065 3068 pro-

472 3091 625 3149 hibet
685 3100 740 3145 et
790 3105 1057 3155 noverca),
1105 3090 1198 3145 ubi
1256 3088 1431 3145 dicit:
1477 3090 1893 3161 Turpitudinem
1931 3104 2067 3143 uxo-

459 3184 550 3241 ris
611 3184 784 3255 patris
858 3183 937 3238 tui
1006 3198 1116 3238 non
1185 3183 1456 3239 revelabis
1506 3200 1520 3237 :
1576 3183 1852 3254 turpitudo
1917 3184 2061 3238 enim

471 3275 646 3348 patris
689 3273 767 3328 tui
822 3281 926 3328 est.
969 3272 1073 3328 Ubi
1110 3274 1385 3343 exposuit,
1446 3274 1717 3344 quomodo
1772 3274 1829 3328 in
1880 3282 2059 3330 matre

474 3363 693 3434 utrique
743 3361 816 3418 sit
876 3361 1173 3432 turpitudo,
1218 3362 1273 3416 id
1332 3372 1437 3429 est,
1475 3364 1647 3432 patris
1714 3370 1771 3417 et
1831 3363 2060 3419 matris:

475 3451 534 3508 in
570 3468 803 3509 noverca
862 3462 1065 3517 autem,
1133 3461 1344 3508 tantum
1403 3455 1596 3525 patris.
1648 3454 2064 3525 Turpitudinem

471 3544 678 3601 sororis
706 3552 810 3599 tua
838 3557 906 3598 ex
931 3551 1085 3614 patre
1129 3551 1219 3600 tuo
1242 3582 1260 3611 ,
1292 3552 1385 3598 aut
1412 3558 1481 3598 ex
1534 3553 1709 3599 matre
1764 3552 1854 3599 tua
1882 3586 1897 3610 ,
1946 3560 2067 3615 quae

475 3636 621 3693 domi
679 3635 763 3691 vel
824 3634 959 3690 foris
1012 3642 1140 3690 nata
1176 3643 1303 3699 est,
1356 3650 1463 3689 non
1515 3635 1801 3691 revelabis.
1872 3634 2067 3706 Turpi-

477 3729 605 3785 tudo
642 3727 787 3783 enim
816 3742 1005 3782 earum
1039 3735 1143 3782 est.
1191 3726 1320 3793 Quae
1344 3728 1487 3783 domi
1519 3738 1647 3783 nata
1679 3737 1780 3795 est,
1812 3729 2069 3801 intelligi-

474 3826 566 3875 tur
586 3834 650 3875 ex
672 3826 825 3889 patre
851 3836 864 3872 :
896 3833 1016 3888 qua:
1046 3817 1180 3875 foris
1207 3826 1331 3873 nata
1362 3827 1468 3883 est,
1517 3819 1838 3892 intelligitur
1862 3836 1927 3875 ex
1953 3835 2064 3885 ma-

473 3917 595 3965 tre:
650 3910 697 3966 si
742 3909 880 3981 forte
915 3910 981 3965 de
1010 3910 1177 3979 priori
1208 3910 1326 3965 viro
1369 3925 1491 3965 eam
1524 3921 1701 3967 mater
1731 3920 2065 3982 susceperat,

473 4006 531 4053 et
556 4014 679 4053 cum
724 3990 839 4052 illa
857 3999 912 4053 in
950 3999 1170 4054 domum
1218 4009 1477 4065 venerat,
1525 4004 1741 4072 quando
1771 4003 1913 4073 patri
1949 4002 2068 4073 ejus

475 4089 720 4159 nupserit
748 4107 761 4143 :
798 4090 1051 4159 quoniam
1090 4099 1270 4145 monet
1304 4090 1607 4161 Scriptura,
1640 4109 1707 4148 ne
1730 4095 1931 4148 rcvelet
1958 4104 2069 4149 tur-

475 4178 772 4249 pitudinem
801 4180 1005 4235 sororis
1031 4195 1163 4244 ante,
1204 4181 1293 4235 hic
1324 4181 1535 4237 videtur
1586 4198 1691 4238 non
1722 4186 2067 4254 prohibuisse

473 4278 533 4327 et
558 4270 713 4339 quasi
751 4271 1162 4341 praetermisisse
1216 4274 1558 4329 concubitum
1607 4290 1731 4330 cum
1772 4293 1958 4334 sorore
2002 4278 2069 4335 de

476 4366 707 4431 utroque
732 4369 958 4430 parente
981 4370 1107 4415 nata
1135 4379 1146 4413 :
1173 4377 1279 4417 non
1302 4362 1446 4417 enim
1472 4364 1601 4418 dicit
1625 4383 1637 4417 :
1660 4365 2069 4439 Turpitudinem

476 4463 584 4506 non
607 4449 871 4506 revelabis
898 4451 1101 4506 sororis
1137 4461 1240 4505 tute
1270 4467 1333 4506 ex
1364 4461 1517 4521 patre
1553 4462 1608 4508 et
1634 4469 1701 4532 ex
1747 4457 2065 4527 rnatre,lsed

460 4551 545 4597 ex
565 4546 720 4608 patre
748 4547 843 4594 aut
874 4553 942 4593 ex
970 4547 1165 4595 matre.
1198 4541 1396 4596 Verum
1420 4544 1540 4611 quis
1564 4560 1671 4598 non
1695 4546 1872 4600 videat
1896 4548 2061 4601 etiam

476 4629 607 4687 illud
632 4645 751 4686 esse
788 4630 1117 4698 prohibitum
1164 4631 1332 4687 multo
1373 4634 1645 4688 maxime?
1681 4635 1738 4689 Si
1764 4637 1909 4690 enim
1956 4652 2061 4690 non

477 4718 605 4774 licet
635 4718 840 4773 sororis
879 4716 1265 4786 turpitudinem
1314 4720 1554 4774 revelare
1595 4738 1660 4776 ex
1688 4723 1926 4792 quolibet
1966 4740 2062 4794 pa.

476 4818 632 4865 rente
658 4817 816 4873 natte,
861 4816 1065 4877 quanto
1091 4804 1263 4879 magis
1284 4825 1353 4864 ex
1394 4820 1642 4881 utroque.
1693 4814 1831 4880 Quid
1857 4826 1940 4871 est
1964 4832 2063 4871 au-

477 4906 609 4963 tem,
628 4897 779 4971 quod
822 4898 1140 4968 interposita
1167 4900 1530 4970 prohibitione
1557 4903 1874 4960 concubitus
1899 4908 2063 4962 etiam

477 5003 602 5045 cum
629 4987 742 5043 suis
766 4988 1019 5057 neptibus
1051 4989 1162 5043 sive
1190 4990 1256 5045 de
1274 4989 1404 5055 filio,
1428 4992 1541 5046 sive
1571 4994 1636 5047 de
1668 4994 1797 5059 filia,
1821 4998 2066 5066 sequitur

475 5086 533 5132 et
559 5077 690 5132 dicit
714 5094 727 5131 :
759 5076 1171 5147 Turpitudinem
1196 5078 1319 5134 filiae
1346 5082 1530 5135 uxoris
1557 5084 1726 5151 patris
1753 5086 1827 5139 tui
1849 5102 1954 5141 non
1981 5105 2066 5143 re-

477 5167 723 5221 velabis?
761 5167 820 5221 Si
866 5168 1010 5222 enim
1046 5170 1326 5240 hucusque
1354 5164 1614 5236 'dixisset,
1650 5175 2067 5247 intelligeremus

477 5255 642 5311 etiam
664 5271 786 5310 cum
824 5256 932 5311 filia
962 5273 1207 5313 novercae
1247 5260 1581 5329 prohibitum
1617 5262 1783 5319 fuisse
1807 5268 2065 5323 concubi-

480 5353 615 5408 tum,
655 5362 819 5416 quam
861 5363 928 5402 ex
959 5348 1137 5418 priore
1165 5352 1284 5407 viro
1318 5367 1546 5409 noverca
1596 5358 1914 5425 peperisset,
1962 5378 2061 5417 nec

478 5434 641 5504 hujus
668 5438 761 5507 qui
788 5438 1124 5508 prohibetur,
1160 5455 1312 5496 soror
1340 5451 1482 5497 esset
1508 5444 1591 5497 vel
1616 5459 1678 5499 ex
1708 5444 1862 5515 patre
1890 5449 1973 5502 vel
1993 5466 2059 5505 ex

481 5538 673 5584 matre.
725 5528 857 5585 Cum
900 5546 1031 5587 vero
1061 5532 1286 5599 addidit,
1316 5549 1435 5610 qua:
1466 5550 1533 5590 ex
1558 5537 1747 5594 eodem
1784 5547 1938 5609 patre
1973 5555 2060 5594 so-

480 5634 573 5677 ror
599 5630 703 5693 tua
732 5632 836 5688 est,
867 5638 971 5677 non
1008 5626 1270 5683 revelabis
1299 5626 1683 5696 turpitudinem
1720 5630 2059 5699 ejus,-mani-

484 5706 738 5768 festatde
766 5727 950 5768 sorore
997 5712 1192 5771 factam
1241 5731 1361 5773 esse
1414 5717 1571 5773 istam
1619 5719 2056 5791 prohibitionem,

2161 2274 2313 2336 patre
2362 2268 2735 2337 accipiendum
2790 2280 2973 2339 esset,
3024 2280 3079 2326 et
3128 2288 3235 2327 non
3285 2274 3468 2343 potius
3524 2284 3747 2330 mortuo.

2161 2355 2297 2411 Nam
2320 2358 2443 2412 vivo
2467 2368 2640 2427 patre,
2674 2362 2795 2429 quis
2830 2376 2936 2415 non
2968 2362 3147 2417 videat
3173 2364 3339 2418 multo
3371 2366 3609 2420 maxime
3634 2382 3751 2437 pro-

2165 2447 2414 2512 ltibitum,
2456 2448 2500 2502 si
2534 2447 2822 2516 cujuslibet
2847 2452 3082 2507 hominis
3112 2468 3252 2508 uxor
3282 2454 3458 2509 aliena
3489 2458 3747 2525 prohibita

2162 2548 2249 2593 est
2276 2539 2539 2603 maculari
2568 2541 2876 2596 adulterio?
2914 2543 2989 2598 De
3009 2545 3093 2598 his
3118 2546 3367 2613 personis
3386 2561 3518 2618 ergo
3549 2547 3749 2602 videtur

2163 2627 2328 2699 loqui,
2362 2645 2481 2698 qua:
2521 2640 2745 2699 possent
2775 2648 2881 2687 non
2914 2634 3175 2689 habentes
3203 2637 3352 2690 viros
3395 2636 3450 2690 in
3479 2639 3750 2692 matrimo-

2164 2720 2313 2774 nium
2348 2722 2657 2787 convenire,
2705 2723 2810 2777 nisi
2844 2724 2961 2795 lege
2990 2726 3435 2794 prohiberentur,
3480 2729 3619 2789 sicut
3648 2729 3751 2786 fer-

2166 2817 2255 2863 tur
2292 2824 2413 2864 essc
2442 2812 2776 2867 consuetudo
2802 2812 3111 2869 Persarum.
3149 2814 3255 2871 Sed
3294 2832 3485 2874 rursus
3509 2820 3553 2873 si
3592 2818 3749 2875 fratre

2166 2907 2380 2953 mortuo
2407 2899 2831 2956 intellexerimus
2852 2903 3184 2973 prohibitum
3210 2921 3331 2962 esse
3353 2908 3546 2965 ducere
3572 2908 3750 2973 fratris

2166 3002 2413 3054 uxorem,
2436 2989 2677 3045 occurrit
2700 2991 2854 3057 illud,
2877 2994 3019 3062 quod
3045 2996 3315 3051 excitandi
3336 2998 3558 3055 seminis
3572 3014 3743 3065 causa,

2169 3079 2214 3133 si
2242 3079 2334 3133 ille
2359 3080 2475 3135 sine
2496 3079 2621 3135 filiis
2644 3080 2931 3138 defunctus
2959 3092 3125 3151 esset,
3147 3084 3301 3155 jubet
3330 3087 3606 3160 Scriptura
3637 3106 3747 3149 esse

2092 3146 2137 3209 (ἶ
2168 3170 2471 3227 faciendum
2506 3191 2518 3226 :
2552 3188 2617 3228 ac
2641 3189 2739 3245 per
2760 3175 2865 3231 hoc
2890 3176 3085 3232 collata
3113 3179 3216 3234 ista
3246 3181 3600 3249 prohibitione
3631 3199 3744 3239 eum

2165 3261 2256 3316 illa
2297 3262 2556 3332 jussione,
2599 3279 2669 3319 ne
2711 3266 2942 3321 invicem
2980 3268 3359 3339 adversentur,
3412 3273 3745 3345 intelligenda

2165 3361 2249 3409 est
2267 3355 2535 3424 exceptio,
2556 3356 2612 3411 id
2637 3365 2742 3422 est,
2781 3372 2889 3413 non
2916 3359 3083 3415 licere
3108 3362 3363 3432 cuiquam
3391 3364 3624 3423 defunai
3652 3365 3750 3420 fra-

2166 3444 2267 3499 tris
2293 3445 2491 3501 ducere
2520 3462 2763 3515 uxorem,
2797 3450 2843 3504 si
2866 3450 3154 3508 defunctus
3182 3465 3430 3525 posteros
3450 3458 3745 3528 dereliquit,

2167 3545 2262 3592 aut
2304 3539 2468 3594 etiam
2500 3539 2629 3594 illud
2678 3555 2797 3596 esse
2842 3544 3197 3611 prohibitum,
3251 3562 3325 3601 ne
3348 3548 3535 3605 liceret
3556 3550 3747 3607 ducere

2166 3624 2349 3680 fratris
2375 3641 2619 3693 uxorem,
2672 3629 2834 3683 etiam
2866 3646 2986 3699 qua:
3020 3647 3051 3685 a
3097 3632 3267 3691 fratre
3312 3637 3435 3693 vivo
3475 3654 3569 3709 per
3593 3654 3747 3710 repu-

2168 3716 2314 3771 dium
2365 3718 2716 3785 recessisset;
2770 3729 2901 3775 tunc
2927 3723 3074 3778 enim
3121 3726 3263 3781 sicut
3308 3728 3565 3785 Dominus
3599 3732 3742 3799 dicit,

2128 3810 2134 3817 '
2175 3825 2193 3857 ι
2215 3808 2298 3862 Ad
2326 3808 2581 3863 duritiam
2629 3800 2939 3866 Judteorum
2969 3812 3179 3884 Moyses
3202 3818 3523 3886 permiserat
3547 3821 3659 3875 dari
3688 3821 3747 3877 li-

2167 3896 2366 3952 bellum
2392 3900 2599 3968 repudii
2623 3899 2817 3971 (Marc.
2841 3901 2927 3973 x);
2954 3921 2973 3952 ι
3007 3913 3063 3959 et
3096 3919 3195 3974 per
3214 3907 3358 3962 hanc
3391 3910 3742 3967 dimissionem

2168 3987 2344 4057 potuit
2366 3989 2544 4057 putari
2590 3990 2732 4057 quod
2777 3990 2926 4046 licite
2956 3994 3239 4063 quisquam
3289 3998 3393 4053 sibi
3422 4014 3637 4056 uxorem
3663 4018 3744 4058 co—

2168 4074 2381 4144 pularet
2428 4077 2612 4132 fratris
2645 4096 2658 4132 :
2711 4077 2802 4133 ubi
2832 4080 3156 4138 adulterium
3198 4100 3306 4139 non
3348 4087 3590 4155 timeret,
3621 4106 3738 4160 quo-

2171 4167 2317 4220 niam
2348 4168 2572 4236 repudio
2599 4169 2957 4226 discessisset.
3017 4191 3037 4223 ‹
3072 4173 3486 4245 Turpitudinem
3516 4179 3744 4237 mulieris

2170 4266 2225 4312 et
2252 4257 2375 4311 filia:
2417 4258 2533 4327 ejus
2567 4275 2673 4314 non
2709 4259 3027 4316 revelabis.)
3071 4263 3129 4318 ld
3158 4274 3262 4331 est,
3312 4282 3382 4323 ne
3414 4279 3569 4338 putet
3612 4272 3745 4339 quis-

2171 4365 2333 4419 quam
2384 4349 2547 4405 licere
2578 4351 2681 4405 sibi
2712 4353 2909 4408 ducere
2952 4353 3118 4409 ﬁliam
3164 4358 3354 4413 uxoris
3400 4375 3532 4415 suae.
3581 4361 3741 4416 Simul

2178 4459 2197 4490 ‹
2233 4441 2378 4495 enim
2409 4441 2652 4496 mulieris
2688 4452 2743 4495 et
2774 4442 2893 4498 filia:
2913 4442 3050 4512 ejus,
3092 4461 3200 4501 non
3227 4448 3354 4503 licet
3385 4451 3621 4521 revelare
3648 4462 3743 4507 tur-

2168 4532 2465 4600 pitudinem
2490 4534 2629 4603 ejus,
2659 4553 2677 4585 ›
2730 4535 2784 4589 id
2831 4544 2915 4591 est
2944 4538 3206 4593 ambabus
3236 4541 3453 4597 misceri
3480 4583 3495 4608 ,
3522 4552 3575 4598 et
3596 4545 3740 4597 matri

2167 4632 2222 4677 et
2252 4622 2391 4678 filiae.
2443 4642 2461 4674 ‹
2501 4623 2690 4679 Filiam
2716 4625 2809 4680 filii
2840 4626 2958 4696 ejus
2979 4638 3035 4683 et
3065 4628 3228 4685 filiam
3252 4631 3375 4687 filiae
3396 4633 3513 4702 ejus
3544 4651 3645 4691 non
3665 4652 3742 4692 ac-

2169 4715 2377 4784 cipies;
2424 4736 2441 4767 ι
2476 4716 2638 4770 etiam
2673 4727 2887 4786 neptem
2943 4720 3130 4775 uxoris
3162 4722 3227 4776 de
3268 4722 3381 4778 filio
3430 4724 3517 4779 vel
3543 4726 3607 4781 de
3642 4726 3741 4782 filia

2170 4814 2292 4868 duci
2336 4814 2611 4883 prohibuit
2653 4832 2897 4871 uxorem.
2958 4837 2974 4868 ι
3012 4818 3185 4889 Super
3236 4838 3462 4879 uxorem
3515 4842 3741 4883 sororem

2169 4902 2286 4972 ejus
2320 4920 2425 4958 non
2453 4906 2687 4975 accipies
2717 4908 2767 4959 in
2802 4908 2994 4962 zelum.
3034 4930 3052 4961 ι
3096 4909 3196 4966 Hic
3219 4928 3325 4969 non
3362 4916 3633 4985 prohibuit
3658 4933 3741 4974 su-

2169 4994 2480 5063 perducere,
2531 4997 2672 5064 quod
2713 4996 2908 5052 licebat
2955 5000 3194 5070 antiquis
3212 5015 3441 5074 propter
3478 5008 3742 5062 abundan-

2170 5088 2296 5142 tiam
2320 5088 2744 5157 propagationis.
2772 5088 2878 5145 Sed
2901 5095 3144 5147 sororem
3171 5098 3347 5150 sorori
3376 5097 3546 5153 noluit
3566 5112 3739 5167 super-

2170 5179 2312 5242 iluci,
2346 5180 2485 5248 quod
2512 5180 2725 5234 videtur
2758 5179 2950 5238 fecisse
2975 5182 3144 5239 Jaeob
3177 5203 3189 5238 :
3222 5186 3337 5242 sive
3362 5188 3489 5257 quia
3516 5190 3739 5244 nondum

2172 5268 2346 5323 fuerat
2384 5270 2499 5339 lege
2540 5270 2891 5339 prohibitum,
2926 5275 3038 5329 sive
3062 5276 3198 5346 quia
3230 5280 3506 5347 supposita
3533 5278 3739 5334 alterius

2172 5360 2383 5424 fraude,
2426 5362 2680 5429 deceptus
2701 5372 2803 5417 est.
2837 5362 2905 5416 At
2945 5364 3033 5418 illa
3062 5368 3234 5438 magis
3265 5369 3331 5424 de
3350 5368 3549 5438 placito
3572 5371 3737 5425 venie-

2172 5451 2286 5517 bat,
2314 5467 2474 5520 quam
2504 5453 2774 5520 posterius
2796 5456 3001 5524 accepit
3030 5459 3165 5512 :sed
3187 5458 3443 5530 injustum
3468 5470 3582 5515 erat
3604 5461 3738 5532 prio-

2172 5554 2285 5593 rem
2313 5540 2535 5604 dimitti,
2574 5557 2641 5596 ne
2684 5541 2889 5599 faceret
2923 5558 3040 5600 eam
3082 5550 3371 5604 mtechari.
3418 5550 3528 5608 Hoc
3566 5561 3735 5608 autem

2171 5634 2312 5702 quod
2349 5635 2453 5699 ait,
2502 5636 2558 5688 in
2586 5635 2797 5701 zelum;
2836 5646 3017 5693 utrum
3054 5640 3176 5697 ideo
3204 5643 3543 5713 positum.est
3580 5658 3645 5697 ne
3670 5643 3734 5698 sit

2170 5725 2317 5783 zelus
2340 5726 2479 5783 inter
2514 5744 2728 5785 sorores
2751 5730 2894 5800 quod
2923 5731 3066 5787 inter
3094 5722 3206 5790 illas
3241 5752 3361 5806 quae
3386 5750 3597 5794 sorores
3638 5749 3731 5791 non
