3924 6348
225 350 245 403 1
263 352 364 406 093

1284 360 1366 413 με
1404 347 2085 417 (ΖυΪέΞΛΝῦιῚΝΕΟΒᾟΜ
2122 361 2415 418 NlEPi‘llS.

3334 370 3472 427 1006

218 478 423 529 essent,
454 470 901 526 contemnendum
926 471 1025 526 fuit
1052 488 1067 525 :
1098 487 1165 526 an
1198 474 1318 528 ideo
1355 477 1548 543 potius.
1587 492 1651 531 ne
1677 493 1797 547 pro-
1826 481 1872 541 A
1901 479 2081 547 perius
2116 489 2534 537 commemorata
2560 491 2702 543 sunt.
2734 483 2824 539 hic
2847 485 3039 553 praesul
3084 488 3224 543 sedis
3253 501 3471 558 aposto-

219 565 341 628 pter
365 559 466 614 hoc
492 554 604 624 fiat,
634 560 689 615 id
720 571 820 626 est,
866 578 933 617 ne
956 563 1059 617 hoc
1102 564 1281 617 animo
1308 565 1415 627 ﬁat,
1460 578 1512 622 ut
1545 568 1597 621 in
1624 568 1796 622 zelum

216 651 447 714 emeris,
501 665 656 705 soror
706 654 1111 720 superducatur.
1156 654 1394 720 Qualiter
1424 665 1599 710 autem
1630 659 1681 711 in
1710 673 1799 713 co~

217 740 399 813 gnatis
419 737 509 803 jus
538 740 866 795 matrimonii
887 742 1211 795 servandum
1238 744 1325 809 sit,
1354 755 1679 800 memoratus
1705 750 1799 802 do-

216 835 341 882 ctor
380 830 617 883 ostendit
662 830 883 885 dicens:
918 830 1068 897 Quod
1108 841 1286 887 autem
1330 844 1512 903 postea
1563 836 1794 906 legitur:

224 935 245 968 α
274 915 588 988 Quicunque
637 920 919 974 dormierit
961 936 1083 975 cum
1114 932 1371 992 cogmta,
1415 927 1797 993 turpitudinem

217 1007 554 1075 cognationis
584 1022 695 1062 sum
742 1009 1038 1073 revelabit;
1088 1011 1204 1066 sine
1236 1012 1360 1067 filiis
1405 1017 1737 1079 morientur;
1772 1035 1790 1068 ›

218 1100 479 1166 quzeritur
498 1113 775 1169 quousque
803 1103 873 1155 sit
897 1101 1235 1173 intelligenda
1257 1105 1355 1158 ista
1379 1108 1648 1175 cognatio,
1676 1122 1797 1161 cum

216 1202 283 1243 ex
316 1188 472 1258 longe
501 1189 670 1257 gradu
707 1191 833 1245 licet
861 1192 1044 1259 utique
1090 1195 1334 1263 accipere
1364 1211 1606 1259 uxorem,
1654 1211 1796 1250 scm-

215 1293 419 1349 perqne
455 1278 683 1334 licuerit.
724 1280 827 1334 Sed
878 1281 1277 1351 intelligendum
1306 1295 1383 1337 est
1408 1300 1472 1337 ex
1503 1285 1587 1339 his
1623 1286 1799 1355 gradi-

215 1367 341 1430 bus,
388 1384 522 1438 quos
551 1370 826 1438 prohibuit
855 1388 957 1426 non
1011 1371 1173 1426 licere
1202 1392 1215 1426 :
1247 1384 1301 1428 et
1331 1376 1624 1429 secundum
1656 1376 1799 1444 ipsos

212 1456 416 1510 dictum
447 1476 459 1509 :
499 1476 517 1508 ο
562 1457 877 1528 Quicunque
906 1460 1186 1514 dormierit
1215 1478 1337 1517 cum
1376 1475 1601 1533 cognata
1630 1481 1745 1518 sua.
1772 1485 1790 1518 ι

214 1546 317 1603 Ubi
347 1558 400 1603 et
428 1548 602 1619 aliqua
632 1565 733 1605 non
761 1564 1178 1608 commemorata
1208 1555 1551 1627 intelligenda
1573 1556 1794 1613 dimisit.

212 1636 368 1691 Sicut
424 1654 664 1694 sororem
711 1642 777 1694 de
820 1650 1046 1711 utroque
1080 1654 1322 1713 parente.
1386 1645 1537 1701 Sicut
1574 1663 1798 1703 uxorem

209 1723 399 1780 fratris
437 1729 646 1793 matris,
698 1729 748 1781 id
787 1740 891 1793 εει,
920 1733 1186 1809 avunculi.
1234 1733 1367 1788 Nam
1410 1736 1476 1789 de
1504 1752 1670 1791 uxore
1699 1754 1796 1808 pa—

1898 566 2016 622 lica:
2044 568 2290 634 referret,
2323 586 2391 624 an
2432 570 2497 625 de
2522 587 2618 626 suo
2649 572 2847 642 aliquid
2879 576 3087 632 noviter
3109 579 3470 635 constituerit.

1898 655 2015 711 Non
2080 659 2223 713 enim
2289 660 2422 714 mihi
2475 662 2726 716 videntur
2781 664 2896 731 ejus
2952 666 3092 721 dicta
3160 667 3475 726 discordare

1901 761 1931 801 a
1993 762 2156 817 supra
2217 752 2529 805 memoratis
2593 754 2877 809 sententiis
2938 756 3078 809 beati
3140 758 3472 828 Augustini:

1900 838 1995 892 sed
2023 837 2139 907 ejus
2169 841 2347 894 sensui
2394 841 2545 910 paria
2589 843 2809 898 sentire.
2850 843 2907 897 In
2951 847 3244 902 canonibus
3292 858 3471 905 autem

1902 926 2149 1004 Pgtrum,
2215 931 2340 1000 quid
2395 931 2461 985 de
2496 932 2716 987 incestis
2763 934 3026 1004 coniugiis
3073 936 3345 992 decretum
3378 940 3470 1004 sit,

1900 1015 2245 1091 inserendum
2274 1019 2511 1073 arbitror
2542 1035 2556 1073 :
2582 1029 2641 1074 ut
2666 1021 2739 1076 ibi
2766 1023 3139 1092 perspiciatur,
3171 1037 3349 1081 utrum
3375 1042 3472 1083 eo-

1900 1121 2019 1159 rum
2077 1109 2379 1174 sementim,
2436 1113 2502 1164 ad
2531 1113 2918 1189 praedictorum
2958 1115 3238 1170 doctorum
3274 1119 3474 1189 scriptu

1900 1201 2241 1263 concordent,
2276 1217 2341 1253 an
2371 1216 2495 1255 non.
2533 1202 2663 1255 Nam
2714 1203 2767 1256 in
2824 1187 3115 1272 Agathensi
3146 1208 3374 1263 concilio
3398 1208 3473 1263 ita

1900 1289 2161 1357 scriptum
2193 1297 2277 1343 est
2304 1307 2316 1342 :
2348 1290 2585 1345 lncestos
2612 1306 2741 1346 vero
2784 1293 2928 1346 nullo
2979 1295 3213 1364 conjugii
3257 1297 3475 1353 nomine

1900 1376 2236 1448 deputandos
2261 1395 2544 1435 censemus
2575 1398 2588 1433 :
2623 1397 2758 1451 quos
2805 1382 2969 1438 etiam
2998 1385 3279 1455 designare
3321 1385 3475 1441 fune-

1899 1478 2041 1524 stum
2071 1478 2172 1534 est,
2206 1470 2258 1524 id
2288 1479 2390 1535 est,
2441 1471 2485 1525 si
2521 1472 2642 1540 quis
2673 1473 2917 1527 relictam
2966 1474 3151 1530 fratris
3177 1492 3296 1546 quae
3324 1478 3472 1547 prius

1900 1574 2059 1614 soror
2087 1560 2391 1626 exstiterat,
2418 1562 2621 1615 carnali
2669 1563 3047 1632 conjunctione
3078 1566 3378 1622 violaverit.
3410 1566 3472 1625 Si

1900 1650 2020 1718 quis
2040 1648 2209 1703 frater
2239 1666 2547 1718 germanam
2593 1669 2816 1708 uxorem
2849 1656 3114 1727 accipiat;
3157 1659 3201 1712 si
3226 1659 3471 1730 qnisno-

1900 1756 2119 1796 vercam
2161 1741 2395 1796 duxerit.
2452 1742 2509 1796 Si
2555 1745 2675 1813 quis
2712 1748 3048 1803 consobrinze
3078 1764 3187 1803 sua:
3217 1764 3275 1804 se
3302 1750 3474 1806 socia-

210 1820 320 1871 trui
358 1820 592 1888 primum
636 1821 931 1891 prohibuit,
964 1828 1210 1893 quamvis
1239 1827 1353 1882 huic
1388 1846 1494 1883 non
1524 1832 1792 1901 cognatio,
1828 1829 1872 1887 B
1901 1830 2038 1882 verit
2070 1848 2083 1881 :
2111 1830 2253 1899 quod
2287 1831 2359 1883 ita
2411 1834 2664 1900 praesenti
2714 1843 2956 1904 tempore
3013 1838 3381 1907 prohibemus,
3415 1849 3475 1894 ut

208 1908 564 1964 sed'aﬂinitas
594 1912 926 1980 perhibetur.
962 1915 1066 1971 Sed
1091 1920 1218 1986 quid
1242 1928 1346 1983 est,
1391 1922 1505 1975 sine
1539 1922 1661 1977 filiis
1690 1940 1795 1977 mo-

206 2000 441 2063 rientur,
472 2017 591 2056 cum
642 2003 733 2057 filii
761 2019 827 2057 ex
880 2007 1183 2075 hujusmodi
1230 2010 1697 2079 conjunctionibus
1741 2023 1797 2068 et

206 2099 337 2145 ante
365 2092 476 2145 nati
503 2101 657 2156 sunt,
710 2102 763 2148 et
790 2095 950 2149 hodie
978 2101 1311 2152 nascantur?
1358 2100 1439 2155 An
1467 2101 1569 2155 hoc
1603 2102 1796 2156 intelli-

206 2182 441 2253 gendum
486 2194 588 2248 est,
627 2184 739 2254 lege
764 2184 859 2240 Dei
886 2187 1263 2253 constitutum,
1313 2200 1371 2244 ut
1396 2193 1701 2261 quicunque
1726 2209 1793 2247 ex

204 2273 288 2327 eis
320 2276 429 2326 nati
464 2273 701 2337 fuerint,
739 2292 844 2330 non
881 2277 1206 2347 deputentur
1239 2279 1374 2334 filii?
1416 2281 1471 2336 id
1500 2292 1603 2345 est,
1647 2283 1793 2338 nullo

202 2366 522 2435 parentibus
545 2366 667 2435 jure
697 2371 1007 2423 succedant.
1058 2369 1209 2436 Quod
1242 2380 1417 2425 autem
1448 2372 1667 2441 quidam
1706 2389 1792 2427 re-

202 2455 548 2525 prehendunt
586 2458 847 2526 rescripta
875 2460 1015 2513 beati
1042 2458 1286 2531 Gregorii
1314 2462 1379 2515 ad
1411 2461 1791 2537 interrogatio-

201 2562 331 2600 nem
354 2547 639 2617 Augustini
668 2550 901 2619 cpiscopi
931 2552 1105 2618 gentis
1136 2553 1453 2622 Anglorum,
1503 2556 1593 2624 qui
1635 2556 1701 2611 ab
1729 2572 1794 2611 eo

202 2637 518 2692 sciscitatus
543 2648 644 2703 est,
690 2656 860 2710 usque
887 2642 955 2696 ad
990 2652 1208 2712 quotam
1232 2646 1634 2716 generationem
1662 2645 1793 2701 fide.

200 2727 286 2785 les
315 2729 545 2783 debeant
570 2745 693 2784 cum
741 2732 1057 2801 propinquis
1102 2734 1201 2788 sibi
1243 2732 1489 2806 conjugio
1527 2736 1791 2805 copulari,

200 2829 260 2879 et
300 2822 567 2887 novercis,
610 2832 663 2876 et
688 2825 931 2894 cognatis
972 2826 1017 2879 si
1049 2825 1207 2880 liceat
1233 2827 1471 2897 c0pulari
1522 2828 1788 2900 eonjugio,

204 2929 316 2971 non
349 2922 506 2968 caute
534 2914 759 2980 faciunt,
805 2917 930 2985 quia
976 2918 1066 2987 qui
1096 2918 1583 2988 irrcprehensibilis
1612 2928 1697 2974 est
1738 2920 1791 2973 in

202 3006 418 3061 caeteris
441 3005 779 3075 dogmatibus
833 3008 967 3072 suis,
1012 3008 1066 3061 in
1119 3008 1219 3062 hac
1251 3009 1413 3063 etiam
1444 3009 1793 3080 reSponsione

199 3113 313 3154 non
342 3106 519 3166 potest
552 3096 656 3149 rite
691 3099 1032 3167 reprehendi,
1064 3099 1189 3168 quia
1216 3098 1321 3171 legi
1347 3099 1460 3161 Dei.
1505 3109 1556 3155 et
1580 3108 1793 3156 sancto-

200 3203 323 3244 rum
371 3186 591 3241 Patrqu
644 3189 929 3243 sententiis
978 3189 1149 3259 magis
1192 3190 1396 3245 studuit
1442 3192 1794 3257 concordare,

202 3292 369 3349 quam
399 3293 537 3331 nova
564 3293 627 3331 ex
678 3294 774 3333 suo
806 3293 966 3333 sensu
1011 3279 1263 3345 condere,
1304 3280 1395 3350 qui
1428 3280 1570 3336 inter
1592 3289 1794 3336 caetera

200 3371 281 3425 sic
315 3369 393 3422 ait
422 3387 435 3421 :
476 3369 730 3436 Qumdam
770 3378 980 3424 terrena
1014 3368 1097 3424 lex
1144 3370 1199 3422 in
1228 3370 1471 3425 Romana
1519 3371 1795 3440 republica

202 3460 490 3531 permittit,
538 3468 594 3514 ut
624 3461 737 3515 sive
766 3459 951 3515 frater
996 3469 1050 3515 et
1075 3476 1250 3525 soror,
1299 3477 1392 3516 seu
1432 3462 1659 3517 duorum
1687 3462 1797 3517 fra-

202 3562 349 3607 trum
376 3566 779 3621 germanorum,
803 3552 888 3605 vel
915 3552 1140 3605 duarum
1173 3568 1417 3608 sororum
1448 3553 1587 3607 filius
1611 3562 1666 3608 et
1690 3554 1796 3609 filia

204 3646 557 3698 misceantur.
589 3642 694 3697 Sed
722 3644 1093 3712 experimento
1122 3643 1428 3709 didicimus,
1457 3661 1522 3700 ex
1556 3646 1644 3699 tali
1668 3662 1798 3700 con-

202 3736 350 3804 iugio
391 3733 627 3789 sobolem
661 3749 765 3785 non
800 3748 956 3801 posse
991 3748 1337 3788 succrescere
1368 3752 1380 3787 :
1427 3743 1482 3788 et
1529 3750 1683 3790 sacra
1710 3736 1797 3791 lex

203 3825 457 3894 prohibet
496 3825 829 3894 cognationis
878 3823 1264 3892 turpitudinem
1323 3824 1582 3879 revelare.
1647 3824 1797 3882 Unde

205 3928 433 3968 necesse
482 3923 581 3975 est,
639 3920 696 3966 ut
731 3911 844 3981 jam
877 3913 1037 3966 tertia
1084 3913 1167 3965 vel
1208 3922 1400 3983 quarta
1449 3916 1797 3984 generatione

206 4006 470 4070 fidelium,
520 4006 745 4060 licenter
794 4006 895 4060 sibi
931 4003 1083 4077 jungi
1116 4006 1325 4060 debeat.
1381 4006 1515 4060 Nam
1560 4008 1796 4062 secunda

205 4114 369 4167 quam
401 4095 766 4166 praediximus,
813 4112 842 4149 a
867 4111 925 4150 se
947 4097 1090 4150 omni
1121 4096 1281 4150 modo
1302 4096 1462 4150 debet
1501 4097 1792 4151 abstinere.

205 4188 341 4243 Cum
368 4202 598 4240 noverca
628 4195 809 4241 autem
850 4186 1087 4248 misceri,
1112 4199 1273 4253 grave
1298 4194 1381 4239 est
1411 4185 1638 4249 facinus,
1672 4185 1797 4255 quia

204 4290 261 4333 et
287 4282 341 4334 in
373 4279 488 4349 lege
535 4279 794 4347 scriptum
822 4288 941 4332 est:
1000 4297 1017 4327 ‹
1053 4277 1461 4345 Turpitudinem
1512 4279 1682 4348 patris
1721 4280 1797 4333 tui

205 4386 315 4425 non
346 4370 612 4424 revelabis
648 4368 789 4440 (Leu.
818 4367 995 4438 xvnt).
1032 4387 1051 4420 ι
1103 4368 1283 4439 Neque
1312 4370 1455 4423 enim
1487 4371 1658 4438 patris
1686 4378 1798 4425 tur-

205 4461 507 4529 pitudinem
538 4458 678 4513 illius
710 4458 949 4513 revelare
996 4465 1192 4525 potest.
1230 4457 1335 4511 Sed
1362 4459 1487 4527 quia
1538 4459 1795 4528 scriptum

1898 1934 1963 1972 ea
1997 1934 2115 1987 qure
2169 1928 2294 1973 sunt
2345 1930 2468 1975 ante
2494 1938 2590 1977 nos
2619 1925 2931 1990 constituta,
2962 1942 3068 1981 non
3096 1928 3470 2009 dissolvamus.

1898 2011 1954 2067 Si
1985 2013 2104 2081 quis
2136 2012 2338 2069 relicta:
2360 2015 2444 2068 vel
2484 2014 2606 2070 filia:
2634 2018 2882 2073 avunculi
2915 2020 3226 2086 misceatur,
3264 2030 3359 2076 aut
3382 2038 3476 2091 pa—

1897 2102 1998 2159 tris
2028 2102 2165 2166 llliae,
2195 2105 2308 2159 haec
2337 2104 2643 2172 conjunctio
2673 2108 2858 2162 illicita
2889 2110 3250 2164 interdicitur.
3286 2110 3460 2167 Habe-

1897 2192 2033 2247 bunt
2063 2193 2229 2258 enim,
2272 2196 2491 2249 ineundi
2522 2198 2773 2253 meliores
2804 2198 3035 2269 conjugii
3070 2201 3393 2258 libertatem.
3414 2203 3472 2257 ln

1894 2284 2269 2340 Aurelianensi
2307 2302 2521 2356 quoque
2556 2291 2760 2360 synodo
2786 2291 2857 2345 ita
2885 2294 3158 2349 decretum
3186 2295 3380 2367 legitur
3408 2297 3474 2352 de

1898 2375 2143 2441 incestis,
2197 2384 2255 2430 ut
2300 2380 2769 2435 communicentur
2812 2381 2933 2438 :Ne
2984 2395 3260 2454 superstes
3310 2403 3473 2457 super

1896 2465 2115 2539 thorum
2170 2465 2411 2521 defuncti
2467 2466 2653 2524 fratris
2720 2473 2942 2527 accedat
2985 2490 2999 2526 :
3050 2489 3183 2529 neve
3244 2478 3473 2546 quisque

1895 2556 2094 2610 amissa
2129 2571 2299 2611 uxore
2329 2558 2500 2611 sorori
2528 2560 2724 2613 audeat
2749 2560 2943 2615 sociari
2973 2580 2985 2617 :
3018 2564 3159 2632 quod
3188 2564 3233 2619 si
3260 2562 3468 2631 fecerit,

1895 2647 1963 2700 ab
2020 2647 2385 2703 ecclesiastica
2425 2649 2770 2707 districtione
2827 2652 3076 2710 feriatur.
3117 2655 3249 2711 Item
3286 2658 3339 2711 in
3367 2658 3471 2714 Ca-

1893 2736 2113 2805 pitulari
2154 2736 2510 2793 Orientalium
2562 2738 2806 2808 Patrum,
2865 2746 3009 2814 quod
3047 2744 3329 2801 aMartino
3359 2749 3472 2818 epi-

1897 2840 2059 2896 scopo
2088 2830 2404 2900 exterisque
2444 2832 2707 2903 episcopis
2734 2836 3080 2891 constitutum
3104 2847 3202 2898 est,
3237 2839 3306 2893 ita
3332 2840 3471 2895 scri-

1892 2923 2044 2985 ptum
2073 2919 2341 2988 reperitur
2376 2940 2391 2975 :
2422 2920 2480 2975 Si
2512 2937 2631 2990 quae
2656 2923 2851 2978 mulier
2889 2925 3021 2979 duos
3052 2925 3264 2990 fratres,
3292 2937 3386 2982 aut
3422 2929 3469 2983 si

1894 3006 2017 3075 quis
2049 3007 2134 3061 vir
2157 3008 2293 3063 duas
2336 3025 2553 3065 sorores
2577 3011 2851 3077 habuerit,
2880 3029 2910 3067 a
2950 3014 3327 3069 communione
3351 3017 3475 3071 abs-

1899 3095 2108 3151 tineant
2154 3112 2327 3168 usque
2371 3100 2438 3154 ad
2468 3109 2717 3156 mortem.
2763 3101 2820 3157 ln
2852 3112 3026 3158 morte
3062 3105 3143 3159 eis
3167 3106 3474 3161 communio

1824 3184 1868 3246 C
1899 3203 1995 3259 per
2048 3190 2475 3245 misericordiam
2537 3193 2712 3247 detur.
2770 3191 2830 3249 Si
2883 3210 3012 3250 vero
3076 3197 3475 3265 supervixerint

1898 3281 2279 3335 communione
2333 3292 2577 3352 accepta,
2632 3284 2779 3338 etde
2823 3284 3136 3341 infirmitate
3187 3286 3473 3343 convalue-

1898 3368 2027 3435 rint,
2056 3380 2220 3440 agant
2249 3368 2462 3439 plenam
2494 3372 2868 3439 poenitentiam
2894 3383 3136 3444 tempore
3157 3376 3469 3431 constituto.

1898 3460 1955 3515 in
1978 3462 2211 3516 decretis
2242 3478 2457 3532 quoque
2486 3460 2733 3533 Gregorii
2771 3480 2941 3535 papae,
2990 3467 3081 3535 qui
3109 3469 3249 3535 apud
3274 3466 3473 3522 Roma-

1901 3566 2000 3606 nos
2024 3566 2053 3604 a
2084 3552 2260 3621 primo
2313 3553 2581 3627 secundus
2610 3553 2826 3617 dicitur,
2867 3555 2941 3607 ita
2971 3555 3227 3625 scriptum
3258 3565 3380 3610 est:
3409 3554 3470 3611 Si

1898 3641 2019 3709 quis
2074 3650 2430 3695 commatrem
2478 3642 2779 3711 spiritalem
2828 3643 3046 3699 duxerit
3091 3644 3145 3698 in
3196 3646 3470 3715 conjugio,

1898 3728 2181 3782 anathema
2212 3730 2319 3783 sit:
2352 3737 2407 3783 et
2454 3730 2849 3798 responderunt
2874 3746 3063 3787 omnes
3116 3733 3296 3799 tertio,
3325 3733 3473 3789 Ana-

1898 3819 2079 3873 tbema
2110 3819 2200 3873 sit.
2234 3817 2291 3874 Si
2326 3819 2448 3889 quis
2489 3818 2675 3874 fratris
2699 3828 2924 3875 uxorem
2975 3821 3189 3877 duxerit
3212 3823 3265 3877 in
3286 3824 3474 3895 conju-

1897 3909 2005 3982 gio,
2060 3911 2349 3965 anathema
2377 3910 2447 3964 sit
2478 3928 2490 3963 :
2533 3919 2589 3964 et
2618 3912 3010 3981 responderunt
3061 3927 3251 3969 omnes
3288 3916 3471 3984 tertio,

1895 3997 2194 4054 Anathema
2249 3999 2339 4053 sit.
2395 3998 2597 4069 Siquis
2648 4009 2861 4069 neptem
2916 4001 3129 4056 duxerit
3173 4002 3232 4057 in
3280 4004 3468 4073 conju-

1897 4090 2002 4158 gio,
2039 4086 2324 4143 anathema
2348 4089 2456 4153 sit;
2489 4097 2543 4143 et
2602 4090 2993 4158 responderunt
3028 4105 3216 4146 omnes
3280 4093 3471 4161 tertio,

1896 4180 2190 4234 Anathcma
2251 4179 2340 4233 sit.
2398 4179 2455 4233 Si
2485 4180 2607 4249 quis
2637 4194 2924 4235 novercam
2975 4166 3068 4234 aut
3097 4196 3290 4235 nurum
3319 4198 3472 4239 suam

1898 4269 2111 4324 duxerit
2139 4269 2191 4323 in
2224 4268 2493 4339 conjugio,
2537 4268 2825 4322 anathema
2857 4268 2930 4322 sit
2958 4287 2971 4321 :
3003 4279 3058 4323 et
3082 4271 3474 4338 responderunt

1897 4373 2087 4414 omnes
2123 4360 2303 4424 tertio,
2332 4348 2638 4412 Anathema
2693 4358 2782 4411 sit.
2832 4357 2890 4411 Si
2938 4358 3059 4427 quis
3085 4359 3469 4413 consobrinam

1899 4449 2117 4503 duxerit
2146 4449 2199 4501 in
2227 4446 2505 4518 coniugio,
2533 4447 2820 4501 anathema
2852 4447 2926 4500 sit
2955 4461 2969 4499 :
2999 4457 3053 4501 et
3079 4450 3474 4518 responderunt

204 4520 289 4606 est
314 4567 328 4602 :
358 4551 529 4603 Erunt
557 4549 663 4603 duo
696 4548 748 4602 in
775 4563 937 4604 carne
962 4564 1067 4602 una
1099 4546 1251 4618 (Cen.
1279 4549 1362 4617 tt),
1394 4550 1484 4619 qui
1511 4550 1795 4619 turpitudi-

1900 4556 2087 4596 omnes
2126 4541 2306 4604 tertio,
2335 4540 2634 4593 Anathema
2664 4539 2753 4592 sit.
2786 4537 2903 4592 Non
2926 4540 3070 4593 enim
3100 4540 3189 4593 hic
3215 4541 3279 4594 de
3310 4541 3475 4596 triue-

208 4659 335 4698 nem
362 4656 605 4696 novercae
632 4656 752 4710 qua:
776 4656 882 4694 una
908 4656 1035 4694 caro
1063 4654 1185 4694 cum
1212 4651 1365 4708 patre
1394 4640 1523 4705 fuit,
1553 4642 1794 4696 revelare

207 4735 631 4807 przesumpserit,
680 4733 920 4803 profecto
948 4733 1117 4801 patris
1160 4732 1543 4802 turpitudinem
1584 4734 1791 4789 revela-

205 4829 309 4884 bit.
365 4826 498 4881 Cum
540 4836 766 4895 cognata
806 4840 1019 4895 quoque
1069 4825 1282 4879 misceri
1330 4826 1658 4895 prohibitum
1685 4837 1791 4893 est,

206 4921 338 4991 quia
383 4928 481 4988 per
515 4918 948 4988 conjunctionem
981 4917 1215 4986 priorem
1251 4932 1379 4972 caro
1415 4917 1598 4972 fratris
1631 4918 1794 4974 fuerit

207 5009 396 5064 facta:
442 5024 540 5077 pro
589 5023 695 5078 qua
748 5024 807 5062 re
846 5009 1010 5062 etiam
1055 5004 1291 5062 Joannes
1342 5007 1583 5077 Baptista
1619 5010 1799 5078 capite

211 5112 499 5160 truncatus
546 5113 665 5167 est,
719 5112 773 5158 et
829 5112 1016 5158 sancto
1058 5102 1319 5173 martyrio
1372 5108 1795 5156 consummatus.

211 5196 313 5253 Cui
358 5203 576 5249 nonest
621 5195 824 5249 dictum
872 5202 931 5246 ut
970 5192 1245 5247 Christum
1295 5199 1534 5261 negaret,
1599 5198 1655 5244 et
1699 5205 1798 5259 pro

214 5284 417 5341 Christi
462 5282 798 5337 confessione
828 5282 1039 5337 occisus
1084 5291 1183 5336 est.
1231 5281 1335 5335 Sed
1365 5280 1492 5350 quia
1536 5279 1795 5335 Dominus

212 5382 405 5429 noster
446 5369 599 5426 Iesus
651 5371 898 5426 Christus
926 5363 1179 5424 dixeraté
1238 5390 1256 5421 ‹
1287 5370 1399 5440 Ego
1429 5384 1547 5423 sum
1594 5369 1798 5423 veritas

216 5462 402 5536 (Joan.
456 5462 554 5532 vi),
595 5482 625 5529 i~
665 5476 765 5531 pro
795 5460 1019 5518 veritate
1046 5458 1283 5515 Joannes
1309 5459 1520 5514 occisus
1543 5467 1627 5513 est
1652 5458 1800 5512 vide-

219 5554 365 5618 licet,
388 5562 444 5608 et
466 5568 565 5622 pro
593 5553 809 5606 Christo
834 5552 1147 5619 sanguinem
1174 5548 1331 5605 fudit.
1361 5549 1416 5603 In
1442 5550 1545 5603 hoc
1570 5561 1698 5619 ergo
1718 5560 1803 5601 re-

222 5660 419 5716 sponso
443 5643 599 5698 facile
626 5652 802 5712 potest
828 5643 997 5698 lector
1024 5641 1249 5712 diligens
1276 5653 1589 5711 agnoscere,
1621 5646 1800 5692 utrum

226 5737 361 5788 lianc
395 5732 710 5788 relationem
756 5734 822 5787 ad
845 5741 1109 5803 prmecpta
1160 5730 1292 5803 legis
1317 5728 1539 5794 divinae,
1568 5744 1684 5798 qua:
1718 5743 1805 5784 su-

1901 4638 2047 4698 potc,
2080 4630 2193 4683 sive
2224 4629 2290 4683 de
2317 4628 2567 4696 trinepte,
2600 4636 2694 4681 aut
2714 4627 2781 4682 de
2823 4627 3107 4697 trinepotis
3130 4619 3344 4697 nepote,
3376 4644 3474 4685 seu

1902 4719 2185 4787 trinepotis
2215 4726 2373 4801 nepte
2404 4716 2607 4786 aliquid
2630 4717 2848 4781 dicitur,
2882 4728 2975 4771 aut
3014 4714 3317 4787 specialiter
3342 4736 3474 4775 enu-

1900 4820 2161 4865 meratur.
2220 4809 2373 4864 Unde
2432 4808 2604 4878 magis
2663 4808 2902 4862 arbitror
2958 4809 3059 4864 hoc
3116 4811 3471 4879 sequendum,

1898 4903 2042 4972 quod
2064 4901 2244 4956 divina
2288 4903 2582 4956 auctoritas
2614 4902 2668 4955 in
2715 4902 2923 4957 duobus
2955 4901 3316 4959 Testamentis
3342 4920 3473 4960 san.

1898 4993 2069 5050 civit:
2102 4999 2157 5048 et
2182 4993 2329 5062 quod
2378 4991 2531 5060 juxta
2584 4990 2701 5060 ejus
2750 4992 3075 5062 exemplum,
3117 4993 3474 5064 plurimorum

1897 5083 2121 5139 Palmm
2152 5085 2419 5138 sententia
2450 5084 2503 5137 in
2551 5083 2823 5138 communi
2852 5093 3119 5139 conventu
3150 5089 3474 5142 servandum

1898 5176 2181 5231 constituit
2212 5192 2225 5228 :
2264 5190 2424 5244 quam
2456 5174 2601 5245 quod
2631 5174 2858 5245 quilibet
2899 5173 3053 5242 juxta
3085 5175 3292 5230 libitum
3316 5191 3477 5231 suum

1901 5271 2212 5339 conjectura
2260 5268 2477 5338 propria
2514 5267 2848 5337 sequendum
2897 5280 3037 5331 esse,
3080 5267 3339 5322 decernit.
3374 5267 3479 5323 Ve-

1902 5369 2228 5424 rumtamen,
2272 5360 2317 5413 si
2356 5360 2478 5428 quis
2510 5357 2739 5411 voluerit
2788 5370 2847 5411 se
2895 5356 3173 5411 continere
3212 5371 3383 5427 usque
3409 5356 3481 5413 ad

1904 5451 2147 5520 quintam
2176 5449 2260 5506 vel
2290 5456 2497 5503 sextam
2524 5446 2609 5501 vel
2648 5447 2810 5501 etiam
2856 5446 3140 5516 septimam
3176 5445 3481 5516 generatio-

1904 5556 2051 5608 nem,
2105 5555 2212 5595 non
2242 5537 2609 5608 prohibendus
2636 5544 2741 5600 est,
2769 5536 2863 5591 sed
2913 5536 3087 5606 magis
3138 5534 3476 5597 hortandus:

1906 5631 2034 5702 quia
2086 5638 2287 5700 quanto
2341 5628 2551 5696 longior
2581 5635 2660 5681 est
2690 5624 3071 5698 adiscriminc,
3126 5632 3275 5679 tanto
3322 5636 3481 5681 seco-

1909 5727 2021 5781 rior
2064 5726 2168 5779 erit
2212 5724 2278 5779 de
2328 5721 2712 5778 internecione.
2772 5718 2907 5774 Nam
2934 5717 3192 5788 Apostolo
3224 5723 3475 5785 testante,
