3924 6350
458 388 596 446 1095

1090 382 1153 437 Β.
1192 379 1445 440 RABANI
1488 373 1709 433 MAURI
1747 371 2069 429 ARCHIEP.
2109 368 2418 429 MOGUNT.
2459 368 2745 427 OPER'UM
2780 368 2960 425 PARS
2989 367 3056 424 Il.

3583 362 3722 418 1096'

458 525 478 559 ι
510 500 854 561 honorabiles
888 504 1013 551 sunt
1048 495 1267 565 nuptiae,
1292 501 1359 548 et
1417 492 1605 546 thorus
1655 486 2033 543 immaculatus
2060 491 2106 550 Α
2140 484 2456 555 simpliciter
2476 484 2629 555 posui
2660 502 2672 537 :
2708 499 2813 539 non
2842 480 3199 554 prmjudicans
3223 481 3382 537 aiteri
3409 478 3611 534 melius
3641 479 3719 533 in-

451 589 783 668 {Heb._xm).
824 607 841 640 ι
874 586 998 641 Ideo
1035 584 1404 639 Christianum
1452 582 1605 638 decet
1635 578 1816 634 omnia
1857 578 2029 668 hone-

449 666 533 745 ste
563 693 617 740 et
640 679 938 738 secundum
960 676 1205 732 ordinem
1253 674 1453 730 facere.
1483 672 1600 742 Ego
1633 683 1871 739 quoque,
1898 666 2025 737 quia

447 791 515 835 ex
544 788 668 832 meo
688 772 891 842 aliquid
912 770 1121 825 noviter
1148 783 1255 822 non
1281 780 1443 821 ausus
1464 779 1582 818 sum
1612 761 1881 832 proferre,
1911 773 2027 812 ma-

447 864 623 937 lorum
648 861 849 931 scripta
888 857 974 913 vel
1007 856 1170 921 dicta,
1220 854 1513 910 secundum
1545 852 1598 906 id
1646 850 1791 922 quod
1822 847 2022 911 inveni,

2135 575 2419 647 telligenti.
2439 574 2518 629 De
2543 574 2628 630 his
2653 574 2855 630 sentiat
2893 574 3121 643 quisque
3146 572 3290 643 quod
3318 571 3449 626 velit
3474 589 3489 622 :
3523 569 3601 623 ita
3632 580 3720 624 ιε·-

2139 683 2284 732 men,
2316 676 2377 721 ut
2403 666 2784 721 discretionem
2816 665 2870 720 in
2911 664 3134 735 judicio,
3185 671 3240 718 et
3266 662 3562 718 veritatem
3584 675 3721 716 con-

2135 768 2318 814 servet
2346 759 2401 813 in
2424 757 2586 814 facto.

1930 984 1931 987 .
2385 980 2393 987 ο

1494 1126 1626 1201 DE
1701 1118 2123 1202 M'AGICIS
2197 1115 2671 1195 ARTIBUS.

521 1336 598 1391 De
626 1331 851 1402 magicis
893 1340 1074 1385 autem
1110 1328 1319 1383 artibus
1350 1334 1512 1395 atque
1547 1320 2025 1385 incantationibus,

448 1434 503 1481 et
530 1425 596 1481 de
616 1420 1093 1493 superstitionibus
1114 1416 1362 1481 diversis,
1390 1429 1528 1484 quos
1561 1412 1792 1485 gentiles
1816 1421 1865 1466 et
1908 1410 2031 1465 falsi

449 1514 743 1571 Christiani
772 1513 826 1567 in
866 1508 1287 1566 divinationihus
1338 1507 1451 1561 suis
1479 1513 1533 1558 et
1562 1502 2033 1585 observationibus

2135 1325 2317 1371 autem
2348 1315 2436 1370 ille
2482 1314 2745 1385 propheta
2787 1310 2970 1377 fuerit,
3003 1312 3156 1381 cujus
3201 1328 3483 1369 sermones
3525 1314 3720 1371 audire

2135 1408 2350 1470 debent,
2378 1415 2433 1462 et
2458 1407 2543 1460 cui
2573 1414 2678 1460 tota
2702 1404 2996 1460 intentione
3030 1405 3193 1459 animi
3219 1405 3582 1461 obediendum
3612 1406 3717 1472 est,

2136 1507 2287 1569 patet
2318 1514 2441 1553 cum
2474 1497 2526 1551 in
2556 1495 2841 1566 Evangelio
2887 1496 3080 1565 legitur
3104 1496 3246 1565 quod
3272 1496 3426 1551 turba
3475 1496 3718 1552 ﬁdelium

448 1604 725 1678 perversis
750 1601 903 1671 sequi
925 1600 1206 1663 videntur,
1241 1596 1371 1667 quid
1399 1596 1483 1650 lex
1508 1584 1686 1649 divina
1714 1591 1939 1655 sanciat,
1974 1590 2028 1644 in
2059 1640 2105 1700 Β
2135 1589 2324 1644 ridens
2356 1586 2613 1643 miracula
2638 1596 2692 1642 et
2717 1586 2869 1658 signa
2895 1603 3016 1657 qua:
3048 1584 3276 1640 faciebat
3304 1585 3482 1652 Jesus,
3513 1586 3738 1671 clamaf

644 1695 654 1700 _
804 1692 847 1700 _-
973 1691 983 1700 .
1060 1689 1102 1700 _.
1173 1696 1180 1700 _
1354 1686 1387 1700 ..
1539 1683 1580 1700 ι.
1656 1685 1667 1695 .
2172 1692 2208 1700 κ.
2400 1698 2412 1700 _
2515 1698 2523 1700 _
2574 1680 2709 1700 πω
3005 1680 3259 1700 “At-.-
3325 1679 3407 1700 ---ε
3451 1690 3716 1700 __.-___-

448 1695 771 1751 auctoritate
804 1691 1016 1746 Veteris
1060 1686 1388 1743 Testamenti
1444 1700 1509 1740 ac
1536 1683 1690 1749 Novi,
1750 1681 1908 1738 facile
1946 1689 2031 1736 est
2059 1679 2105 1700 ”
2131 1692 2216 1738 ret
2233 1682 2419 1738 dicens
2452 1700 2464 1735 τ
2507 1698 2526 1733 ι
2574 1680 2716 1736 Vere
2760 1681 2848 1734 hic
2887 1687 2971 1736 est
3005 1680 3290 1749 propheta,
3319 1679 3409 1749 qui
3451 1690 3721 1736 venturus

449 1786 713 1843 invenire.
744 1784 1057 1839 Detestatur
1079 1780 1224 1835 enim
1254 1795 1349 1834 eos
1371 1778 1455 1833 lex
1483 1778 1664 1831 divina
1692 1795 1705 1829 :
1733 1790 1853 1845 quae
1880 1774 1937 1831 in
1965 1773 2031 1827 li-

448 1884 548 1938 bro
594 1878 767 1935 Exodi
815 1878 891 1932 ita
925 1877 1097 1931 dicit:
1142 1894 1161 1927 ι
1196 1862 1468 1951 Maleﬂcos
1495 1872 1549 1926 in
1595 1880 1738 1925 terra
1788 1877 1876 1924 tua
1924 1884 2030 1924 non

453 1992 470 2025 ι
506 1970 731 2043 patieris
764 1969 949 2023 vivere
1000 1966 1198 2039 (Exod.
1249 1962 1420 2035 xxn);
1466 1983 1482 2014 ι
1537 1970 1594 2016 et
1650 1962 1841 2017 item‘:
1876 1980 1893 2012 ι
1930 1958 2030 2026 Qui

452 2081 471 2113 ι
506 2059 769 2124 immolat,
800 2057 894 2123 ait,
929 2058 1055 2123 diis,
1094 2055 1392 2119 occidetur,
1423 2063 1621 2123 prieter
1649 2050 1878 2106 Domino
1930 2050 2031 2105 sali

456 2171 474 2204 ι
509 2149 723 2223 (Ibid-:).
766 2168 784 2201 ι
812 2149 880 2203 Et
904 2148 958 2202 in
985 2146 1224 2202 Levitico
1251 2163 1264 2200 :
1302 2165 1320 2197 ι
1348 2144 1464 2199 Non
1491 2144 1809 2209 comedetis,
1837 2142 2028 2217 inquit,

374 2300 377 2305 _
455 2260 475 2294 ι
510 2256 731 2297 carnem
755 2255 879 2295 cum
906 2238 1185 2309 sanguine.
1212 2235 1329 2292 Non
1359 2236 1773 2307 augurabimini,
1812 2250 1913 2290 nec
1938 2235 2032 2289 ob-

454 2350 475 2384 ι
511 2331 798 2405 servabitis
832 2330 1048 2385 somnia
1076 2348 1089 2383 :
1117 2337 1172 2384 et
1211 2343 1373 2398 super
1406 2336 1618 2382 mortuo
1656 2342 1761 2381 non
1785 2326 2032 2381 incidctis

452 2442 473 2477 ι
506 2436 726 2479 carnem
745 2430 984 2477 vestram
1010 2438 1023 2474 :
1054 2434 1229 2489 neque
1250 2417 1450 2489 ﬁguras
1471 2418 1681 2487 aliquas
1697 2427 1751 2473 et
1767 2417 2021 2488 stigmata

453 2495 720 2570 «facietis
745 2513 915 2569 vobis.
941 2512 1053 2583 Ego
1081 2511 1342 2567 Dominus
1366 2508 1510 2581 (Lev.
1553 2508 1690 2582 XIX).
1727 2528 1746 2562 ι
1777 2509 1845 2563 Ει
1867 2509 2027 2563 item:

453 2625 474 2661 ι
510 2606 629 2663 Non
678 2605 1039 2669 declinabitis,
1090 2602 1187 2669 ait,
1219 2604 1287 2658 ad
1314 2617 1527 2673 magos,
1566 2615 1667 2656 nec
1695 2602 1762 2656 ab
1809 2599 2032 2654 hariolis

454 2717 474 2749 ι
513 2696 713 2765 aliquid
729 2694 1181 2758 sciscitemini,ut
1213 2690 1984 2765 polluaminipereos(lbid.);
2008 2710 2027 2742 ι

452 2806 471 2839 ι
504 2795 559 2843 et
596 2786 723 2841 item
755 2802 768 2838 :
802 2804 822 2855 ι
860 2782 973 2847 Vir,
1007 2784 1201 2853 inquit,
1235 2784 1348 2838 sive
1386 2782 1598 2849 mulier,
1636 2783 1688 2835 in
1712 2781 1907 2851 quibus
1930 2796 2031 2851 py-

455 2896 473 2930 ι
508 2877 758 2932 thonicus
787 2874 875 2929 vel
907 2872 1280 2928 'd'ivinationis
1330 2872 1494 2928 fuerit
1546 2872 1769 2943 spiritus
1791 2911 1805 2936 ,
1859 2882 2034 2926 morte

2136 1789 2155 1822 ι
2202 1780 2286 1826 est
2326 1772 2377 1826 in
2407 1772 2552 1826 hunc
2575 1769 2831 1824 mundum
2870 1768 3053 1839 (loan.
3090 1768 3187 1839 γι).
3226 1789 3243 1819 ι
3274 1761 3339 1823 Ε(
3379 1770 3506 1825 alibi
3548 1771 3614 1825 de
3646 1784 3715 1825 eo

2130 1860 2389 1930 scriptum
2412 1867 2531 1914 est:
2570 1876 2588 1910 ι
2623 1857 2853 1928 Αοοερὶι,
2872 1867 3056 1912 autem
3082 1872 3270 1914 omnes
3299 1858 3479 1922 timor,
3510 1866 3568 1913 et
3594 1874 3713 1912 ma-

2137 1968 2155 2003 ι
2199 1949 2529 2019 gniﬁcabant
2570 1949 2743 2004 Deum
2793 1948 3079 2003 dicentes:
3124 1946 3262 2014 Quia
3305 1948 3567 2018 propheta
3596 1962 3716 2001 nia-

2134 2060 2154 2091 ‹
2202 2057 2339 2111 gnus
2385 2040 2624 2095 surrexit
2658 2040 2713 2093 in
2758 2037 2914 2093 nobis
2958 2055 2969 2092 :
3012 2049 3066 2092 et
3122 2038 3249 2108 quia
3295 2037 3439 2093 Deus
3474 2038 3719 2107 visitavit

2137 2149 2155 2181 ι
2201 2131 2412 2201 plebem
2464 2145 2614 2184 suam
2644 2128 2796 2202 (Luc.
2826 2128 2947 2201 vn).
2986 2148 3003 2180 ι
3050 2127 3148 2183 Hic
3178 2143 3307 2199 ergo
3341 2130 3629 2199 propheta,
3662 2136 3719 2183 et

2131 2220 2393 2276 Dominus
2434 2220 2677 2275 omnium
2704 2218 3220 2289 prophetarum,qui
3249 2227 3332 2273 est
3374 2220 3478 2282 via,
3511 2220 3717 2276 veritas

2131 2320 2187 2365 et
2209 2308 2624 2391 vita,,conditor
2661 2310 2944 2379 utriusque
2993 2310 3341 2374 testamenti,
3384 2316 3490 2364 non
3540 2308 3716 2365 solum

2133 2402 2187 2457 in
2213 2402 2401 2465 veteri,
2442 2402 2536 2455 sed
2563 2401 2729 2455 etiam
2762 2400 2816 2455 in
2861 2414 2998 2455 novo
3026 2414 3216 2455 omnes
3246 2414 3464 2454 errores
3488 2408 3545 2455 et
3574 2400 3720 2455 divi-'

2131 2492 2380 2546 nationes
2404 2500 2566 2561 atque
2612 2498 2757 2547 antes
2788 2490 2976 2545 noxias
3012 2490 3218 2559 respuit
3263 2499 3426 2558 atque
3455 2473 3719 2544 condem-

2132 2592 2226 2636 nat
2252 2599 2265 2635 :
2294 2597 2394 2636 nec
2425 2583 2493 2637 ab
2523 2580 2630 2635 alio
2659 2596 2822 2649 quam
2870 2596 2901 2635 a
2953 2595 3012 2635 se
3046 2579 3266 2649 requiri
3296 2580 3585 2635 veritatem
3626 2589 3719 2635 aut

2134 2674 2423 2729 sanitatem
2451 2672 2584 2739 vult,
2612 2672 2738 2741 quia
2780 2671 2894 2742 ipse
2922 2672 3043 2725 cum
3081 2670 3244 2725 Patre
3282 2679 3338 2724 et
3366 2670 3576 2742 Spiritu
3598 2685 3719 2725 san.

2133 2773 2246 2829 cto,
2272 2780 2414 2818 unus
2437 2778 2599 2818 verus
2620 2771 2782 2833 atque
2809 2764 3151 2833 omnipotens
3184 2771 3269 2817 est
3298 2761 3465 2826 Deus,
3512 2760 3716 2817 faciens

2134 2855 2405 2910 mirabilia
2426 2869 2621 2923 magna
2649 2855 2817 2910 solus.
2849 2850 2999 2909 Unde
3028 2862 3081 2909 et
3123 2854 3178 2908 in
3205 2853 3498 2925 Evangelio
3522 2868 3715 2909 onmes

454 2985 475 3019 ι
511 2966 836 3029 moriantur,
866 2964 1137 3033 lapidibus
1159 2964 1395 3019 obruent
1420 2952 1513 3018 eos
1540 2981 1552 3015 :
1576 2942 1800 3033 Sanguis
1844 2977 2031 3017 eorum

2143 2949 2206 3004 ad
2233 2962 2289 3001 se
2318 2947 2511 3001 invitat
2537 2942 2722 3001 dicens
2750 2966 2762 3000 :
2800 2965 2818 2997 ι
2861 2947 3057 3002 Venite
3083 2945 3149 3000 ad
3188 2960 3275 3000 me
3301 2960 3492 3001 omnes
3520 2944 3617 3014 qui
3638 2944 3711 2999 la-

453 3076 471 3109 ι
510 3058 582 3112 sit
608 3072 769 3127 super
794 3071 889 3111 eos
918 3032 1062 3126 (Leu.
1092 3054 1208 3127 xx).
1246 3074 1264 3105 ι
1294 3055 1350 3109 ln
1376 3032 1793 3110 Deuteronornio
1818 3069 2033 3125 quoque
2062 3032 2105 3049 ν
2141 3055 2162 3091 ί
2206 3039 2413 3127 horai-i5
2451 3047 2508 3092 θῑ
2536 3037 2742 3093 onera“
2770 3037 2921 3103 οδῑίεν
2951 3046 3004 3091 εί
3032 3052 3131 3107 οεο
3169 3035 3410 3091 "ﬁdam
3440 3050 3563 3090 ‘03-
3596 3032 3719 3127 T9“

454 3148 529 3203 sic
552 3146 719 3201 dicit:
751 3163 771 3196 ι
827 3144 1060 3211 Quando
1106 3145 1387 3217 ingressus
1437 3145 1606 3201 fueris
1639 3134 1845 3201 terram,
1871 3161 2032 3216 quam

456 3258 474 3292 ι
506 3224 770 3295 Dominus
806 3238 949 3293 Deus
1010 3247 1133 3293 tuus
1192 3238 1339 3292 dabit
1378 3238 1497 3303 tibi,
1554 3254 1685 3292 cave
1715 3254 1782 3292 ne
1830 3236 2034 3292 imitari

458 3348 477 3379 ι
512 3328 647 3383 velis
669 3327 1100 3383 abominationes
1120 3326 1331 3380 illarum
1360 3328 1597 3396 gentium
1627 3347 1640 3380 :
1671 3342 1770 3381 nec
1793 3326 2035 3381 invenia-

457 3438 479 3474 ι
513 3428 603 3475 tur
629 3419 683 3473 in
711 3427 764 3473 te
800 3419 890 3488 qui
915 3418 1111 3472 lustret
1138 3416 1308 3471 lilium
1351 3432 1534 3481 suum,
1566 3426 1658 3471 aut
1682 3417 1847 3471 ﬁliam
1879 3432 2032 3472 suam

458 3510 716 3565 «ducens
738 3498 834 3578 per
864 3508 1065 3578 ignem,
1091 3516 1186 3561 aut
1212 3508 1303 3576 qui
1334 3508 1571 3563 hariolos
1624 3508 1954 3573 sciscitetur,
1982 3517 2039 3562 et

459 3618 479 3653 ι
512 3601 766 3655 observet
790 3597 997 3652 somnia
1027 3606 1191 3667 atque
1222 3596 1464 3667 auguria.
1498 3596 1615 3650 Non
1644 3597 1717 3650 sit
1758 3595 2036 3652 maleﬁcus

459 3710 479 3743 ι
515 3704 687 3759 neque
733 3689 1061 3752 incantator,
1109 3701 1281 3756 neque
1306 3686 1397 3755 qui
1446 3688 1715 3757 pythones
1765 3688 2035 3754 consulat,

462 3799 481 3832 ι
519 3794 693 3849 neque
744 3774 955 3835 divinos
972 3760 995 3831 ἐ
1039 3784 1093 3832 et
1143 3784 1408 3847 quaerata
1436 3778 1667 3832 mortuis
1726 3779 2035 3834 veritatem.

463 3890 481 3924 ι
518 3869 713 3926 Omnia
763 3857 943 3924 autem
991 3869 1107 3923 haec
1134 3869 1480 3923 abominatur
1528 3867 1811 3936 Dominus,
1839 3879 1895 3925 et
1922 3887 2043 3941 pro‘

432 3982 483 4016 υς
519 3971 640 4035 pter
684 3960 990 4017 istiusmodi
1048 3960 1286 4025 scelera,
1332 3960 1533 4016 delebit
1581 3976 1675 4016 eos
1714 3961 1767 4016 in
1818 3963 2041 4017 introitu

463 4070 484 4105 ι
518 4062 629 4107 tuo.
663 4049 939 4106 Perfectus
968 4049 1095 4115 eris,
1149 4058 1204 4105 et
1252 4051 1457 4120 absque
1488 4051 1727 4117 macula,
1774 4066 1898 4107 cum
1931 4053 2041 4107 Do-

463 4162 487 4197 ι
518 4143 667 4199 mino
689 4141 798 4198 Deo
830 4152 939 4197 tuo.
969 4141 1170 4198 Gentes
1217 4143 1333 4197 ista:
1362 4156 1593 4212 quarum
1618 4142 1918 4212 poSsidebis
1940 4152 2046 4199 ter-

467 4249 490 4284 ς
521 4247 660 4296 ram,
690 4246 926 4303 augures
946 4238 1003 4286 et
1049 4231 1261 4287 divinos
1288 4233 1517 4286 audiunt
1545 4249 1558 4287 :
1589 4240 1643 4287 tu
1672 4241 1852 4289 autem
1876 4250 1907 4288 a
1938 4235 2046 4289 Do-

465 4341 489 4376 ι
522 4322 675 4377 mino
708 4323 816 4377 Deo
859 4329 953 4377 tuo
984 4321 1143 4377 aliter
1172 4322 1455 4376 institutus
1483 4337 1543 4377 es
1590 4322 1769 4395 (Deut.
1799 4323 1979 4397 xvm).
2012 4344 2031 4378 ι

463 4413 533 4468 Et
552 4412 682 4480 quid
710 4412 1043 4482 sequendum
1072 4412 1143 4466 sit
1187 4412 1270 4465 vel
1311 4413 1724 4479 obaudiendum,
1755 4416 2034 4470 morsub—

2141 3144 2160 3178 ι
2205 3126 2299 3182 lite
2317 3128 2505 3197 jugum
2534 3140 2711 3200 meum
2746 3141 2910 3197 super
2939 3142 3059 3193 vos,
3086 3137 3141 3181 et
3179 3127 3370 3182 discite
3412 3141 3444 3179 a
3475 3141 3566 3182 me
3591 3126 3717 3195 mnia

2141 3234 2161 3269 ι
2207 3216 2355 3272 mitis
2382 3232 2501 3271 sum
2531 3224 2585 3270 et
2614 3214 2833 3269 humilis
2870 3215 3051 3282 corde,
3089 3223 3143 3270 et
3164 3215 3451 3270 invenietis
3479 3216 3722 3285 requiem

2142 3330 2162 3363 ι
2208 3311 2491 3367 animabus
2520 3311 2730 3367 vestris.
2762 3310 2955 3380 Jugum
3007 3311 3151 3376 enim
3193 3327 3372 3366 meum
3425 3292 3593 3366 suave
3621 3320 3719 3375 est,

2143 3421 2163 3455 ι
2206 3410 2261 3458 et
2292 3419 2429 3459 onus
2461 3417 2637 3457 meum
2676 3403 2791 3457 leve
2824 3400 3040 3474 (Matth.
3072 3403 3182 3473 x1);
3214 3422 3233 3454 ι
3260 3411 3317 3456 et
3349 3403 3476 3456 item
3507 3420 3523 3456 :
3559 3418 3581 3454 ι
3610 3401 3722 3473 Ego

2144 3515 2163 3549 ι
2211 3512 2352 3561 sum,
2402 3496 2597 3565 inquit,
2648 3495 2737 3550 lux
2775 3493 2981 3549 mundi.
3014 3493 3119 3562 Qui
3168 3494 3414 3566 sequitur
3461 3509 3573 3558 me,
3616 3507 3722 3548 non

2144 3608 2163 3642 ι
2207 3589 2448 3644 ambulat
2497 3589 2550 3643 in
2602 3587 2859 3653 tenebris,
2923 3588 3018 3642 sed
3072 3587 3291 3641 habebit
3351 3587 3537 3641 lumen
3598 3586 3721 3641 vita:

2145 3702 2163 3734 ι
2213 3680 2424 3753 (Ibid).
2468 3700 2485 3732 ι
2524 3681 2623 3735 ilic
2647 3695 2776 3752 ergo
2795 3680 2949 3750 juxta
2973 3678 3123 3733 Pauli
3164 3680 3507 3742 sententiam,
3544 3677 3718 3733 salva-

2141 3780 2230 3826 tor
2255 3779 2338 3826 est
2360 3771 2603 3825 omnium
2633 3769 2911 3824 hominum
2947 3769 3184 3823 maxime
3210 3766 3472 3823 ﬁdelium.
3513 3768 3591 3823 De
3614 3782 3718 3838 quo

2141 3870 2196 3917 et
2226 3860 2419 3915 Petrus
2448 3861 2525 3915 ait
2555 3879 2568 3914 :
2612 3878 2630 3911 ι
2676 3842 2794 3935 Non
2818 3862 2902 3914 est
2933 3860 3078 3914 enim
3106 3859 3253 3914 aliud
3299 3874 3498 3915 nomen
3538 3860 3720 3915 datum

2148 3972 2167 4006 ι
2212 3952 2519 4007 hominibus
2548 3968 2710 4022 super
2736 3960 2961 4017 terram,
2994 3953 3049 4007 in
3075 3967 3182 4022 quo
3210 3961 3459 4023 oporteat
3478 3954 3722 4010 homines

2151 4065 2168 4097 ι
2209 4045 2385 4100 salvos
2414 4044 2529 4099 ﬁeri
2554 4042 2690 4117 (Aet.
2723 4043 2819 4114 IV).
2857 4064 2876 4097 ι
2910 4043 2968 4099 ιιι
2994 4059 3101 4114 quo
3121 4044 3285 4099 etiam
3318 4045 3563 4112 nomine,
3593 4062 3722 4116 quo-

2143 4136 2273 4191 tidie
2307 4136 2460 4205 signa
2499 4140 2692 4204 magna
2720 4144 2775 4189 et
2805 4135 3066 4189 sanitates
3103 4133 3160 4188 in
3194 4133 3437 4190 Ecclesia
3464 4149 3566 4204 per
3595 4150 3717 4191 ora-

2145 4208 2320 4279 tiones
2358 4221 2598 4278 fidelium
2645 4221 2782 4277 fiunt
2811 4241 2823 4277 :
2858 4223 3112 4293 quoniam
3155 4223 3270 4293 ipse
3305 4222 3587 4295 discipulis
3616 4225 3723 4281 suis

2145 4319 2201 4373 in
2224 4316 2513 4385 Evangelio
2542 4316 2660 4371 ait:
2706 4332 2723 4367 ι
2768 4314 2909 4370 Ecce
2945 4329 3044 4386 ego
3084 4314 3151 4369 do
3199 4313 3351 4370 vobis
3398 4323 3721 4385 potestatem

2152 4428 2172 4461 ς
2213 4406 2455 4465 calcandi
2482 4420 2642 4476 super
2667 4413 2949 4476 serpentes
2996 4412 3050 4460 et
3084 4405 3418 4475 scorpiones,
3462 4413 3518 4461 et
3564 4420 3722 4477 supra

466 4500 718 4571 sequitur
762 4499 951 4555 dicens
979 4517 992 4553 :
1032 4519 1050 4552 ι
1084 4498 1415 4568 Prophetam
1450 4500 1518 4555 de
1572 4510 1730 4572 gente
1786 4511 1873 4556 tua
1896 4510 1949 4559 et
1973 4504 2041 4559 de
2066 4489 2121 4548 D
2153 4518 2173 4553 ι
2212 4514 2426 4554 omnem
2446 4497 2708 4552 virtutem
2738 4494 2961 4550 inimici.
3003 4494 3203 4551 Euntes
3239 4495 3532 4566 praedicante
3556 4497 3725 4552 Evan-

471 4609 491 4643 ι
530 4588 789 4643 fratribus
826 4588 949 4650 tuis,
1001 4586 1142 4643 sicut
1192 4602 1278 4642 me
1334 4588 1617 4644 suscitabit
1666 4591 1759 4646 tibi
1787 4591 2045 4648 Dominus

472 4701 493 4733 ι
524 4682 667 4736 Deus
686 4688 829 4735 tuus.
862 4678 1039 4747 Ipsum
1064 4678 1269 4742 audies,
1300 4688 1359 4734 ut
1402 4682 1581 4750 petisti
1613 4697 1642 4735 a
1666 4682 1893 4739 Domino
1936 4685 2045 4739 Deo

476 4788 497 4822 ι
533 4772 625 4825 tuo
656 4770 710 4824 in
740 4766 936 4833 Horeb,
964 4768 1182 4837 quando
1204 4770 1393 4823 concio
1423 4779 1748 4840 congregata
1775 4780 1857 4825 est
1884 4781 2047 4841 atque

477 4878 496 4911 ι
527 4856 752 4913 dixisti:
783 4856 937 4913 Ultra
965 4871 1072 4911 non
1095 4858 1308 4912 audiam
1333 4873 1518 4913 vocem
1548 4860 1754 4914 Domini
1784 4861 1875 4914 Dei
1901 4863 2045 4927 mei;

478 4966 498 5001 ι
530 4955 586 5001 et
630 4946 811 5018 ignem
832 4947 979 5002 hunc
1004 4948 1298 5003 maximum
1332 4950 1563 5019 amplius
1592 4967 1696 5007 non
1735 4952 1946 5018 videbo,
1980 4969 2046 5007 ne

477 5056 500 5093 ι
533 5037 756 5103 moriar,
802 5044 858 5091 et
907 5037 984 5090 ait
1008 5037 1141 5091 mihi
1194 5038 1491 5095 Dominus:
1524 5040 1666 5095 Bene
1702 5043 1883 5097 omnia
1923 5052 2047 5097 sunt

480 5147 498 5180 ι
534 5125 702 5183 locuti
730 5143 745 5181 :
774 5125 1098 5194 Prophetam
1132 5128 1407 5182 suscitabo
1429 5130 1508 5185 eis
1527 5130 1593 5184 de
1622 5132 1797 5187 medio
1818 5131 2045 5187 fratrum

480 5238 498 5271 ι
529 5232 750 5274 suorum
792 5215 1024 5271 similem
1050 5217 1123 5271 tui
1155 5226 1248 5273 :et
1292 5234 1488 5289 ponam
1538 5221 1699 5275 verba
1734 5237 1849 5275 mea
1878 5223 1931 5277 in
1954 5237 2047 5277 ore

482 5329 499 5360 ι
535 5308 672 5379 ejus,
699 5309 1055 5379 loqueturque
1082 5309 1148 5363 ad
1170 5324 1263 5364 eos
1284 5312 1462 5365 omnia
1485 5326 1604 5381 qua:
1623 5328 1929 5384 praecepero
1949 5315 2045 5370 illi.

482 5419 500 5449 ι
536 5398 636 5467 Qui
662 5407 838 5453 autem
871 5400 1035 5453 verba
1059 5399 1174 5468 ejus
1196 5401 1577 5469 qumloquetur
1594 5404 1648 5457 in
1671 5405 1889 5459 nomine
1903 5420 2044 5471 meo,

480 5506 502 5539 ι
546 5489 731 5543 audire
755 5488 1005 5553 noluerit,
1029 5504 1127 5559 ego
1149 5490 1289 5545 ultor
1312 5493 1559 5546 cristam.
1580 5492 1844 5563 Propheta
1868 5502 2046 5552 autem

483 5597 505 5631 ι
546 5579 635 5649 qui
672 5580 977 5648 arrogantia
1020 5580 1369 5648 depravatus,
1402 5583 1634 5639 voluerit
1671 5586 1813 5654 loqui
1848 5587 1909 5641 in
1949 5602 2049 5642 no-

483 5686 504 5722 ι
550 5670 693 5724 mine
720 5684 840 5723 meo
862 5686 980 5739 qua:
1003 5685 1103 5739 ego
1126 5686 1237 5726 non
1260 5673 1487 5742 praecepi
1518 5674 1592 5728 illi
1621 5682 1678 5728 ut
1702 5676 1924 5743 diceret,
1956 5686 2048 5732 aut

486 5775 506 5809 ι
548 5774 614 5813 ex
653 5762 868 5816 nomine
898 5762 1124 5816 aliorum
1157 5763 1400 5831 deorum,
1440 5764 1812 5822 interficietur.
1853 5789 1871 5822 ι
1916 5762 2065 5839 Quis

2152 4608 2173 4641 ι
2215 4589 2433 4661 gelium,
2494 4585 2737 4641 infirmos
2787 4589 2994 4651 curate,
3050 4593 3295 4642 mortuos
3343 4586 3623 4652 suscitate,
3653 4586 3725 4661 le-

2153 4695 2173 4729 ι
2215 4659 2405 4747 prosos
2446 4676 2733 4743 mundate,
2772 4675 3045 4730 daemones
3096 4674 3274 4743 ejieite
3336 4673 3504 4748 (Luc.
3550 4676 3647 4747 ι).
3672 4659 3718 4732 ἰ

2148 4770 2224 4825 De
2254 4786 2361 4840 quo
2401 4769 2566 4824 etiam
2606 4767 2818 4823 Marcus
2852 4775 3080 4823 testatus
3121 4777 3206 4823 est
3255 4768 3441 4824 dicens
3478 4787 3493 4823 :
3540 4788 3559 4823 ι
3595 4770 3725 4826 Hui-

2156 4878 2173 4910 ι
2218 4868 2305 4914 tos
2354 4860 2496 4915 enim
2540 4858 2784 4923 sanabat,
2834 4859 2910 4914 ita
2964 4868 3024 4913 ut
3073 4858 3345 4927 irruerent
3390 4860 3447 4915 in
3491 4876 3637 4925 eum,
3667 4868 3723 4915 ut

2155 4971 2173 5003 ι
2220 4951 2367 5006 illum
2398 4960 2701 5023 tangerent;
2735 4950 3009 5021 Quotquot
3039 4957 3222 5005 autem
3247 4950 3520 5007 habebant
3542 4951 3721 5022 plagas

2154 5061 2174 5093 ι
2220 5050 2274 5096 et
2301 5042 2521 5111 spiritus
2548 5042 2876 5108 immundos,
2918 5058 3040 5098 cum
3070 5042 3221 5116 illum
3249 5043 3526 5108 videbant,
3548 5044 3723 5114 proci-

2156 5152 2176 5184 ι
2222 5134 2417 5188 ciebant
2444 5143 2567 5187 ante
2596 5149 2741 5199 eum,
2786 5140 2841 5187 et
2881 5133 3206 5200 clamabant,
3240 5134 3482 5189 dicentes
3510 5149 3525 5188 :
3556 5135 3635 5192 Tu
3664 5151 3722 5192 es

2156 5243 2175 5277 ι
2221 5225 2390 5281 Filius
2419 5226 2534 5281 Dei.
2569 5226 2637 5280 Et
2673 5226 3024 5283 vehementer
3051 5228 3481 5283 comminabatur
3526 5230 3627 5295 eis,
3657 5245 3720 5285 ne

2155 5334 2174 5367 ι
2219 5316 2627 5371 manifestarent
2654 5314 2840 5370 illum:
2870 5325 2924 5371 et
2949 5319 3245 5371 ascendens
3272 5317 3328 5372 in
3354 5326 3616 5385 montem,
3640 5333 3726 5374 vo-

2156 5424 2176 5457 (
2222 5407 2365 5461 cavit
2390 5407 2457 5461 ad
2489 5421 2545 5461 se
2573 5422 2707 5475 quos
2726 5406 2895 5461 voluit
2920 5408 3052 5476 ipse,
3090 5415 3147 5463 et
3173 5417 3441 5465 venerunt
3475 5411 3546 5466 ad
3576 5426 3720 5476 eum,

2155 5517 2175 5550 ι
2216 5505 2271 5551 et
2293 5496 2422 5553 fecit
2452 5505 2510 5552 ut
2547 5506 2730 5552 essent
2762 5498 3041 5553 duodecim
3081 5513 3204 5552 cum
3240 5498 3352 5565 illo,
3374 5506 3433 5555 et
3457 5510 3518 5554 ut
3542 5502 3720 5557 mitte-

2157 5606 2176 5640 ι
2222 5598 2305 5645 ret
2327 5606 2421 5646 eos
2443 5591 2756 5659 prazdicare.
2782 5591 2849 5646 Et
2870 5590 3017 5645 dedit
3042 5590 3146 5645 illis
3172 5577 3499 5661 potestatem
3529 5608 3721 5649 curan-

2160 5697 2177 5730 ι
2224 5680 2277 5734 di
2304 5679 2665 5746 infirmitates,
2692 5690 2748 5736 et
2772 5668 3020 5752 ejiciendi
3054 5681 3318 5738 daemonia
3342 5682 3537 5754 (Marc.
3562 5685 3665 5755 tu).
3696 5704 3713 5737 ι

2154 5770 2292 5836 Quid
2326 5787 2455 5841 ergo
2480 5786 2699 5828 necesse
2734 5780 2818 5827 est
2850 5772 3079 5827 salutem
3110 5772 3179 5827 ab
3207 5772 3333 5838 alio,
3362 5788 3525 5843 quam
3557 5790 3585 5829 a
3611 5776 3719 5829 ine-
