3924 6334
200 362 341 419 1097

1454 359 1541 414 DE
1580 356 1851 412 MAGICIS
1888 355 2201 412 ARTIBUS.

3310 358 3444 413 ιουδ

194 477 323 533 dico
352 482 688 546 competente
707 472 985 542 qumrerc?
1008 481 1102 526 aut
1122 487 1243 541 quin
1293 473 1434 527 ratio
1466 482 1569 537 cst,
1600 472 1776 527 scicn—
1800 475 1852 533 Α
1879 471 2151 526 daemones
2185 467 2499 538 sanguinem
2542 467 2792 522 dicuntur
2817 481 2831 520 :
2862 466 3086 538 ideoque
3112 468 3321 537 quoties
3352 484 3447 524 ue-

199 571 332 623 tiam
363 576 456 620 aut
478 565 799 634 sapientiam
838 566 907 618 ab
946 564 1052 619 alio
1082 564 1322 633 quolibet
1360 565 1571 620 discere
1614 564 1768 628 velle,

194 673 361 727 quam
402 656 472 711 ah
497 656 642 710 omni
686 655 967 726 sapientiae
1003 664 1058 709 et
1083 655 1323 709 scientia:
1349 653 1534 709 fonte?
1571 657 1644 710 De
1666 671 1775 725 quo

194 748 459 817 scriptum
488 754 573 801 est
593 744 780 808 (δἐι-ιὶ.
816 746 855 816 ι)
884 763 899 799 :
934 762 954 795 ι
987 743 1176 799 Omnis
1202 746 1463 815 sapientia
1486 760 1516 799 a
1548 744 1775 799 Domino

200 852 220 884 v
269 833 378 885 Deo
407 839 512 896 est,
554 841 610 886 et
646 832 784 901 apud
814 831 964 885 illum
994 829 1096 885 fuit
1147 845 1380 913 semper,
1419 840 1475 886 et
1521 839 1605 885 est
1647 841 1775 886 ante

200 939 221 972 ι
264 935 457 974 sevum.
485 920 720 975 Arenam
760 919 948 985 maris,
993 926 1050 974 et
1096 919 1287 989 pluvia:
1322 927 1521 988 guttas,
1558 928 1614 973 et
1656 919 1774 974 dies

199 1030 217 1062 ι
266 1008 1009 1079 sieculi,(}uisdinumeravit?
1033 1006 1387 1063 Altitudinem
1416 1007 1629 1072 cmii,et
1657 1006 1775 1061 lati-

200 1118 220 1151 ι
270 1100 509 1154 tudinem
538 1108 715 1167 terrae,
741 1108 797 1155 et
822 1098 1147 1169 profundum
1175 1100 1379 1171 abyssi,
1409 1099 1530 1168 quis
1555 1114 1773 1155 mensus

200 1210 220 1242 ι
266 1190 385 1244 est?
414 1188 745 1259 Sapientiam
780 1188 875 1244 Dei
904 1189 1302 1259 praecedentem
1328 1190 1509 1245 omnia
1536 1189 1769 1267 quisin-

199 1298 220 1331 ι
266 1279 586 1347 vestigavit?
614 1279 771 1335 Prior
795 1280 1037 1335 omnium
1074 1290 1257 1336 creata
1282 1288 1367 1335 est
1402 1280 1687 1351 sapientia,
1719 1289 1773 1335 et

199 1391 217 1422 ι
264 1370 569 1425 intellectus
588 1370 888 1441 prudentia:
914 1372 984 1427 ab
1003 1386 1139 1427 arvo.
1179 1372 1325 1429 Fons
1352 1373 1629 1443 sapientia:
1650 1388 1772 1428 ver-

190 1479 219 1539 ,ι
262 1462 397 1515 bon)
422 1462 516 1517 Dei
539 1462 593 1516 in
624 1463 855 1519 excelsis
884 1480 899 1517 :
927 1472 985 1519 et
1014 1463 1294 1534 ingressus
1346 1464 1489 1519 illius
1520 1465 1770 1520 mandata

198 1572 219 1605 r
257 1562 481 1608 aeterna.
517 1572 536 1605 ι
571 1553 673 1621 Qui
714 1555 859 1609 enim
909 1555 1028 1610 sine
1081 1554 1363 1611 Saivatorc
1392 1555 1617 1612 salutem
1662 1556 1773 1610 vult

194 1643 417 1708 habere,
450 1652 507 1699 et
532 1645 648 1701 sine
672 1660 798 1701 vera
824 1646 1089 1716 sapientia
1112 1647 1346 1703 :estimat
1371 1662 1432 1703 se
1452 1649 1769 1718 prodeuntem

193 1734 313 1789 fieri
342 1750 518 1805 posse,
551 1750 654 1791 non
685 1736 865 1791 salvus
892 1736 987 1791 sed
1032 1752 1194 1809 inger,
1248 1752 1353 1792 non
1400 1738 1636 1808 prudens
1676 1739 1769 1793 sed

1879 560 2180 615 cremantia
2212 558 2292 623 lit,
2329 572 2491 613 cruor
2533 572 2685 628 aqua:
2712 557 2987 620 miscmur,
3017 568 3072 613 et
3106 558 3284 614 colore
3318 574 3444 615 sau-

1876 649 2055 718 guinis
2102 648 2314 704 facilius
2340 656 2723 719 provocamur.
2765 646 3171 718 Hydromantia,
3199 648 3268 703 ab
3303 664 3442 719 aqua

1876 738 2039 794 dicta.
2077 739 2175 794 Est
2218 739 2362 794 enim
2413 738 2788 809 hydromantia
2833 738 2887 791 in
2917 753 3070 808 aqua:
3116 738 3448 809 inspectione

1871 828 2094 882 umbras
2127 827 2428 882 diemonum
2456 841 2705 891 evocare,
2736 834 2791 880 et
2814 826 3074 896 imagines
3108 826 3444 883 ludiﬁcantes

1872 930 2058 971 comm
2084 917 2289 983 videre,
2325 918 2503 987 ibique
2522 918 2590 972 ab
2609 918 2691 972 eis
2712 916 2892 987 aliqua
2920 916 3144 971 audire:
3175 917 3263 972 ubi
3293 919 3445 973 adhi-

1872 1008 1986 1065 bito
2010 1011 2286 1081 sanguine,
2327 1011 2490 1065 etiam
2522 1007 2679 1064 inferi
2769 1007 3121 1078 perhibentur
3174 1007 3440 1063 suscitari.

1872 1101 2024 1169 Quod
2060 1116 2228 1171 genus
2272 1101 2617 1155 divinationis
2664 1114 2696 1153 a
2745 1098 2927 1155 Persis
2982 1097 3155 1155 fertur
3198 1098 3440 1153 allatum.

1872 1190 2046 1245 Varro
2065 1190 2193 1246 dicit
2212 1190 2555 1245 divinationis
2575 1199 2809 1260 quatuor
2828 1204 2950 1246 esse
2974 1205 3191 1263 genera,
3218 1201 3439 1255 terram,

1871 1298 2089 1352 aquam,
2110 1295 2291 1338 aerem
2312 1323 2327 1348 ,
2356 1291 2413 1338 et
2434 1282 2632 1355 ignem.
2658 1281 2795 1338 Hinc
2814 1283 3173 1354 geomantiam
3190 1324 3205 1348 ,
3239 1282 3441 1354 hydro-

1872 1378 2131 1433 mantiam
2144 1376 2547 1440 aenomantiam,
2562 1377 2953 1448 pyromantiam
2968 1376 3165 1431 dictam
3179 1383 3441 1430 autumat.

1872 1466 2045 1521 Divini
2062 1467 2213 1531 dicti,
2229 1453 2382 1537 quasi
2396 1467 2506 1523 Deo
2525 1466 2689 1537 pleni.
2710 1465 2999 1522 Divinitate
3019 1467 3159 1523 enim
3182 1465 3370 1536 plenos
3386 1479 3447 1521 se

1870 1573 1992 1615 esse
2024 1558 2345 1624 assimilant,
2385 1567 2441 1614 et
2486 1566 2661 1613 astuta
2688 1558 2918 1628 quadam
2944 1556 3322 1625 fraudulentia,
3356 1557 3448 1613 ho-

1873 1642 2316 1703 minibns'futura
2346 1647 2672 1716 coniectant.
2705 1647 2821 1702 Duo
2859 1655 3039 1703 autem
3085 1656 3210 1703 sunt
3245 1660 3446 1717 genera

1873 1738 2243 1805 divinationis,
2277 1753 2366 1793 ars
2409 1747 2465 1793 et
2510 1738 2705 1801 mrorr
2722 1730 3096 1795 incantatores
3144 1751 3273 1794 vero
3316 1737 3447 1794 dicti

192 1826 414 1890 stultus,
443 1826 497 1880 in
521 1825 840 1896 (egritudine
869 1827 1085 1883 assidua
1122 1826 1389 1883 laborabit
1418 1842 1433 1883 :
1465 1837 1519 1884 et
1544 1828 1597 1883 in
1620 1828 1775 1883 αεσεὶ-
1806 1812 1853 1871 Ι)
1877 1835 2025 1892 sunt,
2058 1827 2152 1898 qui
2181 1836 2352 1882 artem
2382 1827 2563 1883 verbis
2590 1836 2870 1898 peragunt.
2892 1828 3062 1883 Arioli
3098 1828 3273 1885 vocati
3296 1837 3441 1894 sunt,

194 1924 306 1971 tate
335 1915 494 1970 noxia
518 1916 715 1971 stultus
736 1925 792 1971 et
814 1916 1035 1972 demens
1058 1918 1392 1987 permanebit
1418 1933 1433 1970 :
1463 1934 1527 1973 ac
1552 1918 1775 1988 proinde

191 2008 373 2062 omnis
399 2007 677 2077 inquisitio
726 2014 783 2062 et
822 2007 1002 2063 omnis
1041 2008 1271 2073 curatio,
1297 2023 1417 2078 quae
1441 2024 1471 2062 a
1504 2008 1697 2063 divinis
1720 2017 1777 2062 et

192 2097 391 2168 magis,
421 2097 507 2150 vel
555 2097 625 2152 ab
659 2096 793 2168 ipsis
840 2096 1120 2152 damoniis
1166 2097 1223 2151 in
1265 2095 1527 2167 idolorum
1566 2096 1773 2151 cultura

190 2187 490 2259 expetitur,
540 2202 687 2243 mors
733 2186 916 2257 potius
954 2187 1182 2242 dicenda
1213 2194 1315 2251 est,
1345 2202 1507 2256 quam
1532 2186 1644 2241 vita
1676 2204 1690 2239 :
1722 2196 1777 2241 ct

190 2278 287 2347 qui
316 2292 381 2333 ea
415 2284 712 2341 sectantur,
745 2276 791 2331 si
815 2290 876 2331 se
900 2288 1007 2331 non
1049 2276 1404 2339 correxerint,
1427 2274 1495 2329 ad
1516 2282 1772 2330 :eternam

190 2367 552 2438 perditionem
594 2366 821 2422 tendunt
861 2383 875 2420 :
915 2365 1170 2436 quoniam
1204 2364 1487 2422 Psalmista
1512 2366 1724 2421 dicente
1755 2384 1768 2419 :

201 2477 219 2509 ι
264 2456 468 2513 Omnes
494 2456 565 2511 dii
600 2456 843 2528 gentium
890 2466 1017 2529 sunt
1067 2455 1330 2511 dmmonia
1366 2452 1537 2528 (Ρεαι.
1566 2455 1712 2525 xcv),
1747 2475 1767 2508 ι

190 2548 286 2620 qui
336 2556 619 2618 perceptos
663 2547 910 2603 homines
952 2546 1087 2604 alios
1126 2548 1377 2617 decipere
1406 2548 1645 2617 quotidie
1675 2561 1770 2618 ge-

192 2643 384 2707 stiunt,
408 2650 468 2696 ut
493 2642 810 2713 perditionis
832 2656 945 2697 sua:
966 2640 1172 2696 faciant
1197 2656 1293 2698 eos
1315 2656 1435 2697 esse
1459 2642 1768 2713 participes.

189 2728 378 2801 Itaque
404 2733 520 2787 hzec
548 2732 762 2787 vanitas
790 2732 1117 2802 magicamm
1139 2732 1359 2799 artium,
1386 2746 1455 2787 ex
1486 2734 1771 2789 traditione

193 2820 511 2891 angelorum
541 2820 804 2875 malorum
828 2821 883 2876 in
911 2830 1023 2877 toto
1048 2830 1315 2878 terrarum
1353 2824 1485 2879 orbe
1528 2823 1771 2894 plurimis

191 2910 406 2967 saeculis
430 2911 618 2978 valuit,
644 2927 741 2981 per
765 2913 1051 2981 quamdam
1086 2912 1366 2967 scientiam
1391 2913 1694 2968 futurorum
1716 2922 1770 2967 et

195 3000 552 3067 infernorum,
582 3011 637 3056 et
668 3016 766 3072 per
792 3002 1127 3057 inventiones
1169 3016 1354 3056 eorum
1404 3002 1620 3055 inventa
1646 3010 1771 3056 sunt

191 3094 487 3165 aruspicis,
524 3095 929 3165 augurationes,
977 3105 1034 3149 et
1078 3095 1193 3165 ipsa
1224 3110 1343 3164 quae
1371 3095 1625 3150 dicuntur
1647 3110 1770 3149 ora-

192 3184 335 3249 cula,
375 3193 430 3239 et
478 3186 845 3241 necromantia
895 3204 908 3217 ’

191 3275 482 3347 pnestigiis
511 3291 528 3327 :
560 3291 790 3347 quorum
812 3278 1079 3332 intantum
1105 3276 1357 3347 prodiere
1381 3276 1767 3332 maleﬁciorum

192 3374 363 3430 artes,
393 3375 452 3419 ut
492 3366 658 3433 etiam
700 3365 869 3436 Moysi
911 3365 1201 3420 simillimis
1234 3365 1403 3436 signis
1432 3367 1768 3432 resisterent,

193 3462 465 3510 vertentes
503 3455 684 3524 virgas
724 3455 782 3509 in
825 3455 1117 3520 dracones,
1153 3468 1322 3524 aquas
1350 3455 1403 3508 in
1433 3456 1769 3525 sanguinem.

193 3544 390 3603 Fertur
423 3545 587 3600 etiam
618 3544 672 3599 in
694 3544 972 3615 gentilium
994 3543 1164 3611 libris,
1184 3545 1327 3614 quod
1349 3546 1592 3614 quaedam
1619 3561 1774 3617 maga

193 3634 556 3691 famosissima
588 3635 766 3690 socios
798 3633 1004 3705 Ulyssis
1029 3634 1321 3689 mutaverit
1349 3635 1402 3688 in
1429 3634 1649 3690 bestias.
1675 3634 1777 3689 Le-

194 3726 340 3797 gitur
367 3736 422 3781 et
447 3727 514 3782 de
551 3726 839 3790 sacrificio,
868 3726 1011 3794 quod
1046 3724 1289 3780 Arcades
1329 3725 1440 3779 Deo
1474 3740 1572 3780 suo
1598 3726 1776 3797 Lycco

200 3815 575 3870 immolabant.
602 3816 680 3869 Ex
711 3830 817 3884 quo
846 3815 1151 3884 quicunque
1178 3815 1553 3879 sumerent,in
1574 3816 1775 3870 bestia-

196 3922 318 3964 rum
352 3906 554 3961 formas
575 3906 1048 3961 convertebantur.
1076 3903 1183 3962 Sed
1207 3905 1322 3960 hate
1343 3904 1525 3960 omnia
1549 3905 1777 3977 magicis

194 3994 495 4065 praestigiis
519 3994 699 4064 potius
733 3993 1095 4064 fingebantur,
1134 4007 1296 4062 quam
1339 4007 1521 4048 rerum
1549 3995 1775 4049 veritate

192 4083 620 4155 complebantur.
648 4081 722 4138 Ut
746 4096 874 4152 ergo
898 4082 999 4153 ipsi
1024 4096 1238 4136 errores
1262 4080 1635 4153 ignorantibus
1664 4098 1774 4138 ma-

193 4175 378 4231 nifeSti
411 4174 560 4240 ﬁant,
591 4174 657 4230 de
698 4189 891 4232 eorum
920 4173 1252 4244 proprietate
1275 4182 1437 4242 atque
1478 4174 1770 4231 inventori-

190 4268 311 4332 bus.
332 4266 486 4335 juxta
518 4266 862 4321 traditionem
884 4265 1146 4336 majorum
1174 4266 1409 4333 primum
1438 4264 1617 4321 dicere
1644 4281 1772 4321 con-

190 4373 388 4430 gruum
419 4358 766 4411 arbitramur.
790 4355 926 4426 Magi
948 4363 1093 4421 sunt,
1126 4355 1219 4424 qui
1263 4355 1420 4426 vulgo
1446 4355 1676 4412 maleﬁci
1701 4357 1771 4411 ob

189 4451 497 4506 facinorum
526 4450 951 4521 magnitudinem
978 4456 1389 4518 nuncupantur.
1408 4448 1473 4504 ili
1497 4449 1766 4518 permissu

190 4540 288 4595 Dei
321 4540 587 4593 elementa
615 4510 951 4603 concutiunt,
993 4538 1216 4594 turbant
1240 4548 1447 4593 mentes
1489 4539 1767 4595 hominum
1795 4510 1847 4571 D

189 4631 374 4684 minus
404 4628 456 4682 in
489 4629 597 4686 Deo
621 4628 1025 4694 conlidentium,
1053 4644 1117 4683 ac
1138 4629 1255 4683 sine
1274 4628 1383 4683 ullo
1411 4629 1604 4684 veneni
1634 4632 1767 4684 hau-

190 4727 280 4773 stu
320 4717 575 4773 violentia
609 4725 819 4772 tantum
887 4718 1103 4785 carnis,
1148 4718 1483 4774 interimunt.
1532 4717 1682 4776 Unde
1715 4730 1773 4776 et

190 4813 447 4869 Lucanus
479 4831 493 4867 :

386 4922 523 4986 Meus
540 4922 701 4972 hausti
722 4922 849 4972 nulla
872 4926 1011 4974 sanie
1036 4923 1217 4986 polluta
1239 4926 1439 4986 veneni,

443 4983 686 5032 incantata
707 4987 851 5047 perit.

194 5085 543 5143 Demonibus
574 5086 717 5141 enim
748 5086 958 5151 accitis,
993 5085 1192 5141 audent
1217 5086 1500 5150 ventilare,
1532 5094 1594 5141 ut
1616 5086 1765 5157 quis-

195 5188 306 5247 que
326 5191 455 5231 suos
490 5177 724 5246 perimat
754 5175 911 5230 malis
941 5176 1150 5231 artibus
1194 5176 1460 5231 inimicos.
1508 5174 1573 5229 Hi
1604 5178 1769 5231 etiam

197 5267 461 5337 sanguine
498 5274 739 5330 utuntur,
779 5273 834 5319 et
862 5266 1094 5333 victimis
1133 5282 1274 5335 saepe
1302 5267 1619 5337 contingunt
1657 5283 1771 5323 cor-

195 5372 333 5428 pora
361 5365 714 5411 mortuorum.
756 5355 1151 5411 Necromantici
1190 5365 1338 5421 sunt,
1366 5372 1592 5425 quorum
1628 5374 1768 5429 pra:-

198 5446 597 5513 cantatidmbus
616 5448 869 5502 videntur
896 5447 1208 5502 resuscitari
1230 5448 1424 5502 mortui
1454 5465 1468 5502 :
1506 5449 1771 5515 divinare,

198 5548 255 5594 et
283 5538 352 5593 ad
397 5539 731 5608 interrogata
785 5537 1128 5605 respondere,
1168 5539 1352 5613 νεκρὸς
1397 5538 1539 5592 enim
1586 5536 1774 5595 Grazce

200 5637 446 5686 mortuus
480 5648 493 5684 :
526 5633 736 5701 μαντεία
791 5629 1049 5684 divinatio
1089 5638 1476 5699 nuncupatur:
1520 5630 1591 5686 ad
1638 5646 1775 5702 quos

200 5725 567 5791 suscitandos,
589 5726 835 5779 cadaveri
859 5724 1079 5795 sanguis
1120 5723 1391 5794 adjicitur.
1426 5723 1559 5779 Nam
1591 5741 1775 5783 amare

523 5816 795 5876 Parant.
840 5814 968 5878 CX.

1878 1925 2097 1985 propter
2122 1916 2263 1985 quod
2306 1916 2451 1971 circa
2493 1930 2619 1969 aras
2656 1915 2919 1971 idolorum
2965 1915 3199 1971 nefarias
3257 1928 3448 1987 preces

1874 2007 2146 2071 emittunt,
2172 2015 2226 2060 et
2250 2004 2461 2060 funesta
2487 2006 2751 2061 sacrificia
2790 2005 3023 2063 offerunt
3052 2024 3066 2061 :
3093 2007 3283 2077 bisque
3309 2007 3447 2063 cele-

1874 2097 2183 2163 britatibus,
2212 2097 2511 2152 daemonum
2555 2113 2809 2169 responsa
2846 2098 3130 2170 accipiunt.
3154 2098 3444 2170 Aruspices

1876 2188 2186 2257 nnncupati,
2219 2187 2373 2258 quasi
2429 2188 2683 2244 horarum
2734 2188 3089 2259 inspectores.
3133 2189 3257 2247 Dies
3298 2190 3443 2259 enim

1872 2287 1928 2331 et
1957 2279 2117 2333 horas
2142 2278 2198 2333 in
2224 2279 2446 2350 agendis
2471 2279 2701 2351 negotiis
2719 2280 3077 2352 operibusque
3100 2284 3442 2339 custodiunt:

1874 2379 1930 2426 et
1958 2370 2086 2441 quid
2111 2386 2209 2441 per
2236 2371 2444 2441 singula
2470 2380 2709 2443 tempora
2732 2374 3019 2429 observare
3041 2374 3234 2431 debeat
3262 2376 3443 2441 homo,

1873 2461 2183 2517 intendunt.
2210 2459 2275 2517 Hi
2310 2462 2474 2517 etiam
2518 2472 2641 2518 exta
2670 2463 2932 2534 pecudum
2963 2464 3273 2535 inspiciunt,
3299 2477 3353 2521 et
3377 2482 3445 2523 ex

1871 2552 1954 2609 eis
2005 2551 2186 2607 futura
2230 2554 2547 2622 praedicunt.
2592 2553 2839 2625 Augures
2878 2563 3038 2619 sunt,
3095 2554 3186 2625 qui
3236 2556 3447 2611 volatus

1872 2645 2052 2699 avium
2077 2652 2134 2700 et
2152 2637 2316 2700 voces
2342 2643 2647 2710 intendunt,
2692 2643 2903 2714 aliaque
2947 2644 3098 2716 signa
3138 2659 3317 2700 rerum
3362 2646 3444 2701 vel

1871 2735 2281 2791 observationes
2332 2734 2671 2805 improvisae,
2717 2733 3023 2790 hominibus
3072 2742 3443 2800 occurrentes,

1873 2824 2068 2880 ferunt.
2109 2824 2246 2880 Sunt
2269 2826 2429 2880 etiam
2463 2832 2518 2879 et
2560 2824 2824 2894 auspices.
2858 2822 2991 2878 Nam
3026 2824 3264 2895 auspicia
3291 2833 3439 2890 sunt,

1872 2931 1993 2987 qua!
2022 2917 2131 2971 iter
2158 2916 2423 2971 facientes
2448 2915 2762 2970 observant.
2798 2913 2951 2969 Dicta
2990 2923 3115 2969 sunt
3147 2923 3327 2970 autem
3353 2932 3445 2971 au-

1873 3008 2062 3076 spicia,
2095 3008 2248 3078 quasi
2277 3008 2455 3061 avium
2483 3005 2702 3076 aspicia.
2730 3004 2801 3059 Et
2824 3004 3061 3075 auguria,
3089 3006 3241 3075 quasi
3265 3007 3444 3061 avium

1874 3098 2074 3165 gurria,
2103 3097 2205 3151 hoc
2232 3105 2340 3161 est,
2368 3096 2547 3150 avium
2590 3108 2747 3149 voces
2772 3103 2827 3149 ct
2854 3094 3078 3164 linguas.
3107 3093 3239 3150 Item
3272 3110 3443 3165 augu-

964 3202 1066 3241 nec
1107 3186 1325 3251 mirum,
1382 3186 1449 3241 de
1490 3201 1770 3256 magorum
1799 3164 1843 3225 (ἶ
1874 3188 2035 3253 rium,
2066 3188 2221 3257 quasi
2248 3188 2567 3258 avigerium,
2596 3186 2738 3254 quod
2764 3200 2890 3239 aves
2925 3192 3136 3255 gemat.
3170 3185 3286 3240 Duo
3315 3196 3439 3241 sunt

1871 3287 2050 3333 autem
2073 3293 2271 3349 genera
2288 3279 2675 3349 auspiciorum,
2701 3292 2863 3331 unum
2890 3277 2955 3331 ad
2979 3276 3184 3342 oculos,
3207 3278 3435 3332 alterum

1872 3369 1939 3423 ad
1970 3382 2128 3424 aures
2172 3368 2448 3437 pertinens
2484 3387 2495 3421 :
2532 3368 2598 3421 ad
2639 3366 2828 3421 oculos
2872 3365 3075 3421 scilicet
3115 3366 3342 3430 volatus,
3374 3368 3439 3421 ait

1874 3480 2034 3519 aures
2060 3479 2157 3519 vox
2189 3468 2385 3519 avium.
2412 3462 2680 3533 Pythones
2715 3478 2744 3516 a
2778 3460 2974 3532 Pythio
3001 3460 3243 3531 Apolline
3283 3460 3433 3524 dicti,

1875 3556 2016 3625 quod
2047 3555 2094 3610 is
2117 3564 2304 3609 auctor
2350 3554 2514 3608 fuerit
2541 3552 2835 3607 divinandi.
2878 3551 3146 3621 Astrologi
3190 3552 3341 3618 dicti,
3371 3566 3437 3607 eo

1875 3646 2021 3715 quod
2067 3645 2121 3698 in
2174 3644 2336 3698 astris
2401 3650 2752 3713 augurantur.
2802 3639 3133 3698 Genethliaci
3187 3640 3441 3712 appellati

1875 3744 2019 3800 sunt,
2050 3744 2267 3804 propter
2289 3734 2548 3788 natalium
2587 3731 3043 3788 eonsiderationes
3071 3732 3299 3787 dierum.
3329 3731 3437 3789 Ge-

1876 3840 2036 3881 neses
2060 3826 2204 3879 enim
2233 3823 2510 3879 hominum
2541 3837 2635 3892 per
2672 3822 2953 3878 duodecim
2985 3822 3109 3878 cteli
3147 3823 3299 3893 signa
3341 3823 3439 3879 de-

1875 3918 2149 3981 scrbunt,
2208 3915 2552 3984 siderumque
2601 3928 2799 3980 cursu,
2848 3914 3183 3970 nascentium
3240 3930 3437 3981 mores,

1874 4015 2028 4060 actus
2054 4013 2109 4059 et
2150 4014 2343 4059 eventa
2381 4004 2679 4073 praedicare
2732 4012 3016 4069 conantur,
3073 4004 3126 4059 id
3165 4014 3267 4070 est,
3320 4005 3442 4076 quis

1872 4098 2017 4169 quali
2046 4099 2202 4169 signo
2230 4095 2393 4151 fuerit
2420 4105 2600 4160 natus,
2629 4104 2723 4149 aut
2758 4109 2917 4165 quem
2940 4092 3206 4150 effectum
3244 4095 3441 4150 habeat

1870 4190 1997 4245 vita:
2017 4189 2107 4259 qui
2144 4188 2406 4243 nascitur.
2459 4184 2523 4240 Hi
2578 4193 2704 4239 sunt
2751 4185 2841 4255 qui
2877 4184 3037 4257 vulgo
3081 4183 3439 4241 Mathematici

1871 4291 2149 4335 vocantur.
2174 4276 2338 4346 Cujus
2364 4273 2763 4345 superstitionis
2784 4289 2971 4344 genus,
2998 4273 3440 4330 constellationes

1867 4370 2046 4426 Latini
2076 4379 2292 4432 vocant,
2324 4368 2377 4422 id
2410 4378 2513 4430 est,
2555 4364 2862 4419 notationes
2897 4362 3133 4419 siderum
3171 4366 3442 4435 quomodo

1872 4478 1930 4517 se
1953 4462 2202 4525 habeant,
2232 4474 2353 4514 cum
2378 4458 2502 4527 quis
2530 4457 2787 4511 nascitur.
2818 4454 3056 4509 Primum
3078 4465 3257 4511 autem
3279 4456 3440 4511 iidem

1873 4552 2150 4611 stellarum
2194 4553 2534 4621 interpretes,
2573 4548 2710 4618 magi
2753 4555 3131 4615 nuneupantur
3164 4564 3177 4600 :
3209 4548 3348 4602 sicut
3375 4548 3443 4604 de

1872 4646 1959 4702 his
1996 4646 2209 4715 legitur,
2242 4644 2332 4713 qui
2377 4642 2434 4697 in
2480 4639 2768 4711 Evangelio
2812 4645 2993 4695 natum
3031 4637 3303 4699 Christum
3344 4654 3441 4693 an-

1873 4738 2277 4793 nuntiaverunt.
2311 4734 2505 4791 Postea
2543 4733 2646 4788 hoc
2684 4732 2900 4787 nomine
2944 4731 3041 4785 scli
3078 4730 3440 4786 Mathematici

1872 4828 2003 4883 dicti
2044 4835 2207 4882 sunt:
2238 4825 2392 4895 cujus
2425 4826 2557 4879 artis
2591 4823 2814 4879 scientia
2865 4835 3033 4891 usque
3074 4824 3141 4876 ad
3190 4822 3434 4893 Evange—

1874 4918 2005 4973 lium
2037 4918 2138 4973 fuit
2182 4931 2459 4981 concessa,
2490 4925 2569 4981 ut,
2600 4914 2816 4969 Christo
2849 4913 3012 4977 edito,
3045 4928 3203 4968 nemo
3241 4912 3439 4970 exinde

1875 5010 2210 5065 nativitatem
2252 5008 2476 5077 alicujus
2502 5007 2569 5063 de
2608 5006 2747 5063 ctelo
2774 5006 3234 5074 interpretaretur.
3270 5004 3441 5061 Horo—

1876 5100 2024 5169 seopi
2064 5100 2215 5164 dicti,
2258 5098 2401 5169 quod
2454 5099 2617 5153 horas
2658 5094 2957 5151 nativitatis
2996 5096 3270 5150 hominum
3315 5110 3437 5166 spe-

1876 5190 2207 5253 cularentur,
2238 5187 2485 5244 dissimili
2506 5197 2564 5243 et
2583 5188 2795 5243 diverso
2833 5185 2959 5241 fato.
2998 5184 3250 5257 Sortilegi
3290 5198 3438 5253 sunt,

1876 5281 1968 5350 qui
1997 5296 2095 5336 suo
2119 5281 2354 5344 nomine,
2386 5279 2527 5335 lictzn
2569 5279 2846 5349 religionis
2879 5294 2975 5350 per
3016 5278 3275 5347 quasdam
3304 5274 3441 5348 quas

1877 5377 2185 5425 sanctorum
2213 5380 2385 5424 sortes
2404 5377 2619 5435 vocant,
2644 5369 2987 5424 divinationis
3015 5367 3291 5424 scientiam
3316 5364 3442 5438 pro.

1875 5460 2118 5526 fitentur,
2149 5468 2243 5515 aut
2286 5474 2731 5529 quarumcunqne
2772 5460 3161 5528 scripturarum
3198 5458 3440 5515 scientia:

1877 5548 2227 5617 inspectione,
2272 5549 2453 5605 futura
2510 5549 2847 5621 promittunt.
2902 5548 3224 5604 Salisatores
3263 5551 3439 5608 vocali

1877 5647 2021 5703 sunt,
2046 5640 2172 5709 quia
2206 5640 2331 5695 dum
2381 5641 2462 5697 eis
2505 5641 2869 5695 membrorum
2922 5654 3254 5710 quacunque
3284 5636 3437 5697 salie-

1880 5730 2008 5796 rint,
2041 5730 2241 5799 aliquid
2263 5731 2363 5787 sibi
2394 5731 2589 5787 exinde
2617 5746 2932 5802 prosperum
2970 5746 3068 5786 seu
3102 5731 3258 5787 triste
3280 5730 3437 5799 signi-

2896 5826 3009 5885 .33
