3924 6360
414 310 549 366 14199

1045 308 1106 363 Β.
1151 309 1404 364 ιιΑΒΑΝι
1446 307 1662 364 MAUill
1703 304 2022 361 ARClllEl‘.
2067 301 2377 358 MOGUNT.
2421 301 2704 358 OPERIJM
2747 289 2924 357 PARS
2966 304 3026 360 ll.

3557 303 3573 355 t
3595 299 3687 356 :aa

416 429 564 483 ficari
591 426 910 499 praedicunt.
934 425 1014 482 Ad
1033 426 1151 483 haec
1170 427 1349 482 omnia
1379 425 1648 496 pertinent
1675 432 1729 477 et
1750 423 1994 494 ligaturm
2027 420 2069 479 Λ
2100 417 2168 472 ad
2200 417 2523 488 colloquium
2571 417 2698 472 Saul
2749 419 3051 489 impiissimi
3097 421 3258 488 regis,
3297 419 3344 474 si
3400 420 3688 491 pythunica

410 518 820 574 t-xseerabilium
848 519 1232 583 remediorum,
1253 533 1348 572 seu
1375 518 1428 572 in
1456 513 1990 587 prmcantationibus,

410 624 503 664 seu
545 608 598 663 in
647 607 1073 670 characteribus,
1122 607 1206 663 vel
1267 607 1321 662 in
1373 607 1783 677 quibuscunque
1832 603 1993 658 rebus

410 697 808 768 suspendeudis
836 706 999 768 atque
1027 697 1280 768 ligandis,
1312 698 1364 752 in
1395 697 1591 767 quibus
1623 695 1877 750 omnibus
1905 709 1996 748 ars

411 790 716 845 d.emonum
753 797 836 844 est
866 804 935 843 ex
971 789 1204 860 quadam
1232 787 1486 860 pestifera
1526 786 1790 842 societate
1819 784 1994 840 homi-

413 887 630 944 uum,et
653 877 968 947 angelorum
998 878 1260 933 malorum
1287 886 1497 933 exorta.
1519 876 1674 933 Unde
1694 886 1890 930 cuncta
1919 875 1998 927 vi—

415 969 574 1022 tanda
604 976 728 1021 sunt
755 966 1087 1032 Christiano,
1121 977 1176 1020 et
1200 968 1345 1020 omni
1375 967 1590 1036 penitus
1620 964 1994 1019 exsecratione

415 1057 742 1128 repudianda
779 1065 939 1126 atque
976 1057 1297 1111 damnanda.
1342 1055 1579 1123 Auguria
1607 1062 1788 1108 autem
1815 1052 1995 1106 avium

415 1149 658 1218 Phryges
688 1147 844 1216 primi
875 1147 1218 1211 invenerunt,
1254 1145 1582 1215 prmstigium
1616 1159 1746 1198 vero
1789 1141 1997 1196 Merca-

417 1238 526 1293 rius
549 1237 757 1306 primus
786 1236 983 1291 dicitur
1015 1236 1300 1290 invenisse.
1329 1234 1539 1289 Dictum
1569 1244 1748 1288 autem
1782 1233 1998 1304 praesti-

414 1330 580 1399 gium,
631 1328 775 1397 quod
822 1328 1165 1398 prmstringat
1213 1327 1383 1381 aciem
1434 1325 1733 1380 oculorum.
1767 1323 1996 1392 Aruspi-

414 1421 548 1473 cina:
602 1427 776 1474 artem
825 1418 1034 1489 primus
1081 1416 1378 1473 lletruscus
1429 1414 1716 1469 tradidisse
1754 1414 1997 1468 dicitur:

415 1512 636 1581 quidam
671 1511 928 1581 Phryges.
960 1509 1059 1564 llic
1091 1525 1154 1564 ex
1183 1508 1332 1563 horis
1359 1506 1721 1576 aruspicinam
1755 1505 1999 1569 dictavit,

414 1611 468 1655 et
504 1611 686 1672 postea
715 1617 819 1655 non
842 1601 1110 1671 apparuit.
1145 1598 1280 1653 Nam
1301 1597 1498 1652 dicitur
1525 1596 1786 1661 fabulose,
1815 1605 2004 1651 araute

416 1693 657 1767 quodam,
686 1693 890 1746 rustico
919 1693 1096 1746 subito
1124 1691 1287 1758 hunc}
1308 1707 1372 1745 cx
1412 1689 1582 1760 glebis
1613 1689 1914 1751 exsiluisse,
1949 1696 2006 1742 et

2097 510 2357 564 divinatio
2385 509 2556 563 errori
2607 511 2830 578 magiae
2858 511 2992 565 artis
3022 512 3331 582 deputanda
3360 512 3454 565 sit.
3486 510 3693 577 Quibus

2097 601 2170 654 ita
2209 601 2542 670 responderi
2595 610 2805 669 potest,
2866 601 3145 670 indignum
3204 604 3426 658 omnino
3481 602 3692 658 facinus

2096 707 2238 755 esse,
2267 691 2309 746 si
2345 692 2642 746 secundum
2681 692 2844 746 verba
2890 693 3149 758 historiae,
3195 692 3572 748 commodetur
3608 709 3697 748 as-

2098 797 2308 837 sensus.
2341 782 2621 849 Quomodo
2653 784 2796 837 enim
2831 782 2946 838 fieri
2983 792 3218 853 poterat,
3251 794 3312 839 ut
3337 795 3456 840 arte
3484 786 3691 857 magica

2100 875 2466 928 attraheretur
2513 874 2617 940 vir,
2648 883 2701 928 et
2733 876 3016 930 nativitate
3043 886 3287 948 sanctus,
3317 884 3373 932 et
3414 878 3539 931 vita:
3573 893 3695 945 ope-

2099 964 2250 1018 ribus
2273 963 2485 1035 justus?
2510 964 2619 1019 Aut
2660 966 2702 1018 si
2747 982 2853 1019 non
2885 974 3152 1022 attractus
3207 977 3309 1032 est,
3365 970 3690 1024 consensit:

2099 1057 2242 1124 quod
2263 1067 2551 1128 utrumque
2579 1058 2644 1113 de
2677 1058 2795 1112 viro
2814 1059 2961 1128 justo
3014 1059 3237 1114 credere
3266 1060 3558 1114 adversum
3590 1070 3694 1115 est.

2103 1146 2158 1200 Si
2185 1146 2327 1199 enim
2357 1147 2558 1200 invitus
2587 1147 2852 1202 adductus
2880 1156 2984 1212 est,
3018 1148 3223 1202 nullum
3255 1149 3574 1220 suffragium
3603 1151 3696 1204 ha-

2101 1235 2445 1302 betjustitia.
2496 1235 2552 1290 Si
2593 1245 2772 1292 autem
2811 1237 3172 1303 voluntarius,
3206 1239 3391 1294 amisit
3440 1239 3694 1293 meritum

2101 1327 2380 1396 spiritalis,
2455 1343 2613 1398 quem
2637 1328 2848 1398 positus
2875 1328 2928 1382 in
2956 1344 3139 1394 carne,
3165 1330 3485 1398 quaesiverat
3516 1347 3530 1383 :
3555 1333 3696 1400 quod

2102 1417 2256 1472 valde
2289 1416 2580 1473 absurdum
2612 1426 2694 1472 est
2728 1436 2742 1472 :
2779 1418 2904 1487 quia
2933 1418 3062 1472 hinc
3108 1419 3199 1488 qui
3241 1419 3426 1489 justus
3469 1421 3694 1485 recedit,

2101 1515 2386 1577 permanet
2407 1507 2605 1578 justus.
2639 1508 2808 1563 Porro
2844 1517 3023 1563 autem
3080 1510 3184 1564 hoc
3228 1519 3314 1564 est
3359 1512 3696 1581 przestigium

2105 1598 2340 1664 Satanae,
2393 1613 2500 1668 quo
2549 1607 2608 1652 ut
2657 1599 2917 1668 plurimos
2962 1599 3144 1664 fallat,
3199 1602 3367 1656 etiam
3417 1602 3592 1657 bonos
3645 1604 3696 1656 iu

2105 1696 2372 1759 potestate
2397 1704 2457 1744 se
2490 1683 2690 1745 habere
2726 1689 2984 1760 confingit
3017 1709 3032 1745 :
3070 1690 3212 1761 quod
3240 1691 3536 1760 Apostolus
3561 1693 3699 1747 inter

417 1783 780 1853 aruspicinam
825 1783 1083 1846 dictasse,
1122 1797 1227 1852 qua
1257 1782 1343 1836 die
1371 1790 1425 1836 et
1455 1789 1698 1835 mortuus
1727 1787 1825 1835 est.
1861 1778 2006 1846 Quos
2035 1781 2082 1839 B
2110 1785 2304 1833 caetera
2335 1777 2570 1832 ostendit
2595 1777 2782 1832 dicens
2819 1796 2831 1831 :
2879 1796 2897 1830 ι
2935 1779 3051 1849 Ipse
3082 1778 3312 1835 Satanas
3352 1781 3700 1853 transfigurat

419 1873 585 1928 libros
611 1872 840 1927 Romani
871 1889 933 1926 ex
964 1872 1227 1928 Hetrusca
1271 1871 1472 1942 lingua,
1499 1871 1552 1924 in
1581 1870 1853 1940 propriam
1880 1885 2002 1923 mu-

419 1970 683 2017 taverunt.
719 1960 814 2015 llis
837 1976 965 2032 ergo
988 1962 1252 2030 portentis
1279 1976 1374 2029 per
1403 1962 1706 2014 daemonum
1739 1958 2004 2012 fallaciam

420 2051 662 2106 illuditur
695 2050 984 2105 curiositas
1012 2052 1271 2116 humana,
1301 2051 1518 2118 quando
1567 2050 1619 2103 id
1668 2049 2006 2117 impudenter

419 2149 678 2212 appetunt
720 2143 882 2207 scire,
914 2144 1058 2210 quod
1090 2143 1236 2196 nulla
1271 2144 1482 2197 ratione
1523 2142 1604 2197 eis
1635 2141 1890 2211 competit
1921 2142 2004 2194 in-

422 2238 687 2308 vestigare
717 2253 730 2289 :
767 2251 831 2290 ac
861 2236 982 2290 ideo
1009 2237 1169 2291 datur
1206 2246 1449 2306 potestas
1480 2234 1771 2290 immundis
1800 2234 2006 2304 spiriti-

422 2326 543 2389 bus,
571 2334 632 2397 ut
656 2339 754 2394 per
782 2340 910 2380 vasa
943 2325 1046 2379 sibi
1076 2334 1222 2395 apta,
1254 2326 1357 2380 hoc
1392 2333 1475 2380 est
1516 2339 1711 2394 pravos
1739 2323 2005 2389 homines,

423 2417 686 2471 seducunt
731 2415 873 2482 illos,
912 2417 1003 2486 qui
1053 2425 1318 2485 spernunt
1350 2417 1654 2479 veritatem,
1686 2425 1740 2470 et
1784 2415 2010 2470 credunt

423 2506 703 2562 mendacio
734 2523 748 2559 :
775 2514 831 2561 et
877 2505 1030 2574 juxta
1081 2506 1233 2561 Pauli
1285 2507 1608 2562 sententiam
1637 2505 1720 2578 (II
1751 2504 1884 2559 Tim.
1919 2521 2005 2570 tv;

428 2597 484 2651 Η
519 2596 652 2651 Tim.
687 2595 810 2668 tu):
847 2616 865 2648 ι
904 2597 1104 2652 Sanam
1141 2598 1442 2653 doctrinam
1495 2613 1600 2652 non
1647 2597 2007 2661 sustinebunt,

429 2708 447 2740 ε
495 2689 586 2741 scd
624 2689 690 2741 ad
721 2703 819 2757 sua
851 2688 1118 2742 desideria
1153 2688 1550 2743 coaccrvabuut
1592 2687 1692 2742 sibi
1726 2686 2012 2756 magistros

433 2798 451 2830 ι
492 2777 798 2848 prurientes
829 2778 1048 2833 auribus
1084 2797 1096 2830 :
1135 2787 1190 2833 et
1215 2794 1243 2831 a
1276 2779 1500 2832 veritate
1528 2778 1743 2846 quidem
1773 2779 2010 2831 auditum

431 2889 450 2918 ι
496 2876 764 2933 avertent,
797 2868 865 2922 ad
903 2867 1110 2923 fabulas
1138 2879 1318 2924 autem
1349 2876 1757 2923 convertentur.
1789 2867 2010 2923 Onerati

434 2975 453 3007 ι
500 2957 739 3026 peccatis
762 2957 1032 3011 ducuntur
1049 2959 1212 3013 variis
1240 2958 1546 3022 desideriis,
1571 2973 1784 3028 semper
1805 2958 2015 3012 disceu-

434 3069 453 3101 ς
498 3059 598 3114 tes,
631 3057 684 3102 et
715 3065 987 3118 nunquam
1009 3050 1077 3104 ad
1105 3050 1388 3105 scientiam
1421 3050 1668 3104 veritatis
1695 3048 2009 3120 pervenien-

2107 1884 2165 1923 se
2192 1869 2246 1923 in
2277 1868 2526 1938 angelum
2551 1869 2687 1925 lucis
2715 1869 2798 1941 (11
2824 1869 2946 1925 Cor.
2987 1871 3086 1944 xi).
3127 1892 3144 1924 ι
3179 1872 3251 1928 Ut
3279 1875 3424 1928 enim
3457 1890 3696 1932 errorem

2109 1960 2312 2017 faceret
2339 1961 2392 2015 in
2420 1976 2527 2032 quo
2549 1961 2976 2032 gloriaretur,‘in
3008 1963 3194 2018 habitu
3229 1963 3328 2018 viri
3354 1964 3490 2033 justi
3523 1975 3578 2021 et
3603 1982 3698 2020 no-

2107 2053 2253 2108 mine
2283 2068 2340 2107 se
2367 2053 2682 2109 subornavit
2711 2071 2723 2106 :
2750 2044 2968 2108 ut‘uihil
2986 2053 3250 2123 proficere
3275 2055 3514 2124 speciem
3540 2071 3696 2125 quam

2109 2143 2494 2214 praidicabant,
2556 2144 2650 2198 Dei
2710 2143 3012 2198 cultoribus
3068 2145 3422 2210 mentiretur,
3481 2147 3697 2216 quando

2108 2233 2235 2289 hinc
2282 2241 2563 2298 exeuntes,
2583 2231 2762 2302 justos
2803 2233 2956 2292 finxit
2991 2234 3044 2288 in
3091 2250 3187 2289 sua
3239 2250 3360 2290 esse
3409 2245 3696 2306 potestate.

2111 2325 2217 2380 Sed
2248 2325 2350 2380 hoc
2375 2324 2639 2395 quosdam
2683 2323 2838 2388 fallit,
2873 2324 3017 2394 quod
3047 2325 3114 2381 de
3160 2334 3338 2381 morte
3367 2325 3501 2381 Saul
3525 2335 3581 2381 et
3608 2327 3700 2382 ﬁlii

2109 2415 2226 2484 ejus
2255 2425 2362 2468 non
2405 2415 2477 2469 sit
2524 2413 2807 2479 mentitus,
2861 2414 3016 2483 quasi
3060 2429 3316 2484 magnum
3365 2415 3439 2470 sit
3485 2415 3701 2473 diabolo

2114 2517 2244 2563 ante
2269 2522 2524 2563 occasum
2567 2513 2798 2562 mortem
2833 2507 3076 2577 corporis
3103 2507 3426 2577 praevidere,
3456 2523 3583 2564 cum
3631 2509 3701 2563 si-

2114 2615 2216 2670 gna
2247 2599 2493 2669 quaedam
2542 2597 2752 2652 soleant
2786 2611 3052 2667 apparere
3100 2597 3416 2652 morituris:
3450 2598 3648 2668 quippe
3673 2613 3705 2652 a

2113 2692 2310 2762 quibus
2342 2689 2436 2745 Dei
2469 2689 2740 2758 protectio
2779 2697 2959 2743 amota
3009 2689 3222 2744 videtur
3253 2709 3267 2744 ε
3302 2699 3508 2759 quanto
3537 2692 3706 2761 magis

2115 2778 2378 2844 diabolus,
2427 2792 2587 2848 quem
2620 2777 2862 2848 angelica
2908 2776 3190 2846 majestate
3245 2780 3532 2834 sublimem
3586 2795 3707 2850 pro-

2115 2869 2329 2940 phetica
2359 2867 2578 2924 oracula
2607 2867 2775 2923 fuisse
2807 2877 3075 2923 testantur
3106 2885 3119 2921 :
3155 2869 3221 2923 de
3255 2867 3410 2935 cujus
3439 2871 3708 2941 magnitu-

2117 2963 2242 3016 dine
2272 2961 2562 3032 Apostolus
2607 2962 2683 3015 ait
2716 2979 2727 3014 :
2767 2980 2784 3012 ι
2817 2960 2899 3014 An
2937 2961 3198 3032 ignoratis
3241 2960 3582 3016 altitudinem
3612 2959 3708 3015 Sa-

2118 3056 2292 3110 tauze?
2329 3074 2347 3107 ι
2389 3054 2574 3126 (Apoc.
2604 3053 2689 3125 ll.)
2715 3053 2870 3120 Quid
2905 3053 3103 3107 mirum
3144 3069 3298 3125 ergo,
3328 3054 3372 3107 si
3421 3053 3710 3108 imminen-

438 3159 455 3192 t
505 3151 603 3196 tes.
642 3161 661 3192 ι
699 3139 1161 3207 Quemadmodum
1206 3150 1386 3197 autem
1440 3141 1638 3196 Janues
1663 3150 1720 3195 et
1747 3141 2015 3195 Mamhres
2042 3130 2085 3191 C
2121 3155 2226 3201 tem
2259 3162 2425 3217 prope
2465 3155 2697 3201 mortem
2746 3147 2916 3214 potuit
2967 3145 3286 3216 praevidere,
3316 3161 3441 3201 cum
3488 3146 3592 3200 hoc
3641 3146 3712 3199 sit

435 3233 749 3287 restiterunt
783 3232 973 3302 Moysi,
1010 3233 1083 3287 ita
1127 3242 1182 3287 et
1217 3234 1304 3288 isti
1338 3234 1597 3289 resistunt
1631 3234 1842 3288 veritati
1875 3251 1888 3288 :
1918 3233 2017 3288 ho-

435 3324 608 3379 mines
636 3325 873 3394 corrupti
915 3331 1112 3389 mente,
1152 3326 1364 3395 reprobi
1413 3326 1558 3381 circa
1590 3324 1749 3380 fidem
1775 3344 1787 3378 :
1817 3327 1910 3380 sed
1942 3325 2020 3379 ul-

437 3422 520 3467 tra
551 3428 655 3466 non
679 3413 980 3481 proficient.
1009 3413 1317 3484 lnsipienlia
1345 3415 1489 3469 enim
1525 3429 1712 3470 eorum
1734 3414 2020 3471 manifesta

439 3507 544 3561 crit
574 3506 825 3559 omnibus
846 3545 859 3568 ,
889 3506 1030 3560 sicut
1073 3515 1128 3561 et
1173 3507 1386 3561 illorum
1435 3505 1554 3561 fuit.
1593 3507 1701 3563 Nec
1731 3507 1849 3562 ideo
1877 3509 2024 3577 quis-

437 3614 599 3670 quam
630 3598 854 3653 credere
898 3598 1058 3653 debet
1105 3598 1370 3667 quoslibet
1421 3600 1644 3670 magicis
1684 3600 1890 3656 artibus
1927 3601 2026 3654 ali-

437 3687 583 3757 quid.
609 3686 788 3741 facere
823 3701 981 3755 posse
1017 3687 1134 3741 sine
1178 3688 1441 3758 permissu
1478 3690 1590 3753 Dei,
1621 3689 1874 3758 quoniam
1905 3706 2024 3758 qua:

442 3777 598 3841 fiunt,
643 3777 904 3847 autjusto
931 3774 1136 3844 judicio
1168 3776 1315 3841 facit,
1358 3787 1450 3833 attt
1498 3781 1761 3849 permissu
1812 3795 1910 3834 suo
1949 3781 2023 3835 ita

443 3868 559 3922 fieri
590 3868 738 3930 sinit,
785 3866 925 3936 quod
963 3868 1202 3935 praedicti
1250 3869 1388 3939 magi
1423 3868 1674 3938 leguntur
1718 3869 1912 3924 similia
1948 3869 2024 3922 fe-

442 3959 580 4014 cisse
608 3958 796 4028 Moysi,
826 3977 843 4008 t
875 3958 965 4026 qui
984 3958 1189 4028 virgam
1221 3973 1373 4016 suam
1405 3957 1652 4028 projecit,
1680 3967 1734 4012 et
1763 3975 2021 4014 conversa

449 4069 467 4102 ε
513 4059 597 4104 est
629 4050 680 4103 in
714 4051 1003 4104 draconem
1037 4068 1048 4102 :
1083 4050 1532 4119 projcceruntquc
1563 4051 1661 4121 ipsi
1693 4052 1886 4122 singuli
1916 4053 2026 4106 vir—

448 4159 467 4191 (
513 4157 607 4211 gas
634 4156 780 4205 suas,
808 4157 927 4212 quae
957 4157 1127 4196 versae
1160 4150 1286 4195 sunt
1317 4143 1367 4195 in
1401 4143 1665 4198 dracones
1696 4162 1709 4197 :
1741 4145 1838 4199 sed
1865 4145 2027 4200 devo—

449 4249 465 4280 ‹
510 4230 650 4284 ravit
675 4230 823 4299 virga
852 4230 1032 4283 Aaron
1053 4230 1233 4300 virgas
1259 4245 1445 4284 eorum
1475 4228 1671 4302 (Exod.
1699 4233 1816 4302 vn).
1855 4253 1870 4284 ι
1907 4229 2022 4287 Neu

442 4335 573 4390 ergo
613 4319 828 4374 fuerunt
878 4329 1157 4374 creatores
1203 4321 1534 4386 draconum,
1569 4337 1667 4376 nec
1713 4324 1887 4394 magi,
1926 4340 2026 4379 nec

443 4407 616 4478 angeli
649 4406 799 4472 mali,
843 4408 1039 4477 quibus
1082 4407 1340 4462 ministris
1388 4409 1475 4462 illa
1519 4411 1902 4478 operabantur.
1937 4413 2024 4466 ln-

446 4508 573 4552 sunt
597 4499 740 4552 enim
772 4498 935 4552 rebus
965 4500 1240 4569 corporeis
1265 4516 1360 4569 per
1384 4503 1565 4555 omnia
1588 4503 1851 4558 elementa
1874 4521 2026 4558 mun-

443 4589 520 4654 di,
571 4587 813 4656 qumdam
863 4587 1088 4642 occulta:
1143 4589 1443 4644 seminaria:
1493 4591 1730 4647 rationes
1776 4609 1789 4645 :
1831 4593 2027 4662 quibus

445 4696 567 4734 cum
590 4679 715 4733 data
733 4679 896 4734 fuerit
917 4681 1292 4748 opportunitas
1312 4682 1643 4751 temporalis,
1667 4693 2028 4753 prorumpunt

449 4771 500 4823 in
535 4768 748 4838 species
779 4768 987 4822 debitas
1019 4769 1130 4822 suis
1173 4769 1345 4823 modis
1367 4779 1420 4824 et
1453 4772 1647 4826 finibus
1680 4791 1690 4825 :
1725 4780 1780 4825 et
1811 4774 1889 4827 sic
1920 4789 2025 4828 non

447 4858 699 4912 dicuntur
718 4858 890 4929 angeli
913 4859 1002 4927 qui
1028 4859 1128 4913 ista
1161 4859 1700 4916 faciuntanimalium
1731 4874 2025 4929 creatorcs,

446 4947 589 5003 sicut
618 4963 718 5002 nec
755 4947 1024 5018 agricolae,
1057 4960 1300 5019 segetum
1349 4951 1432 5006 vel
1465 4953 1718 5007 arborum
1769 4955 1851 5009 vel
1890 4971 2026 5024 quo-

452 5053 786 5109 rutncunque
827 5040 879 5094 in
919 5049 1065 5094 terra
1113 5041 1444 5111 gignentium
1487 5053 1762 5100 creatores
1812 5047 2024 5101 dicendi

451 5140 592 5194 sunt,
630 5131 877 5200 quamvis
907 5141 1170 5186 noverunt
1211 5135 1451 5203 praebere
1497 5137 1756 5204 quasdam
1793 5137 2028 5192 visibiles

452 5221 882 5292 opportunitates
910 5231 964 5276 et
987 5238 1200 5288 causas,
1226 5233 1285 5278 ut
1309 5225 1397 5279 illa
1418 5237 1726 5281 nascantur.
1753 5227 1904 5294 Quod
1930 5244 2027 5282 au-

457 5321 564 5364 tem
590 5311 676 5365 isti
705 5309 908 5366 faciunt
935 5313 1238 5380 visibiliter,
1264 5317 1369 5371 hoc
1395 5316 1466 5370 illi
1500 5318 1858 5374 invisibiliter.
1891 5321 2031 5375 Deus

458 5417 586 5458 vero
610 5403 777 5468 solus,
807 5420 945 5460 unus
974 5415 1190 5460 creator
1214 5417 1316 5472 est,
1350 5409 1440 5478 qui
1466 5424 1659 5464 causas
1694 5410 1835 5480 ipsas
1859 5420 1912 5465 et
1942 5427 2030 5465 ra-

461 5494 632 5548 tiones
669 5494 986 5550 seminarias
1019 5496 1180 5552 rebus
1229 5497 1474 5552 inseruit.
1508 5497 1776 5555 Prteterea
1812 5502 2030 5569 quidam

457 5582 803 5649 quaerendum
826 5586 1298 5653 putantquomodo
1324 5584 1601 5657 Scriptura
1620 5594 1804 5642 narret
1825 5586 1875 5659 (I
1900 5585 2029 5658 Reg.

453 5673 1011 5743 xxvnt)pythouissam
1047 5677 1350 5732 Samuelem
1392 5679 1708 5748 prophetam
1745 5679 2034 5736 suscitassc

2053 4458 2104 4516 D

2121 3238 2263 3294 unde
2289 3237 2448 3303 fallit,
2472 3244 2526 3293 et
2551 3252 2608 3293 se
2638 3238 2692 3292 in
2719 3237 2817 3291 Dei
2857 3244 3127 3306 potestate
3151 3236 3267 3290 vult
3293 3236 3532 3290 adorari.
3569 3235 3708 3289 Nam

2123 3338 2271 3384 tanta
2317 3329 2645 3384 hebetudine
2685 3328 2910 3383 demens
2958 3326 3183 3384 eﬂ‘ectus
3220 3336 3306 3383 est
3351 3325 3505 3392 Saul,
3533 3337 3596 3381 ut
3641 3326 3710 3380 ad

2122 3421 2496 3491 pythonissam
2545 3417 2881 3490 confugeret.
2933 3416 3271 3488 Depravatus
3315 3417 3496 3481 enim,
3546 3430 3712 3470 causa

2123 3510 2356 3580 peccati,
2391 3508 2457 3564 ad
2485 3510 2600 3564 haec
2641 3523 2701 3564 se
2743 3507 2997 3574 contulit,
3043 3522 3163 3577 quae
3201 3507 3576 3561 damnaverat.
3604 3504 3714 3560 Sed

2125 3601 2168 3655 si
2201 3601 2324 3669 quis
2346 3611 2565 3671 propter
2593 3602 2877 3657 historiam
2912 3610 2972 3656 ttt
3003 3617 3065 3656 ea
3092 3616 3214 3670 qua:
3243 3601 3428 3656 verbis
3455 3615 3713 3671 expressa

2125 3701 2269 3758 sunt,
2312 3703 2466 3763 putet
2515 3709 2619 3749 non
2666 3692 3150 3764 prmtermittenda,
3179 3709 3247 3748 ne
3301 3694 3441 3748 ratio
3473 3693 3713 3747 historia:

2125 3788 2303 3843 inanis
2359 3787 2450 3852 sit,
2500 3796 2649 3842 recte
2689 3786 2859 3859 faciet
2888 3786 3129 3856 quidem,
3159 3785 3203 3840 si
3258 3795 3436 3839 tamen
3493 3784 3715 3838 minime

2127 3876 2269 3930 istud
2296 3874 2363 3928 ad
2393 3875 2505 3930 veri
2537 3876 2709 3943 rapiat
2751 3874 3036 3937 rationem,
3087 3873 3181 3927 sed
3225 3872 3293 3926 ad
3341 3872 3521 3926 visum
3547 3881 3602 3926 et
3633 3873 3716 3924 in-

2127 3966 2401 4020 tellectum
2445 3964 2593 4018 Saul.
2633 3963 2817 4033 Neque
2857 3964 3001 4018 enim
3045 3963 3308 4032 reprobus
3339 3961 3543 4026 factus,
3567 3969 3717 4032 pote-

2129 4065 2214 4111 rat
2241 4057 2441 4111 bonum
2464 4054 2793 4110 intellectum
2817 4053 3038 4109 habere.
3062 4052 3367 4107 l-listoricus
3391 4051 3541 4107 enim
3568 4068 3717 4106 tuen-

2127 4159 2238 4203 tem
2269 4148 2397 4202 Saul
2439 4155 2493 4202 et
2537 4147 2778 4202 habitum
2825 4145 3098 4201 Samuelis
3141 4145 3451 4214 descripsit,
3493 4159 3559 4199 ea
3597 4159 3716 4214 qua:

2129 4238 2272 4292 dicta
2303 4247 2357 4292 et
2382 4238 2497 4293 visa
2526 4245 2651 4292 sunt
2676 4237 2986 4307 exprimens
3017 4255 3029 4289 :
3065 4237 3490 4307 prtetcrmittens
3517 4235 3562 4290 si
3588 4251 3716 4290 vera

2131 4344 2197 4381 an
2227 4327 2361 4384 falsa
2387 4327 2514 4383 sint.
2543 4329 2682 4395 Quid
2707 4329 2849 4382 enim
2883 4328 2992 4382 ait?
3020 4327 3260 4383 Audiens
3296 4328 3352 4382 in
3387 4343 3499 4398 quo
3530 4326 3716 4382 habitu

2131 4430 2274 4476 esset
2299 4421 2587 4486 excitatus,
2607 4419 2895 4485 lntellexit,
2927 4419 3122 4490 inquit,
3145 4419 3289 4474 hunc
3318 4433 3439 4473 esse
3467 4415 3711 4472 Samuel.

2131 4511 2264 4577 Quia
2311 4510 2656 4575 intellexerit,
2705 4509 2889 4565 retulit
2920 4527 2933 4562 :
2966 4517 3020 4564 et
3058 4508 3185 4578 quia
3226 4522 3334 4561 non
3372 4502 3716 4561 bene'intel-

2132 4603 2286 4666 lexit,
2319 4611 2507 4656 contra
2536 4601 2874 4671 Scripturam
2925 4598 3089 4653 alium
3132 4598 3380 4655 adoravit
3419 4613 3585 4667 quam
3611 4598 3718 4652 Do-

2131 4691 2336 4746 minum
2369 4709 2381 4744 :
2411 4697 2465 4745 et
2489 4697 2684 4760 putans
2716 4688 3042 4754 Samuelem,
3073 4687 3320 4742 adoravit
3350 4685 3628 4742 diabolum
3656 4696 3717 4742 ut

2131 4781 2363 4836 fructum
2399 4780 2622 4835 fallacias
2647 4796 2758 4835 sua:
2799 4780 3043 4834 haberet.
3078 4778 3311 4833 Satanas
3332 4779 3436 4833 hoc
3459 4777 3608 4831 enim
3633 4779 3718 4833 ni-

2135 4873 2286 4937 titur,
2314 4881 2374 4926 ut
2397 4872 2652 4927 adoretur
2680 4872 2833 4940 quasi
2860 4873 3021 4926 Deus.
3054 4870 3112 4925 Si
3144 4871 3290 4926 enim
3320 4885 3448 4926 vere
3487 4871 3714 4928 Samuel

2137 4961 2211 5015 illi
2235 4962 2591 5031 apparuisset,
2629 4976 2736 5015 non
2761 4962 2948 5030 utique
2974 4961 3056 5014 vir
3076 4958 3258 5028 justus
3291 4960 3632 5031 permisisset
3657 4975 3720 5016 se

2135 5053 2372 5118 adorari,
2405 5053 2496 5121 qui
2527 5053 2913 5122 praedicaverat
2949 5052 3234 5107 Dominum
3264 5051 3437 5107 solum
3472 5067 3594 5107 esse
3622 5051 3716 5107 ad—

2135 5145 2396 5200 orandum
2429 5161 2442 5197 :
2477 5153 2533 5197 et
2561 5143 2832 5213 quomodo
2858 5143 3018 5197 homo
3044 5143 3140 5196 Dei
3167 5142 3257 5211 qui
3285 5157 3409 5196 cum
3437 5141 3716 5196 Abraham

2138 5237 2192 5290 in
2229 5233 2511 5304 refrigerio
2539 5241 2677 5300 erat,
2703 5234 2919 5289 dicebat
2944 5233 3011 5288 ad
3044 5234 3221 5286 virum
3259 5231 3604 5302 pestilentia,
3634 5231 3715 5286 di-

2138 5339 2299 5393 gnum
2339 5323 2535 5377 ardore
2570 5323 2828 5392 gehennae
2863 5321 3033 5378 :Cras
3069 5337 3278 5378 mecum
3307 5323 3439 5377 eris.
3464 5320 3562 5376 His
3582 5320 3718 5377 duo-

2138 5414 2236 5465 |.us
2267 5411 2438 5465 titulis
2467 5410 2818 5466 subtilitatem
2846 5411 3072 5465 fallacia:
3102 5426 3214 5466 suae
3238 5410 3475 5480 providit
3515 5411 3718 5480 impro-

2136 5501 2290 5556 vidus
2315 5500 2548 5557 Satanas
2578 5517 2591 5555 :
2624 5502 2751 5571 quia
2787 5509 2845 5557 et
2873 5502 3088 5557 adorari
3129 5517 3191 5558 se
3217 5501 3463 5573 permisit
3491 5502 3592 5556 sub
3621 5501 3718 5556 ha-

2137 5589 2249 5642 bitu
2287 5599 2343 5644 et
2389 5591 2611 5646 nomine
2663 5590 2929 5646 Samuelis
2967 5602 3156 5646 contra
3195 5592 3365 5664 legem
3399 5599 3494 5647 :et
3539 5592 3715 5646 virum

2136 5683 2370 5751 peccatis
2394 5697 2665 5752 prosum,
2701 5699 2824 5738 cum
2864 5699 3058 5754 magna
3079 5685 3337 5739 distantia
3370 5693 3715 5754 peccatorum
