3924 6332
427 361 560 418 “05

1093 360 1150 413 ll.
1197 359 1442 414 llABANl
1484 361 1700 415 MAlle
1742 361 2056 416 ARClllEP.

2100 363 2402 419 MOGUNT.
2447 366 2728 422 OPICRUM
2771 370 2946 426 PARS
2985 373 3046 427 ll.
3556 381 3691 433 lltM

425 473 736 534 memoravi,
775 479 833 525 ut
878 472 968 541 qui
1009 473 1124 527 haec
1164 473 1277 526 sine
1304 474 1602 542 pervicacia
1634 483 1686 528 et
1713 474 1828 527 sine
1862 489 1998 527 vana
2027 486 2076 545 Α
2103 482 2329 542 gnanter
2360 477 2639 546 accipitur,
2680 483 2821 546 quod
2859 483 3037 552 aliqua
3065 485 3224 538 etiam
3261 487 3385 539 talia
3419 489 3686 545 diemones

427 562 709 618 resistendi
747 561 1088 615 animositate
1127 563 1472 634 considerat,
1516 563 1671 617 simul
1701 563 1917 632 cogitet,
1956 564 2002 617 si

424 655 489 708 de
546 651 845 722 subjacenti
898 653 1167 707 crassiore
1230 655 1476 718 materia,
1526 654 1608 709 vel
1655 655 1738 708 sui
1776 655 2004 724 quisque

424 744 665 814 corporis
690 742 773 797 vel
797 752 954 798 terra:
982 753 1036 798 et
1060 759 1235 814 aquae,
1265 745 1500 816 lapidum
1533 755 1693 816 atque
1711 745 1997 816 lignorum,

427 832 869 901 metallorumque
936 833 1212 887 variorum
1273 843 1420 889 tanta
1486 835 1704 904 quidem
1756 835 2002 890 homines

423 934 667 998 possunt,
695 933 752 976 ut
783 938 874 979 eos
908 923 983 978 illi
1011 924 1104 994 qui
1130 924 1245 979 ιιίευ
1280 942 1385 979 non
1409 935 1651 994 possunt,
1686 926 2003 995 plerumque

424 1015 690 1084 stupendo
721 1015 774 1068 in
810 1015 891 1069 sui
923 1017 1327 1084 comparatione
1357 1017 1566 1070 divinos
1613 1008 1844 1071 vocent:
1879 1033 2002 1071 cum

424 1106 641 1176 qmdam
694 1104 906 1160 illorum
962 1106 1072 1160 sint
1119 1108 1326 1161 artibus
1367 1108 1701 1176 potentiores
1739 1125 1751 1160 :
1783 1108 2002 1177 quidam

425 1203 651 1252 istorum
675 1196 916 1252 moribus
944 1196 1213 1264 meliores,
1242 1205 1444 1266 quanto
1468 1197 1688 1252 meliora
1717 1206 1770 1253 et
1799 1196 2003 1265 majora

424 1300 522 1355 pro
543 1283 880 1340 subtilissimi
927 1286 1192 1356 corporis,
1224 1287 1327 1342 hoc
1352 1295 1458 1350 est,
1481 1287 1624 1342 aeris
1650 1285 1907 1343 facultate
1942 1304 2005 1344 ac

425 1374 683 1430 facilitate
727 1376 999 1432 daemones
1043 1376 1298 1448 possint:
1330 1393 1454 1432 cum
1493 1387 1672 1432 tamen
1727 1378 1838 1434 sint
1877 1394 2004 1449 pra-

422 1463 597 1521 vitate
643 1464 957 1531 voluntatis,
1009 1467 1348 1536 maximeque
1415 1466 1682 1538 superbiae
1737 1467 1901 1533 fastu,
1953 1478 2008 1524 et

429 1552 740 1609 invidentia:
777 1554 985 1611 malitia
1013 1555 1232 1624 spiritus
1259 1555 1523 1610 immundi
1557 1564 1720 1626 atque
1744 1560 2003 1627 perversi.

426 1645 698 1714 Quantum
727 1653 908 1699 autem
935 1644 1110 1700 valeat
1136 1646 1277 1700 aeris
1308 1644 1656 1712 elementum,
1687 1662 1794 1716 quo
1820 1663 2008 1702 eorum

428 1749 657 1806 corpora
676 1734 991 1805 praevalent,
1021 1735 1090 1789 ad
1110 1734 1276 1790 multa
1291 1735 1520 1790 visibilia
1535 1736 1874 1791 invisibiliter
1895 1753 2011 1790 mo-

2104 563 2323 617 audiant
2349 573 2402 618 et
2431 568 2748 636 pncdicant,
2781 573 2932 638 quasi
2975 575 3177 642 aliquid
3205 577 3477 646 indignum
3508 585 3600 645 sit,
3631 595 3689 636 ut

2101 651 2246 718 quod
2271 652 2392 706 ideo
2419 654 2620 709 dicitur
2644 665 2702 710 ut
2732 657 3044 716 hominibus
3094 665 3413 732 innotesmt,
3449 668 3551 722 hoc
3581 686 3688 725 non

2101 740 2274 794 solum
2301 743 2426 798 boni
2463 761 2649 799 verum
2675 749 2837 802 etiam
2873 751 2998 805 mali
3047 768 3150 806 non
3193 764 3424 809 taceant.
3454 759 3588 812 Cum
3635 763 3683 813 in

2102 829 2233 898 ipsis
2263 831 2567 888 hominibus
2591 837 2750 890 etiam
2780 839 2903 892 vita:
2940 841 3092 895 bonae
3117 855 3381 912 prtecepta
3413 848 3689 904 videamus

2101 924 2307 990 pariter
2331 941 2360 978 a
2382 925 2544 993 justis
2569 931 2945 998 perversisque
2970 936 3177 987 cantari
3213 954 3224 988 :
3253 951 3351 991 nec
3378 939 3574 993 obesse
3595 941 3690 991 al.-

2103 1013 2274 1080 quid,
2335 1016 2442 1070 imo
2497 1019 2663 1072 etiam
2715 1020 2968 1089 prodesse
3013 1023 3082 1076 ad
3132 1026 3389 1094 majorem
3444 1030 3688 1082 notitiam

2103 1100 2423 1174 famamque.
2443 1107 2706 1161 veritatis.
2752 1108 2885 1162 Cum
2913 1110 2979 1165 de
3003 1109 3092 1164 illa
3136 1113 3298 1166 etiam
3351 1115 3402 1167 hi
3434 1118 3690 1185 quidquid

2105 1203 2392 1258 noverunt,
2439 1195 2818 1266 dicuntzqua:
2871 1199 2952 1252 eis
2973 1201 3245 1268 perversis
3295 1205 3536 1258 moribus
3571 1221 3692 1259 con-

2107 1280 2398 1335 tradicunt.
2444 1283 2504 1338 In
2558 1287 2771 1341 eteteris
2827 1296 3006 1342 autem
3059 1290 3172 1345 suis
3219 1294 3694 1362 przedicationibos

2107 1369 2378 1426 daemones
2405 1373 2722 1444 plerumque
2765 1383 2819 1432 et
2848 1376 3042 1432 fallunt
3087 1388 3142 1435 et
3172 1378 3450 1437 falluntur.
3479 1384 3694 1439 Fallunt

2108 1460 2346 1529 quidem,
2387 1463 2514 1532 quia
2545 1479 2668 1518 cum
2719 1481 2844 1521 suas
2879 1468 3262 1538 dispositiones
3306 1476 3692 1541 praenuntiant,

2108 1563 2174 1603 ex
2219 1551 2508 1620 improviso
2537 1555 2766 1624 desuper
2805 1557 3005 1627 aliquid
3046 1559 3287 1630 jubetur,
3316 1563 3459 1631 quod
3506 1577 3693 1618 eorum

2109 1639 2333 1694 consilia
2361 1650 2551 1696 cuncta
2575 1646 2858 1714 perturbat
2889 1661 2903 1700 :
2932 1648 3077 1702 velut
3103 1650 3149 1704 si
3176 1650 3376 1720 aliquid
3404 1653 3697 1722 disponant

2107 1732 2332 1800 quilibet
2393 1734 2638 1791 homines
2685 1739 2990 1808 quibusque
3041 1742 3398 1810 potestatibus
3451 1746 3696 1809 subditi,

428 1828 630 1894 lienda,
673 1827 956 1893 movenda,
993 1826 1246 1881 mutanda
1274 1837 1436 1897 atque
1463 1828 1748 1893 versanda,
1793 1829 2008 1898 longum
2043 1841 2088 1899 Β
2116 1821 2260 1892 quod
2298 1838 2405 1878 non
2447 1825 2814 1894 prohibituros
2843 1843 2969 1883 suos
2996 1831 3312 1901 praepositos
3341 1832 3696 1897 arbitrentur,

427 1928 511 1973 est
543 1933 685 1972 nunc
716 1919 1090 1973 demonstrare
1114 1934 1127 1971 :
1156 1926 1211 1973 et
1239 1929 1370 1989 puto
1393 1918 1534 1986 quod
1560 1918 1644 1973 vel
1669 1918 2018 1975 mediocriter

431 2006 794 2061 consideranti
814 2005 970 2060 facile
985 2015 1252 2062 occurrat.
1271 2007 1400 2074 Quae
1415 2023 1536 2062 cum
1552 2009 1623 2062 ita
1642 2009 1768 2073 sint,
1783 2011 2017 2080 primum

429 2097 707 2151 sciendum
729 2104 829 2163 est,
847 2097 1097 2165 quoniam
1117 2097 1183 2150 de
1203 2095 1532 2152 divinatione
1554 2097 1854 2154 dmmonum
1876 2114 2021 2169 qua}.

433 2192 538 2246 stio
551 2199 652 2256 est,
669 2190 786 2246 illos
799 2204 859 2244 ea
875 2190 1189 2261 plerumque
1201 2192 1564 2261 prtenuntiare
1580 2207 1700 2262 quae
1712 2194 1810 2264 ipsi
1825 2193 2020 2250 facturi

430 2294 578 2340 sant.
603 2283 889 2354 Accipiunt
909 2284 1054 2337 enim
1081 2298 1223 2354 saepe
1249 2292 1571 2354 potestatem
1601 2293 1656 2340 et
1681 2287 1899 2343 morbos
1919 2287 2020 2342 im-

433 2375 668 2439 mittere,
690 2382 742 2428 ct
770 2375 945 2443 ipsum
967 2388 1149 2428 aerem
1173 2375 1414 2430 vitiando
1437 2376 1737 2431 morbidum
1761 2378 2015 2434 reddere:

431 2477 484 2520 et
515 2465 787 2536 perversis
817 2472 979 2535 atque
1019 2467 1352 2521 amatoribus
1401 2475 1740 2522 terrenorum
1783 2483 2021 2525 commo-

431 2557 641 2618 dorum,
669 2553 948 2610 malefacta
982 2557 1208 2611 suadere
1236 2570 1251 2610 :
1274 2556 1342 2613 de
1365 2572 1594 2627 quorum
1623 2559 1865 2615 moribus
1884 2561 2020 2616 certi

433 2659 580 2714 sunt,
629 2647 770 2719 quod
821 2649 932 2704 sint
979 2649 1058 2704 eis
1104 2648 1229 2702 talia
1283 2650 1632 2706 suadentibus
1683 2653 2016 2707 consensuri.

434 2739 675 2794 Suadan
722 2747 903 2792 autem
936 2737 1088 2793 miris
1113 2746 1167 2792 et
1209 2738 1566 2794 invisibilibus
1610 2741 1807 2806 modis,
1834 2756 1929 2810 per
1959 2741 2022 2795 il-

432 2831 539 2885 lam
571 2831 925 2884 subtilitatem
955 2845 1240 2900 corporum
1286 2845 1528 2897 suorum,
1574 2846 1799 2902 corpora
1844 2833 2020 2887 homi—

437 2937 563 2975 num
598 2919 983 2976 insensibiliter
1008 2921 1339 2990 penetrando
1366 2939 1377 2975 ε
1404 2933 1459 2976 et
1504 2936 1562 2976 se
1607 2923 2022 2992 cogitationibus

434 3024 622 3066 eorum
661 3027 760 3082 per
803 3011 1045 3080 qumdatn
1090 3010 1407 3080 imaginaria
1436 3012 1545 3066 visa
1577 3014 1871 3080 miscendo,
1909 3015 2022 3071 sive

437 3107 793 3177 vigilantium,
843 3105 958 3161 sive
1012 3105 1390 3159 dormientium
1440 3124 1452 3158 :
1501 3106 1788 3175 aliquando
1840 3119 2020 3163 autem

2123 1913 2284 1982 idque
2318 1914 2556 1970 facturos
2591 1931 2648 1971 se
2675 1932 2792 1972 esse
2815 1921 3155 1987 promittant,
3184 1930 3239 1974 at
3270 1922 3343 1976 illi
3370 1937 3540 1993 penes
3564 1940 3700 1995 quos

2122 2000 2293 2070 major
2334 2012 2576 2072 potestas
2620 2015 2724 2072 est,
2771 2016 2827 2060 et
2868 2007 2975 2063 alio
3009 2010 3288 2078 superiore
3321 2013 3573 2077 consilio,
3601 2017 3700 2070 hoc

2123 2099 2291 2144 totum
2317 2091 2634 2162 dispositum
2666 2104 2829 2164 atque
2863 2105 3221 2166 praeparatum
3265 2110 3484 2169 repente
3512 2105 3698 2170 prohi-

2120 2181 2301 2236 beant.
2331 2184 2612 2238 lt‘alluntur
2638 2185 2825 2251 etiam,
2856 2201 2979 2241 cum
3007 2191 3186 2244 causis
3212 2193 3566 2258 naturalibus,
3599 2197 3674 2249 sic

2122 2281 2180 2324 ut
2207 2272 2427 2339 medici,
2454 2283 2509 2328 et
2535 2284 2744 2342 nauta,
2771 2284 2826 2331 et
2869 2278 3116 2348 agricolae
3144 2293 3157 2330 :
3185 2282 3281 2335 sed
3306 2272 3462 2354 longe
3493 2285 3698 2339 acutius

2121 2363 2382 2434 longeque
2406 2367 2774 2435 prastantius,
2805 2382 2904 2438 pro
2945 2368 3089 2422 aerei
3117 2370 3360 2438 corporis
3399 2386 3583 2436 sensu,
3613 2389 3698 2427 so-

2121 2453 2341 2509 lertiore
2361 2457 2752 2514 exercitatione
2779 2468 3159 2527 praenoscunt;
3215 2463 3342 2530 quia
3385 2471 3440 2517 et
3478 2463 3593 2518 haec
3635 2467 3699 2518 ab

2122 2547 2327 2617 angelis
2354 2547 2463 2604 Deo
2485 2563 2697 2604 summo
2720 2550 2808 2620 pie
2836 2551 3196 2608 servientibus
3222 2567 3289 2607 ex
3328 2554 3433 2608 alia
3475 2556 3698 2626 disposi-

2122 2637 2267 2691 tione
2302 2638 2482 2707 ignota
2534 2640 2887 2706 dmutonibus,
2932 2656 2998 2696 ex
3047 2643 3339 2713 improviso
3387 2661 3450 2700 ac
3487 2659 3700 2716 repente

2121 2738 2416 2797 mutantur,
2451 2739 2704 2800 tanquam
2737 2735 2784 2786 si
2831 2733 3035 2803 aliquid
3075 2722 3220 2809 agro
3247 2738 3588 2793 extrinsecus
3611 2756 3700 2792 ac-

2123 2823 2280 2876 cedat
2330 2839 2438 2893 quo
2486 2824 2770 2891 moriatur,
2818 2840 2978 2896 quem
3034 2828 3277 2883 medicus
3330 2831 3473 2884 veris
3519 2831 3703 2887 salutis

2122 2913 2550 2983 praecedentibus
2598 2914 2788 2985 signis,
2846 2919 3112 2972 victurum
3161 2934 3280 2975 esse
3334 2923 3700 2990 promiserat:

2122 3015 2217 3058 aut
2262 3005 2306 3059 si
2335 3007 2478 3060 aeris
2529 3008 2790 3076 qualitate
2837 3009 3085 3076 praevisa,
3141 3011 3231 3064 diu
3259 3009 3510 3064 ﬂaturum
3562 3013 3705 3067 illum

2122 3102 2362 3162 ventum,
2387 3105 2673 3150 nautarum
2696 3097 2860 3166 aliqui
2888 3099 3281 3167 praedixissent,
3311 3115 3433 3155 cum
3451 3102 3708 3159 Dominus

439 3212 545 3252 t.on
583 3210 702 3265 quas
732 3194 835 3266 ipsi
859 3193 1085 3259 faciunt,
1118 3194 1213 3248 sed
1243 3209 1362 3263 qua:
1388 3195 1723 3250 naturalibus
1748 3197 1916 3267 signis
1940 3197 2022 3251 fu-

2126 3183 2375 3239 Christus
2403 3200 2526 3239 cum
2569 3185 2844 3255 discipulis
2871 3187 3154 3258 navigans,
3185 3199 3244 3242 ut
3271 3191 3576 3258 quiesceret
3611 3193 3708 3245 im-

441 3299 559 3343 tura
591 3296 954 3358 pt'tenoscunt,
985 3302 1106 3356 qua:
1129 3287 1280 3356 signa
1312 3287 1365 3341 in
1397 3288 1672 3342 hominum
1712 3303 1903 3344 sensus
1930 3303 2022 3344 ve-

438 3383 556 3436 nire
581 3396 683 3437 non
724 3389 972 3451 possunt,
999 3387 1122 3435 ante
1170 3381 1488 3450 praedicunt.
1518 3379 1701 3450 Neque
1729 3382 1873 3436 enim
1898 3383 2024 3453 quia

439 3471 696 3543 pranidet
745 3472 986 3527 medicus
1015 3471 1156 3540 quod
1201 3471 1495 3539 praevidere
1527 3473 1696 3526 nescit
1735 3471 1893 3543 hujus
1931 3487 2022 3526 ar-

441 3564 511 3617 tis
560 3563 801 3631 ignarus,
851 3563 971 3616 ideo
1014 3561 1126 3629 jam
1174 3561 1388 3616 divinus
1436 3561 1713 3617 habendus
1743 3572 1844 3617 est.
1889 3563 2024 3631 Quid

442 3667 622 3710 autem
653 3655 869 3718 mirum,
894 3654 938 3707 si
971 3653 1420 3722 quemadmodum
1450 3653 1538 3707 ille
1566 3655 1621 3708 in
1650 3655 1893 3724 corporis
1924 3655 2026 3708 bu—

443 3747 589 3800 nzani
645 3744 727 3798 vel
779 3745 1094 3813 perturbata
1134 3742 1214 3797 vel
1261 3742 1568 3798 modificata
1606 3745 1886 3814 temperie,
1934 3759 2028 3800 seu

445 3824 614 3892 bonas
663 3851 758 3891 seu
805 3833 977 3890 malas
1023 3832 1234 3888 futuras
1259 3835 1518 3904 pravidet
1556 3835 1914 3902 valetudines,
1953 3836 2032 3891 sie

445 3935 654 3984 dannon
702 3928 756 3982 in
803 3927 948 3982 aeris
995 3924 1276 3982 affectione
1323 3935 1488 3997 atque
1537 3927 1880 3982 ordinatione
1929 3929 2031 3982 sibi

445 4031 594 4084 nom,
645 4019 797 4073 nobis
844 4018 1048 4086 ignota,
1081 4015 1290 4074 futuras
1338 4016 1595 4088 praevidet
1644 4024 2028 4089 tempestates:

445 4110 734 4179 aliquando
762 4119 818 4164 et
838 4109 1116 4163 hominum
1141 4108 1520 4177 dispositiones
1549 4123 1655 4163 non
1702 4109 1876 4164 solum
1902 4124 2034 4166 voce

449 4203 706 4271 prolatas,
740 4215 928 4254 verum
975 4199 1139 4254 etiam
1183 4200 1506 4271 cogitatione
1555 4210 1841 4272 conceptas
1871 4217 2032 4258 :cum

448 4294 604 4364 signa
652 4290 897 4361 quaedam
948 4304 1014 4346 ex
1057 4289 1240 4344 animo
1285 4290 1680 4360 exprimuntur,
1714 4291 1769 4346 in
1811 4305 2036 4363 corpore

455 4392 564 4435 tota
603 4379 860 4436 felicitate
910 4378 1450 4450 perdiscantzatque
1495 4382 1623 4437 hinc
1657 4384 1820 4437 etiam
1867 4384 2034 4437 multa

453 4473 633 4528 futura
683 4473 1065 4542 prmnuntiant,
1124 4471 1244 4526 aliis
1296 4472 1547 4528 videlicet
1598 4474 1758 4540 mira,
1791 4475 1882 4537 qui
1931 4475 2034 4531 ista

452 4564 711 4634 disposita
735 4578 839 4616 non
866 4555 1163 4616 noverunt?
1177 4560 1330 4616 Sicut
1372 4563 1516 4616 enim
1549 4573 1773 4633 apparet
1801 4567 2037 4618 concita-

457 4653 561 4708 tior
612 4653 775 4708 animi
807 4660 984 4707 motus
1009 4651 1064 4705 in
1094 4651 1262 4717 vultu,
1296 4659 1353 4706 ut
1389 4653 1456 4707 ab
1487 4653 1795 4708 hominibus
1824 4669 2036 4725 quoque

457 4743 657 4814 aliquid
686 4742 986 4799 forinsecus
1025 4751 1370 4811 agnoscatur,
1395 4744 1536 4812 quod
1575 4743 1902 4800 intrinsecus
1925 4748 2037 4819 agi-

461 4842 571 4898 tur,
605 4833 678 4886 ita
722 4845 830 4885 non
858 4831 1015 4886 debet
1065 4845 1184 4892 esse
1219 4832 1555 4898 incredibile,
1588 4834 1632 4887 si
1662 4835 1825 4888 etiam
1872 4836 2036 4892 levio-

462 4939 548 4979 res
575 4923 920 4995 cognitiones
945 4921 1075 4976 dant
1124 4920 1305 4992 aliqua
1329 4923 1480 4994 signa
1534 4937 1631 4992 per
1670 4939 1886 4995 corpus,
1916 4941 2037 4996 quae

459 5020 653 5076 obtuso
681 5031 842 5076 sensu
871 5016 1149 5071 hominum
1179 5015 1428 5085 cognosci
1454 5030 1561 5069 non
1603 5025 1848 5086 possunt,
1881 5027 2040 5071 acuto

465 5119 643 5165 autem
677 5105 977 5160 damnorum:
1008 5113 1249 5173 possunt.
1285 5103 1396 5161 Hac
1429 5115 1594 5174 atque
1626 5106 1930 5177 hujusmodi
1957 5107 2039 5162 fa-

462 5201 682 5263 cultate,
729 5198 897 5252 multa
948 5197 1218 5258 daemones
1263 5195 1443 5251 futura
1489 5199 1865 5266 praenuntiant,
1916 5214 2038 5255 cum

467 5302 642 5346 tamen
692 5290 760 5343 ab
805 5288 884 5341 eis
939 5288 1094 5358 longe
1138 5289 1208 5344 sit
1259 5289 1486 5344 altitudo
1527 5289 1670 5344 illius
1722 5291 2041 5359 prophetitc,

466 5397 626 5451 quam
662 5385 805 5439 Deus
848 5400 946 5455 per
974 5393 1188 5440 sanctos
1233 5385 1452 5454 angelos
1497 5393 1552 5438 et
1600 5385 1888 5454 prophetas
1918 5399 2046 5454 0pc-

472 5482 640 5528 ratur.
673 5474 806 5527 Nam
846 5474 891 5528 si
919 5475 1047 5544 quid
1073 5475 1137 5528 de
1165 5473 1255 5528 illa
1287 5474 1382 5527 Dei
1409 5473 1758 5543 dispositione
1799 5488 2047 5544 pt‘a‘nun-

471 5563 624 5628 tiant,
650 5562 874 5616 audiunt
900 5572 956 5616 ut
1000 5563 1380 5634 pmountient,
1420 5571 1622 5617 etcum
1647 5577 1711 5617 ea
1750 5564 2048 5631 praedicunt

472 5669 588 5723 tria:
632 5655 754 5710 inde
801 5656 1046 5721 audiunt,
1078 5671 1181 5710 non
1235 5654 1443 5709 fallunt.
1499 5653 1855 5710 Veraeissima
1900 5654 2047 5709 enim

475 5757 598 5803 sunt
620 5747 861 5820 angelica
887 5758 936 5802 et
969 5747 1278 5819 prophetica
1327 5745 1565 5801 oracula.
1599 5746 1657 5802 Si
1686 5755 1868 5802 autem
1911 5743 2050 5800 indi-

2123 3277 2352 3345 peravit,
2383 3292 2402 3326 t
2442 3286 2496 3330 et
2543 3275 2686 3330 facta
2733 3289 2816 3332 est
2867 3279 3232 3348 tranquillitas
3275 3296 3466 3350 magna
3515 3283 3706 3353 (Marc.

2127 3371 2222 3435 tv).
2254 3382 2273 3416 ι
2308 3363 2402 3419 Vel
2427 3365 2471 3420 si
2503 3366 2735 3435 agricola
2764 3365 2853 3420 illo
2893 3381 3034 3421 anno
3073 3368 3521 3424 fructilicaturam
3548 3375 3710 3426 vitent

2127 3454 2362 3525 aliquam
2405 3455 2744 3526 polliceatur,
2790 3467 3039 3512 naturam
3071 3460 3257 3529 utique
3303 3473 3462 3515 terra:
3499 3477 3564 3516 ex
3609 3480 3710 3516 ttu-

2130 3563 2278 3604 mero
2317 3552 2584 3603 seminum
2627 3549 2826 3603 callens
2852 3566 2864 3602 :
2889 3563 2996 3618 quo
3024 3558 3199 3604 tamen
3245 3566 3386 3605 anno
3415 3552 3601 3606 eadem
3630 3553 3712 3606 vel

2129 3640 2419 3710 improvisa
2449 3641 2570 3694 C(Bll
2610 3641 2892 3709 temperies
2919 3640 3208 3707 arel'aciat;
3251 3643 3333 3696 vel
3379 3643 3558 3712 aliqua
3598 3645 3716 3711 jus-

2131 3735 2212 3790 sio
2236 3733 2508 3804 potentior
2529 3734 2768 3789 eradicet
2797 3750 2809 3786 :
2839 3736 2914 3788 ita
2949 3733 3120 3787 multa
3155 3735 3318 3788 etiam
3342 3739 3408 3789 ad
3433 3752 3716 3805 praesumi-

2133 3829 2264 3880 tiam
2311 3825 2825 3896 praedictionemque
2869 3826 3170 3880 dtemonum
3201 3827 3550 3894 pertinentia,
3597 3844 3716 3898 qua:

2133 3921 2429 3976 minoribus
2455 3929 2511 3976 et
2529 3920 2901 3975 usitatioribus
2925 3921 3112 3976 causis
3125 3920 3302 3976 futura
3331 3923 3713 3992 pnevidcntur,

2132 4016 2321 4071 eadem
2365 4013 2661 4084 majoribus
2699 4023 2755 4069 et
2806 4015 3189 4070 occultioribus
3235 4017 3416 4070 causis
3459 4017 3715 4085 impedita

2134 4117 2430 4163 mutantur.
2484 4107 2697 4162 Fallunt
2744 4119 2924 4163 autem
2954 4109 3120 4164 etiam
3167 4109 3343 4163 studio
3395 4109 3635 4174 fallendi,
3664 4120 3718 4165 et

2139 4199 2314 4252 invida
2361 4198 2654 4264 voluntate,
2706 4200 2832 4268 quia
2880 4199 3159 4254 hominum
3213 4213 3397 4253 errore
3447 4200 3714 4255 laetantur.

2139 4289 2244 4346 Sed
2275 4305 2342 4345 ne
2364 4289 2505 4359 apud
2533 4290 2772 4346 cultores
2802 4305 2929 4345 suos
2954 4292 3162 4360 pondus
3197 4291 3535 4347 auctoritatis
3555 4295 3716 4347 amit-

2139 4390 2273 4445 tant,
2323 4380 2378 4434 id
2426 4389 2613 4452 agunt,
2643 4389 2704 4434 ut
2750 4381 3134 4450 interpretibus
3179 4381 3292 4435 suis
3336 4381 3718 4453 signorumque

2139 4485 2355 4526 suorum
2402 4469 2799 4541 conjectoribus
2827 4471 2982 4541 culpa
3032 4469 3318 4537 tribuatur,
3373 4474 3588 4540 quando
3637 4474 3716 4527 vel

2139 4559 2348 4628 decepti
2388 4558 2610 4625 fuerint,
2641 4560 2724 4614 vel
2752 4560 2981 4614 mentiti.
3023 4560 3416 4631 Nonnunquam
3447 4578 3575 4617 veno
3620 4562 3712 4632 ipsi

2142 4653 2359 4720 maligni
2385 4653 2629 4722 spiritus,
2653 4660 2709 4707 et
2743 4651 2988 4708 illusores
3017 4653 3297 4707 hominum
3323 4662 3487 4724 atque
3517 4655 3718 4710 inviso-

2141 4760 2228 4800 res
2261 4744 2450 4800 salutis
2473 4759 2684 4809 eorum,
2720 4742 3214 4846 soleutprtedicere
3254 4742 3524 4799 defectum
3548 4745 3721 4800 cultu-

2141 4851 2366 4900 rmsute,
2399 4845 2455 4893 et
2494 4835 2757 4891 idolorum
2799 4834 3010 4891 ruinam
3040 4853 3052 4888 :
3080 4844 3347 4906 quatenus
3387 4834 3598 4903 praescii
3643 4834 3720 4887 vi-

2141 4928 2387 4992 deantur,
2422 4927 2550 4996 quid
2577 4927 2631 4980 in
2662 4925 2888 4994 singulis
2921 4926 3100 4996 regnis
3138 4933 3228 4978 aut
3249 4923 3383 4979 locis
3403 4932 3714 4978 eventurum

2142 5019 2215 5073 sit
2242 5035 2255 5070 :
2284 5025 2338 5072 et
2357 5017 2487 5086 quid
2511 5015 2725 5070 adversi
2758 5029 2869 5070 sua:
2910 5012 3128 5068 factioni
3161 5013 3478 5083 contingere
3503 5011 3672 5080 possit
3702 5027 3717 5063 :

2144 5108 2288 5177 quod
2330 5109 2491 5176 etiam
2533 5105 2608 5160 illi
2637 5107 2728 5176 qui
2755 5106 3035 5177 gentilium
3078 5104 3336 5159 historias
3377 5102 3586 5173 legunt,
3616 5118 3722 5156 non

2144 5197 2413 5266 ignorant.
2463 5177 2602 5260 Quid
2631 5209 2759 5263 ergo
2783 5194 3001 5258 mirum,
3025 5193 3069 5247 si
3089 5191 3203 5262 jam
3247 5191 3561 5246 imminente
3583 5199 3722 5244 tem-

2144 5288 2354 5356 plorum
2382 5295 2436 5340 et
2466 5286 2881 5341 simulacrorum
2925 5286 3225 5348 eversione,
3256 5297 3417 5352 quain
3445 5285 3725 5352 prophetia

2147 5379 2240 5434 Dei
2266 5379 2485 5441 summi,
2527 5387 2680 5433 tanto
2705 5385 2831 5430 ante
2862 5377 3226 5447 prtedixe‘rant
3268 5373 3488 5443 Serapis
3522 5375 3724 5429 dserue-

2143 5467 2273 5521 niali
2304 5467 2428 5522 :cui
2481 5466 2748 5520 cultorum
2801 5465 2906 5518 hoc
2948 5465 3014 5519 de
3058 5465 3307 5534 proximo
3353 5462 3608 5532 prodidit,
3664 5473 3724 5516 ut

2147 5572 2298 5612 suam
2343 5556 2497 5624 quasi
2541 5554 2876 5608 divinitatem
2920 5555 3174 5609 recedens
3212 5552 3294 5608 vel
3340 5552 3550 5623 fugiens
3579 5567 3722 5607 ουως

2151 5646 2448 5702 mendaret.
2479 5644 2753 5715 Fugantur
2781 5644 2924 5698 enim
2955 5643 3076 5714 ipsi,
3117 5642 3200 5698 vel
3243 5643 3405 5698 etiam
3431 5641 3597 5710 jussis
3636 5657 3722 5695 su-

2149 5739 2450 5809 perioribus
2499 5736 2731 5806 colligati
2781 5736 3200 5802 abstrabuutur,
3249 5743 3305 5788 et
3347 5734 3648 5789 alienantur
3687 5747 3718 5784 a
