3924 6338
268 366 408 422 “05

1522 370 1610 426 DE
1645 369 1922 427 MAGlClS
1959 370 2279 429 ARTIBUS.

3403 372 3539 433 1106

266 478 401 534 locis
424 480 556 544 suis,
578 486 637 533 ut
657 478 723 535 de
750 479 915 535 rebus
943 478 995 534 in
1032 480 1228 550 quibus
1254 479 1590 547 colebantur,
1620 481 1711 535 fiat
1760 497 1851 535 vo—
1881 489 1926 544 Α
1954 482 2090 537 adeo
2136 480 2384 551 desipiat,
2410 491 2466 535 ut
2514 499 2619 539 non
2660 496 2781 539 eam
2829 487 3007 555 potius
3049 486 3331 542 colendam
3360 486 3541 559 eligat,

268 568 449 626 luntas
470 570 585 637 Dei,
610 570 700 640 qui
726 570 832 625 hoc
864 578 1014 626 tanto
1060 581 1188 626 ante
1216 586 1313 641 per
1340 586 1528 630 omnes
1556 578 1745 640 gentes
1774 569 1855 623 fu-

268 670 452 717 turum
496 676 615 716 esse
655 661 908 732 praedixit
941 677 954 716 :
984 671 1040 718 et
1077 670 1135 717 ut
1180 677 1277 732 per
1304 677 1429 717 suos
1470 660 1655 716 fideles
1683 660 1853 724 fieret,

269 754 574 824 imperavit.
632 753 742 809 Cur
790 763 969 810 autem
1022 755 1126 810 hoc
1172 769 1279 807 non
1325 753 1593 808 sineretur
1649 751 1855 805 daemon

268 846 584 916 praedicere,
635 860 759 898 eum
814 844 919 901 sibi
958 844 1073 913 jam
1128 850 1489 913 praenosceret
1540 842 1858 896 imminere?

269 952 393 991 cum
445 935 562 990 haec
605 935 885 1004 praedictio
934 944 989 990 et
1032 935 1085 988 in
1116 935 1393 1005 prophetis
1424 923 1796 999 attestaretur,
1824 948 1855 986 a

268 1027 466 1095 quibus
488 1034 612 1081 sunt
646 1026 745 1081 ista
773 1026 1100 1096 conscripta,
1130 1034 1183 1081 et
1225 1025 1579 1096 prudentibus
1608 1024 1760 1081 daret
1782 1024 1858 1078 in-

268 1115 455 1187 telligi,
481 1132 642 1185 quam
672 1116 957 1188 vigilanter
982 1124 1125 1172 esset
1155 1117 1457 1173 daemonum
1490 1114 1727 1170 cavenda
1766 1113 1857 1168 fal-

269 1211 425 1275 lacia,
476 1210 760 1280 cultusque
805 1209 1089 1281 fugiendus
1116 1228 1129 1265 :
1160 1210 1250 1281 qui
1287 1226 1407 1265 cum
1456 1217 1581 1264 ante
1623 1225 1722 1279 per
1746 1220 1855 1264 tam

267 1300 486 1373 longum
511 1311 722 1372 tempus
744 1302 797 1355 in
824 1302 1037 1371 templis
1058 1302 1173 1357 suis
1196 1303 1313 1356 haec
1334 1301 1512 1355 futura
1541 1302 1856 1367 tacuissent,

266 1409 389 1462 qua:
418 1408 513 1462 per
558 1390 853 1462 prophetas
896 1391 1153 1461 praedicta
1186 1391 1435 1460 ignorare
1481 1405 1587 1444 non
1616 1398 1856 1461 possent,

265 1490 455 1552 postea
485 1498 647 1553 quam
675 1482 1109 1551 appropinquare
1133 1488 1436 1549 cmperunt,
1488 1479 1771 1534 voluerunt
1795 1495 1857 1535 ea

267 1572 424 1640 quasi
454 1572 770 1642 praedicare,
797 1585 865 1625 ne
892 1570 1063 1640 ignari
1089 1570 1323 1639 victique
1348 1578 1685 1639 putarentur.
1724 1568 1856 1625 Cum

268 1661 433 1730 igitur
476 1671 581 1715 tam
614 1660 771 1731 longe
812 1667 940 1715 ante
974 1659 1292 1730 praedictum
1318 1667 1480 1723 esset,
1511 1668 1672 1729 atque
1722 1675 1855 1715 con-

266 1752 553 1821 scriptum,
581 1760 640 1805 ut
662 1750 767 1805 alia
798 1750 1015 1805 interim
1049 1757 1280 1815 taceam,
1314 1748 1442 1803 illud
1470 1749 1611 1819 quod
1643 1748 1853 1821 Sopho-

1958 587 2115 641 quem
2144 572 2243 627 coli
2276 587 2380 626 non
2411 573 2702 642 prohibent
2722 590 2857 644 quos
2886 575 3126 630 colebat?
3171 592 3329 647 quem
3357 577 3548 649 procul

1956 661 2120 716 dubio
2147 676 2269 716 cum
2298 660 2475 716 colere
2503 664 2748 732 cmperit,
2767 664 2884 720 illos
2907 666 3090 734 utique
3120 682 3225 722 non
3255 676 3340 722 cst
3371 668 3543 724 cultu-

1958 755 2068 816 rus,
2116 767 2250 822 quos
2302 742 2553 821 prohibet
2590 754 2690 808 coli
2739 771 2895 826 quem
2948 756 3094 811 colit.
3146 756 3297 822 Quod
3359 767 3543 816 autem

1959 843 2132 913 ipsum
2163 854 2346 898 essent
2374 844 2601 903 culturae
2634 857 2821 917 gentes
2858 849 3231 904 exterminatis
3264 850 3366 911 diis
3394 850 3543 904 falsis

1957 946 2093 1001 quos
2121 941 2279 987 antea
2324 934 2607 1001 colebant,
2654 953 2683 990 a
2731 938 3007 1007 prophetis
3052 937 3167 1007 ejus
3205 956 3323 995 esse
3346 942 3540 1009 praedi-

1956 1032 2124 1091 ctum,
2157 1025 2316 1095 paulo
2373 1037 2501 1082 ante
2545 1031 3005 1095 commemoravi,
3054 1040 3108 1084 et
3143 1047 3286 1087 nunc
3334 1040 3539 1102 repeto.

1964 1113 2353 1178 «Praavalebit,
2400 1116 2595 1186 inquit,
2647 1117 2904 1172 Dominus
2954 1120 3213 1175 adversus
3266 1136 3359 1176 eos
3411 1140 3423 1173 :
3489 1130 3541 1175 et

1963 1221 1981 1253 ι
2027 1204 2410 1259 exterminabit
2450 1220 2639 1260 omnes
2681 1207 2811 1261 deos
2855 1210 3092 1278 gentium
3126 1220 3323 1264 terrre:
3364 1220 3415 1264 ct
3449 1214 3541 1264 ad-

1965 1312 1983 1344 t
2024 1294 2256 1350 orabunt
2283 1312 2430 1361 eum,
2462 1298 2828 1367 unusquisque
2858 1301 2922 1354 de
2946 1300 3062 1355 loco
3087 1317 3203 1365 suo,
3246 1296 3435 1357 omnes
3463 1304 3541 1357 in-

1965 1404 1984 1438 ι
2031 1387 2159 1441 sala:
2219 1391 2479 1459 gentium.
2535 1409 2554 1442 ι
2602 1390 2787 1460 Neque
2839 1393 2981 1449 enim
3035 1393 3165 1448 sola:
3220 1394 3409 1448 lllSlllic
3454 1395 3542 1449 hic

1958 1477 2313 1548 intelligenda:
2358 1488 2501 1544 sunt,
2536 1481 2628 1535 sed
2685 1482 2864 1550 potius
2920 1498 3106 1537 omnes
3156 1493 3342 1551 gentes
3369 1484 3421 1537 in
3456 1486 3539 1538 his

1956 1569 2145 1639 pesita:
2175 1570 2402 1625 adorant
2433 1571 2621 1625 Deum.
2658 1571 2771 1627 Nec
2812 1573 3007 1626 mirum
3035 1587 3049 1627 :
3080 1575 3293 1642 quando
3320 1576 3536 1645 quidem

1958 1660 2086 1714 alibi
2118 1675 2224 1714 non
2281 1659 2486 1716 insulas
2536 1662 2797 1725 nominat,
2839 1664 2934 1718 sed
2989 1664 3298 1718 universum
3351 1665 3537 1719 orbem

1958 1756 2247 1815 terrarum,
2276 1751 2463 1806 dicens
2498 1770 2510 1804 :
2555 1768 2572 1803 ι
2602 1751 3200 1821 Commemorabuntur,
3228 1764 3282 1811 et
3310 1772 3538 1812 conver—

267 1844 389 1897 nias
414 1845 676 1913 propheta
711 1842 840 1897 dicit
865 1857 880 1894 :
914 1861 929 1892 ι
961 1840 1278 1896 Praivalebit
1304 1840 1563 1895 Dominus
1590 1842 1848 1897 adversus
1876 1840 1923 1899 B
1957 1855 1997 1901 ι,
2016 1845 2199 1893 lentur
2224 1839 2289 1893 ad
2312 1840 2595 1894 Dominum
2626 1840 2862 1895 universi
2888 1841 3023 1897 ﬁnes
3054 1852 3235 1909 terrm,
3263 1853 3317 1899 et
3344 1846 3537 1899 adora-

271 1954 290 1984 ι
329 1949 443 2000 eos,
469 1942 525 1988 et
560 1932 942 1988 exterminabit
988 1946 1177 1987 omnes
1213 1932 1341 1985 deos
1383 1931 1623 2000 gentium
1652 1943 1846 1986 terrae:

272 2044 295 2077 ι
330 2033 385 2080 et
402 2024 701 2079 adorabunt
722 2038 866 2088 eum,
894 2022 1265 2092 unusquisque
1294 2022 1359 2077 de
1382 2021 1501 2076 loco
1523 2036 1640 2087 suo,
1664 2036 1853 2078 omnes

271 2134 291 2165 ι
330 2113 518 2169 insula:
542 2114 777 2185 gentium
802 2109 1089 2183 (Soph.u),
1115 2130 1133 2163 ι
1166 2119 1260 2165 aut
1286 2126 1393 2166 non
1421 2111 1715 2165 credebant
1750 2112 1850 2167 ista

265 2206 369 2261 sibi
421 2213 700 2270 eventura,
748 2204 840 2274 qui
884 2203 936 2257 in
975 2202 1189 2273 templis
1227 2202 1468 2272 gentium
1513 2202 1849 2267 colebantur,

262 2304 321 2352 et
359 2297 473 2351 haec
504 2294 623 2350 ideo
668 2309 761 2364 per
809 2309 936 2349 suos
983 2302 1136 2348 vates
1178 2293 1246 2347 ad
1288 2292 1556 2349 fanaticos
1599 2292 1852 2362 frequen-

269 2396 384 2440 tare
410 2385 700 2439 noluerunt
728 2402 741 2436 :
771 2393 865 2437 aut
903 2398 1022 2437 cum
1060 2399 1122 2436 ea
1168 2391 1394 2437 ventura
1425 2382 1724 2437 certissime
1753 2381 1853 2437 sci-

266 2486 407 2541 rent,
440 2476 560 2531 ideo
583 2490 678 2544 per
707 2489 802 2529 sua
834 2473 1031 2542 templa
1060 2482 1365 2539 tacuerunt,
1388 2487 1460 2528 ne
1480 2471 1594 2541 jam
1623 2481 1749 2527 tunc
1772 2473 1852 2527 in-

263 2574 509 2636 epcrent
537 2566 604 2620 ab
646 2564 955 2619 hominibus
994 2562 1419 2633 intelligentibus
1466 2562 1642 2618 deseri
1688 2572 1852 2632 atque

264 2655 560 2719 contemni,
592 2653 734 2724 quod
764 2653 830 2708 de
858 2652 1179 2722 templorum
1206 2661 1261 2706 et
1284 2652 1695 2706 simulacrorum
1726 2667 1851 2706 suo-

246 2762 384 2809 _rmn
416 2744 595 2800 futura
630 2743 909 2798 eversione
946 2743 1026 2797 eis
1060 2758 1090 2795 a
1129 2742 1405 2811 praphetis
1441 2750 1847 2809 attestarentnr,

202 2862 205 2863 ν
263 2838 355 2908 qui
399 2851 494 2892 eos
526 2836 628 2892 coli
676 2834 1057 2905 prohibebant.
1105 2832 1259 2889 Nunc
1291 2849 1418 2889 vero
1465 2841 1651 2902 postea
1688 2848 1848 2903 quam

266 2940 476 3001 tempus
500 2929 738 2993 advenit,
772 2942 878 2997 quo
908 2926 1309 2996 complerentur
1336 2925 1589 2979 vaticinia
1621 2926 1850 2996 prophe-

266 3031 438 3074 tarum
466 3019 560 3073 Dei
591 3019 771 3083 unius,
800 3018 889 3088 qui
934 3018 1066 3073 istos
1094 3016 1257 3072 falsos
1286 3017 1415 3072 deos
1460 3017 1765 3083 interdicit,
1795 3025 1851 3071 et

263 3124 331 3165 ne
371 3108 619 3164 colantur
662 3108 1137 3163 vehementissime
1171 3107 1440 3178 praecipit,
1468 3123 1565 3162 cur
1609 3122 1715 3164 non
1746 3109 1848 3162 hoc

1962 1944 1983 1978 ι
2024 1928 2158 1983 bunt
2183 1928 2235 1981 in
2265 1937 2551 1999 conspectu
2583 1927 2700 1996 ejus
2747 1930 3012 1985 universae
3054 1933 3243 2001 patrize
3272 1934 3534 2005 gentium.

1960 2040 1978 2072 ‹
2017 2021 2281 2089 Quoniam
2313 2019 2525 2077 Domini
2553 2030 2637 2076 est
2661 2036 2883 2091 regnum
2902 2062 2915 2087 ,
2944 2030 2998 2077 et
3025 2023 3137 2093 ipse
3168 2024 3538 2081 dominabitur

1958 2136 1976 2167 ι
2016 2115 2254 2188 gentiam
2287 2114 2462 2186 (Psal.
2494 2114 2627 2183 XXI).
2678 2134 2695 2170 ι
2742 2116 2866 2171 [late
2900 2101 3082 2173 autem
3112 2131 3225 2186 per
3254 2116 3529 2172 Christum

1952 2202 2117 2259 fuisse
2158 2204 2506 2273 complenda,
2540 2213 2596 2259 et
2640 2204 2759 2260 aliis
2800 2204 3048 2274 pluribus
3099 2207 3444 2273 testimoniis,
3479 2210 3537 2263 et

1953 2294 2008 2348 in
2046 2294 2235 2349 eodem
2269 2294 2383 2364 ipso
2432 2293 2677 2364 psalmo,
2725 2294 2867 2350 unde
2913 2296 3330 2351 commemoravi
3354 2336 3367 2361 ,
3400 2297 3534 2351 satis

1952 2396 2196 2455 apparet.
2222 2384 2357 2443 Cum
2388 2386 2531 2440 enim
2561 2386 2723 2455 paulo
2773 2388 3024 2455 superius
3049 2385 3287 2445 futuram
3325 2389 3534 2457 passio-

1951 2490 2077 2529 nem
2106 2490 2259 2531 suam
2286 2490 2385 2545 per
2424 2476 2742 2546 prophetam
2778 2474 2893 2545 ipse
2940 2474 3251 2544 loqueretur
3298 2476 3527 2533 dicens:

1958 2584 1976 2616 ι
2019 2565 2293 2621 Foderunt
2340 2580 2537 2620 manus
2574 2580 2725 2620 meas
2751 2574 2801 2619 et
2840 2565 3001 2635 pedes
3030 2580 3201 2629 meos,
3227 2566 3534 2620 dinumera-

1958 2678 1975 2710 ι
2024 2663 2216 2711 verunt
2236 2654 2419 2711 omnia
2444 2668 2565 2710 ossa
2589 2669 2726 2709 mea.
2762 2655 2866 2725 Ipsi
2896 2669 3025 2710 vero
3048 2655 3531 2711 consideraverunt

1956 2767 1975 2799 ‹
2020 2756 2073 2802 et
2116 2752 2513 2814 conspexerunt
2557 2759 2683 2798 me:
2733 2745 3031 2799 diviserunt
3068 2744 3169 2798 sibi
3213 2745 3533 2801 vestimenta

1955 2860 1972 2892 (
2018 2855 2161 2902 [1183,
2205 2847 2261 2891 Cl
2306 2851 2468 2905 super
2512 2845 2718 2890 vestem
2778 2851 2950 2890 meam
3008 2835 3273 2889 miserunt
3326 2844 3527 2890 sortem

1951 2928 2164 3001 (lbid.),
2233 2947 2249 2979 ι
2309 2927 2470 2996 paulo
2534 2935 2655 2995 post
2705 2922 2870 2979 infert
2920 2924 3085 2991 illud,
3132 2925 3274 2993 quod
3334 2924 3531 2996 posui:

1956 3037 1973 3070 ι
2020 3018 2620 3080 Commetnorabuntur,
2650 3022 2705 3070 et
2731 3012 3117 3073 convertentur
3144 3015 3211 3069 ad
3246 3014 3532 3069 Dominum

1949 3112 2185 3167 universi
2216 3112 2352 3166 fines
2387 3118 2566 3172 terra},
2615 3127 2632 3161 ›
2671 3117 2780 3162 etc.
2811 3107 3128 3176 Quanquam
3177 3118 3231 3161 et
3277 3106 3405 3162 illud
3453 3114 3534 3162 te.

259 3200 424 3255 etiam
453 3199 551 3268 ipsi
581 3206 917 3269 compertum
950 3198 1244 3268 pranlicere
1281 3197 1613 3262 sinerentur,
1638 3204 1696 3249 ut
1726 3196 1846 3251 inde
1875 3186 1917 3247 C
1949 3202 2263 3257 stimouium
2284 3200 2429 3270 quod
2445 3200 2598 3269 prius
2620 3198 2838 3253 adhibui
2858 3197 2946 3251 ubi
2972 3196 3173 3251 dictum
3200 3206 3305 3261 est,
3336 3216 3353 3247 ι
3390 3197 3535 3252 pm-

258 3291 461 3346 clarius
501 3297 787 3359 appareret
827 3300 923 3343 eos
948 3287 1062 3342 haec
1100 3296 1257 3341 antea
1287 3285 1371 3341 vel
1416 3286 1639 3343 minime
1669 3284 1841 3362 credi-

258 3382 421 3443 disse,
447 3380 527 3434 vel
556 3379 669 3433 suis
696 3378 995 3433 cultoribus
1025 3379 1309 3433 enuntiare
1338 3378 1615 3433 timuisse?
1657 3377 1713 3431 ln
1743 3378 1847 3431 [inc

258 3479 438 3523 autem
490 3477 745 3537 tanquam
777 3467 910 3521 nihil
956 3468 1187 3537 amplius
1234 3468 1496 3523 habentes
1536 3467 1678 3537 quod
1717 3482 1843 3537 age-

258 3572 397 3626 rent,
423 3562 585 3615 etiam
621 3560 689 3614 ibi
734 3560 966 3615 voluisse
1003 3575 1153 3614 suam
1179 3568 1455 3615 ostentare
1480 3558 1842 3623 divinitatem,

257 3650 345 3706 ubi
370 3652 483 3721 jam
515 3652 818 3721 produntur
858 3650 947 3704 diu
993 3650 1275 3706 simulasse
1304 3649 1696 3704 divinationem
1726 3666 1738 3701 :
1767 3658 1844 3702 ta—

256 3760 377 3798 men
424 3758 522 3799 nec
553 3745 651 3798 ista
683 3745 795 3814 ipsa
823 3759 944 3812 qua:
992 3743 1060 3798 ab
1097 3744 1176 3798 eis
1202 3742 1292 3797 vix
1337 3757 1460 3796 raro
1502 3751 1557 3796 et
1596 3740 1845 3796 clanculo

252 3833 621 3904 proferuntur,
648 3847 864 3888 movere
900 3848 1001 3887 nos
1029 3833 1243 3895 debent,
1272 3832 1317 3886 si
1350 3832 1605 3901 cuiquam
1647 3830 1844 3885 damm-

257 3941 384 3979 num
433 3931 679 3979 exortum
707 3933 789 3978 est
830 3923 885 3979 id
922 3923 1152 3994 prodere
1198 3921 1495 3976 cultoribus
1543 3920 1677 3985 suis,
1702 3919 1843 3989 quod

255 4015 522 4069 didicerat
553 4027 616 4067 ex
662 4012 889 4082 eloquiis
934 4012 1336 4083 prophetarum,
1386 4010 1470 4063 vel
1501 4025 1566 4064 ex
1610 4008 1843 4062 oraculis

250 4101 563 4173 angelorum
589 4121 601 4155 :
626 4102 767 4171 quod
793 4118 888 4156 car
910 4116 1016 4155 non
1050 4100 1223 4164 fieret,
1252 4114 1373 4153 cum
1411 4108 1467 4153 et
1492 4098 1597 4153 ista
1628 4113 1735 4151 non
1773 4098 1841 4150 sit

249 4192 598 4262 oppugnatio,
631 4190 724 4245 sed
749 4191 1026 4246 attestatio
1050 4189 1333 4244 veritatis?
1363 4188 1499 4264 illud
1526 4189 1667 4249 enim
1698 4188 1840 4257 quod

248 4283 424 4338 solum
466 4281 533 4336 ab
577 4282 708 4351 ipsis
759 4280 1010 4335 fanaticis
1052 4279 1401 4351 ﬂagitandum
1442 4290 1557 4344 est,
1603 4295 1703 4334 nec
1743 4295 1839 4333 un-

247 4390 415 4445 quam
449 4382 606 4427 antea
638 4372 993 4443 protalerunt,
1024 4387 1127 4427 nec
1155 4387 1395 4443 unquam
1428 4379 1691 4442 prsetcrea
1735 4371 1835 4425 nisi

248 4465 391 4523 forte
434 4464 749 4531 confictam,
790 4464 1035 4533 proferre
1074 4464 1412 4519 conabuntur
1457 4462 1659 4530 ahquid
1709 4464 1837 4518 deos

246 4578 378 4618 suos
408 4576 505 4633 per
528 4569 679 4616 vates
710 4575 837 4615 suos
859 4569 1047 4614 contra
1076 4557 1243 4613 Deum
1269 4555 1434 4611 lsrael
1466 4570 1626 4610 ausos
1669 4553 1834 4610 fuisse

245 4654 579 4727 praedicere:
610 4661 703 4706 aut
726 4651 906 4706 dicere
933 4637 1135 4719 dequo
1163 4648 1271 4704 Deo
1306 4646 1604 4703 doctissimi
1642 4660 1832 4703 eorum

245 4752 521 4807 auctores,
547 4743 640 4812 qui
676 4742 856 4798 omnia
896 4740 986 4795 illa
1028 4740 1205 4811 legere
1244 4754 1308 4793 ac
1332 4752 1494 4794 nosse
1520 4744 1829 4807 potuerunt,

247 4834 421 4905 magis
471 4833 833 4901 quzcsiverant
883 4832 1005 4901 quis
1053 4832 1194 4887 Deus
1234 4840 1405 4897 esset,
1453 4845 1615 4900 quam
1664 4828 1830 4883 Deum

245 4938 449 4994 negare
502 4929 810 4993 potuerunt.
867 4921 1041 4976 Porro
1092 4931 1271 4978 autem
1321 4922 1461 4977 Deus
1498 4921 1617 4977 iste
1672 4936 1830 4991 quem

245 5015 427 5070 nullus
454 5029 641 5069 eorum
691 5027 888 5083 negare
930 5027 1094 5068 ausus
1123 5021 1205 5067 est
1248 5027 1432 5067 verum
1468 5011 1635 5065 Deum
1658 5051 1672 5075 ,
1703 5011 1827 5079 quia

242 5115 299 5162 et
331 5105 377 5161 si
406 5114 653 5173 negaret,
694 5119 799 5158 non
840 5103 1014 5159 solum
1060 5101 1365 5171 subiaceret
1405 5102 1601 5157 debitis
1630 5101 1826 5170 pomis,

250 5209 432 5251 terum
480 5195 644 5249 etiam
676 5194 841 5249 certis
870 5193 1283 5248 convinceretur
1309 5192 1530 5247 eﬂ‘ectis.
1556 5190 1660 5244 lste
1700 5204 1827 5258 ergo

244 5288 387 5342 Deus
408 5301 569 5355 quem
593 5300 772 5347 nemo,
805 5293 865 5339 ut
901 5284 1035 5348 dixi,
1059 5282 1271 5339 illorum
1296 5296 1494 5353 negare
1528 5294 1690 5334 ausus
1720 5286 1823 5341 est,

242 5394 432 5432 verum
476 5376 664 5441 Deum,
694 5376 813 5431 illos
858 5374 1020 5430 falsos
1061 5388 1179 5429 esse
1208 5374 1356 5437 deos,
1387 5379 1439 5425 ct
1480 5368 1699 5425 omnino
1736 5370 1826 5422 de-

244 5470 524 5532 serendos,
539 5482 834 5536 eorumque
850 5466 1045 5537 templa
1062 5474 1115 5519 et
1134 5464 1423 5519 simulacra
1441 5470 1492 5517 et
1511 5475 1664 5515 sacra
1680 5474 1829 5513 ever-

247 5559 430 5623 tenda,
462 5575 557 5627 per
582 5573 707 5613 suos
733 5565 901 5621 vates,
924 5558 1027 5613 hoc
1046 5563 1151 5623 est,
1181 5555 1491 5625 prophetas,
1517 5560 1702 5622 aperta
1735 5552 1828 5605 de-

246 5652 587 5709 nuntiatione
635 5651 883 5723 przedixit
928 5669 939 5703 :
975 5659 1159 5721 aperta
1213 5655 1478 5718 potestate
1524 5645 1826 5715 prmcepit:

246 5753 435 5815 aperta
462 5744 690 5798 veritate
718 5742 1020 5803 complevit.
1056 5741 1227 5805 Unde,
1262 5739 1382 5809 quis
1421 5747 1503 5793 est
1531 5738 1623 5807 qui
1660 5751 1829 5806 usque

1947 3292 2147 3348 valebit
2196 3292 2453 3346 Dominus
2482 3290 2742 3344 adversus
2766 3303 2881 3353 eos,
2913 3296 2968 3342 et
2996 3286 3377 3342 exterminabit
3406 3300 3529 3341 om-

1948 3400 2046 3440 nes
2068 3385 2197 3439 deos
2226 3383 2464 3454 gentiam
2514 3400 2533 3433 ι
2571 3389 2746 3443 terrm,
2780 3380 2832 3433 iu
2860 3394 2925 3435 eo
2967 3378 3110 3450 quod
3162 3378 3396 3450 positum
3424 3386 3528 3440 est,

1954 3495 1972 3527 ι
1995 3473 2325 3544 praevalebit,
2352 3492 2370 3523 ι
2405 3454 2538 3529 satis
2560 3469 2862 3526 ostenditur
2883 3470 3047 3524 etiam
3077 3471 3179 3525 hoc
3200 3468 3531 3539 praenuntia-

1949 3574 2083 3628 tum,
2115 3563 2259 3632 quod
2294 3562 2488 3633 pagani
2525 3562 2675 3631 prius
2715 3550 3077 3630 oppugnaturi
3110 3567 3290 3612 essent
3346 3557 3533 3613 Eccle-

1946 3659 2126 3722 siam,
2178 3670 2483 3723 nomenque
2540 3653 2930 3716 Christianum,
2962 3658 3221 3719 quantum
3268 3648 3524 3710 valerent.

1948 3744 2283 3816 persecuturi
2310 3762 2321 3796 :
2352 3753 2411 3797 ut
2438 3742 2481 3796 si
2515 3740 2628 3795 fieri
2656 3749 2869 3810 posset,
2899 3740 2965 3797 de
3003 3748 3145 3793 terra
3174 3738 3392 3791 omnino
3434 3738 3528 3791 de-

1946 3837 2167 3892 leretur.
2204 3835 2267 3889 Et
2291 3834 2415 3903 quia
2444 3847 2537 3887 eos
2563 3831 2820 3900 patientia
2868 3838 3191 3897 martyrum,
3235 3837 3286 3883 et
3317 3828 3525 3895 magni-

1947 3930 2131 3983 tudine
2164 3924 2566 3987 miraculorum,
2596 3932 2649 3977 ct
2674 3929 3037 3991 consequente
3069 3921 3172 3976 fide
3203 3920 3523 3991 populormn

1944 4030 2061 4077 erat
2088 4029 2460 4091 superaturus,
2490 4018 2632 4081 ideo,
2663 4016 2803 4071 sicut
2833 4016 3033 4071 dictum
3064 4022 3147 4069 est
3172 4055 3185 4078 ,
3217 4012 3528 4083 prmvalebit

1943 4113 2205 4168 Dominus
2240 4111 2500 4166 adversus
2520 4124 2634 4164 eos.
2674 4106 2789 4162 Non
2826 4107 2967 4161 enim
3007 4106 3299 4169 diceretur,
3334 4124 3350 4155 ‹
3383 4119 3519 4173 prm-

1942 4204 2141 4259 valebit
2165 4202 2425 4257 adversus
2456 4214 2572 4263 eos,
2609 4218 2627 4250 ι
2671 4197 2771 4251 nisi
2801 4196 3157 4266 oppugnanﬂo
3190 4195 3264 4247 illi
3305 4195 3523 4248 resiste-

1942 4302 2042 4349 ret.
2078 4292 2227 4349 Unde
2254 4300 2307 4347 et
2333 4292 2385 4345 in
2414 4290 2621 4361 psalmo
2664 4288 2736 4341 ita
2766 4288 3142 4357 prophetatum
3200 4294 3276 4339 est
3337 4283 3510 4355 (I'sal.

1942 4384 2043 4453 tt);
2084 4402 2101 4433 ι
2140 4382 2210 4438 Ut
2247 4382 2374 4451 quid
2417 4380 2755 4439 fremuerunt
2798 4386 3005 4449 gentes,
3030 4385 3086 4443 et
3122 4376 3301 4446 populi
3354 4378 3521 4431 medi-

1930 4493 1963 4535 η(
2003 4474 2099 4528 tati
2127 4482 2251 4527 sunt
2272 4472 2484 4526 inania?
2508 4471 2807 4525 Astiterunt
2831 4483 2986 4537 reges
3029 4479 3208 4531 terrae,
3232 4476 3284 4523 et
3324 4468 3525 4537 princi-

1947 4585 1965 4617 σ
2012 4579 2107 4637 pes
2135 4569 2502 4618 convenerunt
2525 4561 2576 4618 in
2611 4574 2801 4623 unum,
2832 4556 3093 4612 adversus
3128 4557 3441 4622 Dominum,
3468 4566 3522 4613 et

1947 4676 1966 4708 ‹
2011 4656 2268 4716 adversus
2297 4652 2571 4715 Christum
2599 4650 2735 4720 ejus.
2776 4669 2796 4703 ι
2832 4648 2899 4703 Et
2923 4648 3082 4720 paulo
3125 4656 3247 4719 post
3276 4649 3474 4707 dicitur
3506 4668 3522 4711 ;

1947 4770 1963 4800 ι
2004 4746 2261 4802 Dominus
2284 4744 2420 4801 dixit
2441 4744 2508 4799 ad
2535 4757 2640 4808 me,
2665 4740 2833 4796 Filius
2861 4756 3014 4795 meus
3039 4756 3098 4795 es
3129 4749 3206 4806 tu,
3238 4756 3335 4813 ego
3364 4742 3522 4797 hodie

1946 4861 1963 4892 ι
2004 4840 2163 4912 genui
2218 4848 2289 4893 te.
2342 4835 2558 4891 Postulat
2606 4850 2635 4889 a
2667 4849 2775 4897 me,
2814 4840 2871 4888 et
2900 4834 3039 4887 dabo
3067 4832 3105 4885 ti
3128 4833 3163 4887 ii
3191 4840 3378 4901 gentes
3421 4832 3521 4885 Ine-

1946 4951 1962 4981 ι
2010 4930 2292 4985 reditatem
2338 4934 2506 4989 tuam,
2538 4933 2592 4985 et
2630 4923 3027 4993 possessionem
3060 4930 3204 4975 tuam
3262 4921 3520 4975 terminos

1943 5040 1961 5072 ε
2007 5030 2183 5075 teme.
2226 5037 2243 5068 ι
2275 5016 2371 5071 llis
2422 5023 2585 5083 atque
2630 5013 2931 5083 huiusmodi
2986 5011 3316 5081 propheticis
3363 5010 3519 5064 docu-

1937 5110 2133 5165 mentis
2161 5105 2480 5175 praedictum
2509 5104 2814 5159 ostenditur
2834 5142 2847 5168 ,
2872 5103 3014 5173 quod
3044 5102 3285 5155 videmus
3311 5099 3517 5170 impleri

1935 5216 2031 5269 per
2076 5197 2349 5253 Christum
2379 5194 2622 5248 futurum
2655 5193 2821 5249 fuisse
2840 5233 2854 5258 ,
2879 5202 2939 5247 ut
2971 5192 3109 5247 Deus
3137 5191 3321 5253 lsracl,
3351 5206 3510 5260 quem

1935 5306 2099 5345 unum
2141 5303 2325 5341 verum
2375 5287 2543 5340 Deum
2590 5286 2958 5356 intelligimus,
2985 5299 3091 5339 non
3144 5284 3197 5339 in
3240 5300 3343 5336 una
3400 5284 3515 5352 ipsa

1934 5388 2112 5451 gente,
2141 5392 2259 5446 qua:
2288 5377 2555 5447 appellata
2578 5384 2659 5430 est
2682 5374 2842 5431 lsrael
2866 5414 2879 5440 ,
2905 5375 2996 5429 sed
3020 5375 3072 5427 in
3102 5374 3353 5428 omnibus
3385 5386 3485 5441 gen

1938 5472 2078 5525 tibus
2115 5466 2382 5522 coleretur
2413 5483 2426 5519 :
2459 5474 2512 5520 ct
2548 5481 2735 5520 omnes
2775 5464 2938 5519 falsos
2981 5464 3109 5519 deos
3156 5461 3391 5533 gentiam
3419 5500 3433 5525 ,
3464 5468 3517 5513 et

1937 5574 1967 5614 a
2006 5558 2219 5627 templis
2268 5572 2474 5618 eorum,
2525 5564 2579 5609 et
2626 5571 2654 5608 a
2700 5554 2955 5609 cordibus
2990 5553 3257 5607 cultorum
3292 5565 3510 5604 suorum

1939 5647 2269 5702 amoliretur.
2299 5645 2436 5699 Eant
2462 5658 2603 5698 nunc
2634 5642 2740 5708 isti,
2770 5649 2821 5696 et
2846 5642 3022 5695 adhuc
3048 5649 3232 5695 contra
3255 5639 3515 5693 Christia-

1940 5754 2070 5794 nam
2103 5736 2438 5807 religionem,
2466 5741 2654 5788 contra
2679 5748 2859 5788 verum
2889 5732 2982 5787 Dei
3018 5731 3219 5786 cultum
3251 5716 3517 5786 vanitates
