3924 6334
460 306 590 367 “07

1089 321 1152 377 Β.
1193 323 1442 378 ΒΑΒᾹΝΙ
1482 325 1698 382 MAURI
1734 326 2021 383 ARCIIIEF

2132 329 2403 391 IOGUNT.
2440 330 2725 393 οΡιειιωι
2765 340 2945 396 PARS
2985 341 3047 397 II.

3572 350 3705 407 “08

452 426 708 538 pristinﬂs
736 427 1064 538 defenlsitar‘e
1094 434 1347 538 audeant,
1371 444 1443 538 ἰιι
1486 452 1607 491 eum
1653 438 2027 538 strepituper—
2056 446 2110 503 Α
2140 464 2158 495 ‹
2205 456 2262 499 ut
2308 449 2526 505 staretis
2564 451 2617 505 in
2652 453 2835 522 pra-lio
2876 454 2929 509 in
2962 457 3048 511 die
3095 458 3306 517 Domini
3351 463 3562 538 (Ibid.).
3588 488 3605 518 ι
3642 468 3706 523 Et

451 525 594 570 eant.
633 512 765 572 Nam
800 529 855 574 et
884 520 987 575 hoc
1009 522 1073 576 de
1104 523 1209 578 illis
1240 526 1551 595 praedictum
1580 534 1662 581 est
1693 529 1745 581 in
1779 528 2017 598 psalmis,

450 608 660 662 dicente
705 610 964 678 propheta
996 608 1170 683 (Psal.
1212 614 1289 683 xx)
1323 632 1334 667 :
1373 634 1392 666 ‹
1429 614 1625 671 Sedisti
1669 634 1831 688 super
1869 620 2020 674 thro-

455 712 472 745 ι
521 716 647 753 ιιιιηι
679 701 770 770 qui
792 701 1005 770 judicas
1032 705 1361 772 aequitatem.
1400 705 1690 777 Increpasti
1736 718 1945 778 gentes,
1969 720 2024 766 et

453 808 469 839 ι
515 793 673 858 periit
699 792 927 863 impius,
956 809 1151 850 nomen
1202 810 1388 851 eorum
1438 798 1706 852 delesti‘in
1735 809 2019 866 zeternum,

452 899 471 930 ι
517 892 573 935 et
620 882 674 936 in
723 884 975 939 saxulum
1027 886 1228 941 saeculi.
1253 888 1425 942 Amici
1474 888 1786 945 defecerunt
1816 890 2021 946 framea

456 987 472 1021 ι
518 972 572 1027 in
603 974 794 1038 linem,
837 983 893 1030 et
940 975 1189 1032 civitates
1227 993 1415 1032 eorum
1467 980 1803 1035 destruxisti.
1854 982 2023 1036 Periit

512 1063 772 1119 memoria
821 1079 1010 1119 eorum
1042 1082 1164 1121 cum
1216 1070 1443 1137 strepitu
1492 1086 1504 1121 :
1548 1077 1600 1123 et
1653 1069 1912 1125 Dominus
1967 1071 2020 1126 in

456 1190 472 1208 .
513 1164 773 1210 aiternum
824 1166 1124 1226 permanet.
1174 1179 1192 1212 ι
1235 1159 1465 1215 Necesse
1503 1170 1587 1214 est
1635 1176 1786 1232 ergo,
1818 1170 1877 1216 ut
1918 1163 2019 1217 im-

446 1245 696 1318 pleantur
719 1248 833 1303 haec
860 1250 1061 1315 omnia,
1092 1266 1191 1306 nec
1217 1252 1378 1305 etiam
1412 1252 1537 1305 illud
1560 1253 1703 1321 quod
1730 1254 1906 1310 adhuc
1928 1270 2024 1309 au-

447 1339 575 1392 dent
603 1338 702 1407 ipsi
737 1340 892 1407 pauci
941 1341 1031 1407 qui
1085 1351 1492 1406 remanserunt,
1536 1343 1852 1414 vaniloquas
1897 1361 2023 1401 suas

444 1438 720 1485 ostentare
775 1429 1082 1498 doctrinas,
1127 1442 1181 1486 et
1218 1432 1556 1489 Christianos
1616 1442 1871 1503 tanquam
1923 1436 2023 1489 iut-

444 1522 798 1591 peritissimos
838 1523 1087 1588 irridere,
1135 1539 1234 1579 nos
1279 1540 1625 1580 commovere
1673 1526 1853 1591 debet,
1895 1527 2019 1581 dum

442 1613 521 1667 eis
545 1613 752 1680 impleri
784 1629 847 1668 ea
878 1630 995 1683 qute
1022 1615 1277 1682 prmdicta
1307 1624 1434 1670 sunt
1481 1617 1777 1671 videamus.
1810 1617 1886 1671 Ex
1914 1632 2024 1687 quo

441 1704 585 1757 enim
625 1703 962 1759 fremuerunt
1014 1714 1316 1775 gentes,et
1369 1705 1549 1775 populi
1604 1706 1845 1761 meditati
1893 1717 2020 1761 sunt

2126 552 2337 592 rursum
2365 553 2379 592 :
2415 559 2432 591 ι
2464 538 2576 604 Vm,
2604 542 2799 612 inquit,
2845 548 3150 614 pastoribus
3184 549 3368 617 Israel,
3398 556 3490 623 qui
3522 572 3705 625 pasce-

2130 643 2149 676 l
2196 624 2324 681 bant
2375 632 2711 703 semetipsos.
2790 633 2977 689 Nonne
3049 654 3238 708 greges
3313 624 3608 710 pascuntur
3673 664 3702 702 a

2130 735 2150 767 c
2196 720 2530 786 pastoribus?
2580 721 2686 776 Lac
2732 726 3117 793 comedebatis,
3158 738 3211 783 ct
3251 731 3391 789 lanis
3420 738 3701 804 operieba-

2130 824 2150 859 ι
2194 810 2344 876 mini,
2370 818 2425 866 et
2469 814 2610 881 quod
2640 829 2881 869 crassum
2914 827 3033 872 erat
3081 822 3411 879 occidebatis
3441 844 3455 879 :
3490 842 3703 896 gregem

2128 917 2147 951 ‹
2187 909 2364 955 autem
2392 918 2567 957 meum
2602 919 2705 957 non
2741 908 3065 974 poscebatis.
3094 910 3247 977 Quod
3277 915 3552 972 intirmum
3586 918 3699 983 fuit,

2129 1006 2147 1039 ‹
2192 1004 2297 1043 non
2347 992 2727 1048 consolidastis
2753 1011 2766 1045 :
2796 998 3021 1065 etquod
3064 1010 3357 1069 aegrotum,
3401 1018 3507 1059 non
3549 1022 3704 1061 sana—

2195 1080 2331 1133 stis:
2362 1082 2503 1149 quod
2552 1081 2783 1137 fraetum
2826 1095 2941 1151 est,
2974 1103 3077 1142 non
3126 1090 3385 1161 alligastis
3422 1113 3439 1149 :
3470 1104 3525 1149 et
3566 1099 3702 1166 quol

2192 1169 2489 1238 abjectum,
2541 1187 2646 1226 non
2696 1175 2987 1231 reduxistis
3028 1196 3041 1230 :
3087 1181 3230 1247 quod
3282 1184 3551 1251 perierat,
3604 1204 3703 1240 non

2193 1259 2479 1326 qutesistis.
2507 1260 2613 1316 Sed
2643 1278 2765 1317 cum
2805 1268 3119 1322 austeritate
3147 1272 3499 1340 imperabatis
3544 1277 3626 1331 eis
3654 1287 3706 1332 et

2194 1363 2313 1402 cum
2366 1353 2603 1419 potentia
2646 1369 2659 1405 :
2707 1363 2763 1407 et
2807 1356 3067 1423 dispersa:
3110 1371 3236 1415 sunt
3277 1378 3404 1419 oves
3457 1383 3613 1431 mete,
3643 1384 3703 1423 eo

2192 1440 2333 1506 quod
2374 1454 2478 1493 non
2527 1457 2670 1497 esset
2704 1453 2926 1512 pastor:
2957 1456 3009 1501 et
3055 1448 3212 1505 facta:
3243 1464 3366 1507 sunt
3400 1454 3452 1507 in
3483 1456 3705 1510 devora-

2129 1544 2145 1576 ι
2194 1527 2396 1584 tionem
2437 1532 2675 1585 omnium
2705 1533 2997 1589 bestiarum
3030 1540 3168 1609 agri,
3195 1549 3250 1595 et
3292 1542 3549 1612 dispersae
3584 1556 3704 1602 sunt

2130 1634 2148 1666 ‹
2196 1614 2410 1689 (Ezech.
2435 1623 2643 1691 xxxw).
2669 1642 2687 1673 ›
2717 1622 2851 1678 Ilinc
2872 1634 2925 1679 et
2940 1642 3034 1696 per
3050 1626 3339 1686 Jercmiam
3358 1635 3558 1689 dicitur
3580 1655 3593 1690 :
3618 1655 3636 1688 ι
3662 1636 3706 1693 Δ

2133 1726 2151 1758 ι
2198 1708 2420 1764 minimo
2456 1726 2627 1782 usque
2654 1714 2720 1769 ad
2752 1718 3064 1783 maximum,
3092 1737 3281 1777 omnes
3305 1726 3591 1780 avaritiam
3628 1744 3706 1783 se-

2128 1096 2146 1129 Ι

2129 1188 2146 1220 ε

2128 1276 2146 1309 ί

2127 1366 2145 1398 ι

2129 1456 2147 1486 ι

445 1796 647 1863 inania,
694 1799 954 1855 adversus
1014 1801 1296 1854 Dominum
1339 1809 1394 1854 et
1438 1801 1695 1856 adversus
1748 1799 2024 1855 Christum
2056 1783 2101 1842 Β
2134 1816 2151 1847 ι
2198 1808 2458 1867 fruuntur.
2486 1802 2531 1856 A
2561 1805 2819 1875 propheta
2848 1823 3019 1878 usque
3046 1811 3114 1864 ad
3137 1814 3495 1878 sacerdotem,
3525 1819 3701 1872 cuncti

440 1890 575 1958 ejus,
600 1891 813 1958 quando
838 1892 904 1944 ab
924 1891 1002 1945 eis
1022 1891 1345 1945 fundebatur
1364 1892 1583 1962 sanguis
1607 1900 1941 1956 sanctorum,
1966 1900 2024 1946 et

446 1979 760 2032 vastabatur
800 1976 1037 2033 Ecclesia
1073 1994 1241 2049 usque
1284 1981 1349 2035 ad
1380 1981 1481 2035 hoc
1513 1989 1746 2049 tempus,
1776 1989 1830 2035 et
1867 1981 2019 2035 dein-

442 2078 570 2140 ceps
599 2072 838 2141 quotidie
864 2070 1195 2126 minuuntur.
1220 2071 1328 2126 Nos
1355 2082 1533 2127 autem
1556 2073 1812 2128 adversus
1833 2088 2019 2128 eorum

442 2160 729 2229 opprobria
762 2171 816 2215 et
847 2162 1104 2229 superbas
1133 2162 1410 2217 irrisiones
1442 2161 1763 2217 fortissimos
1792 2163 2040 2217 reddunt'

441 2251 655 2304 oracula
704 2251 820 2315 Dei,
854 2266 973 2321 qua:
1002 2234 1068 2306 de
1119 2251 1242 2312 hac.
1279 2267 1493 2321 quoque
1545 2267 1605 2305 re
1654 2252 1916 2317 videmus,
1967 2262 2022 2307 et

442 2341 736 2410 gaudemus
799 2340 1031 2410 impleri.
1092 2340 1185 2396 Sic
1230 2341 1373 2396 enim
1426 2357 1523 2396 nos
1582 2341 1871 2410 alloquitur
1925 2358 2022 2411 per

442 2432 755 2500 prophetam
786 2449 798 2483 :
836 2450 854 2481 ι
891 2430 1084 2486 Audite
1128 2447 1212 2487 me
1240 2433 1328 2501 qui
1357 2432 1805 2500 scitisjudicinm,
1825 2434 2020 2504 pepule

450 2540 465 2571 ι
514 2536 687 2587 meus,
731 2522 782 2575 in
814 2538 1041 2592 quorum
1085 2525 1249 2578 corde
1281 2524 1366 2577 lex
1421 2539 1559 2579 mea.
1591 2524 1891 2594 Opprobria
1924 2526 2021 2579 ho-

449 2630 464 2660 ι
513 2612 715 2667 minutn
748 2612 915 2667 nolite
960 2621 1234 2679 metuere,
1262 2622 1317 2668 et
1346 2605 1679 2670 detractiOne
1723 2630 1910 2670 eormn
1953 2631 2021 2670 ne

449 2721 466 2753 ι
512 2705 841 2776 superemini
869 2719 883 2758 :
914 2721 1013 2760 nec
1038 2705 1180 2775 quod
1213 2720 1306 2761 vos
1344 2714 1623 2775 spernant,
1646 2706 1822 2775 magni
1855 2706 2021 2761 duxe-

448 2816 463 2844 ι
516 2796 651 2849 ritis.
684 2793 836 2850 Sicut
857 2797 999 2850 enim
1030 2793 1438 2860 vestimentum,
1467 2797 1540 2849 ita
1570 2812 1668 2866 per
1696 2806 1904 2867 tempus
1926 2797 2021 2850 ab-

446 2905 462 2934 ι
510 2893 813 2947 sumuntur,
838 2897 892 2941 et
914 2888 1053 2942 sicut
1076 2888 1197 2942 lana
1221 2904 1250 2941 a
1288 2888 1457 2953 tinea,
1485 2889 1853 2944 comedentur.
1883 2887 2020 2944 Justi

447 3000 462 3028 ι
505 2987 684 3032 autem
728 2980 780 3031 in
807 2994 870 3032 ea
918 2980 971 3032 in
1005 2990 1265 3033 teternunt
1296 2988 1530 3034 manent.
1566 2999 1584 3032 ι
1618 2980 2020 3034 Attendendum

440 3080 699 3142 estergo,
737 3082 900 3141 atque
948 3073 1094 3127 omni
1125 3073 1300 3127 studio
1346 3073 1665 3137 cavendum,
1704 3088 1771 3127 ne
1817 3073 2018 3127 nostris

442 3140 776 3231 temporibus
816 3140 874 3215 in
913 3163 1107 3232 quibus
1138 3163 1380 3217 videmus
1405 3163 1770 3217 Christianam
1800 3162 2016 3231 religio-
2046 3140 2089 3200 C

443 3268 565 3306 Leni
626 3254 679 3306 in
742 3263 854 3307 toto
918 3254 1048 3308 orbe
1109 3253 1423 3317 dilatatam,
1481 3262 1701 3322 propter
1756 3253 2019 3307 desidiam

441 3346 859 3414 magistrorum,
912 3355 965 3399 et
1021 3345 1271 3398 inertiam
1340 3344 1658 3407 doctorum,
1720 3343 1876 3412 pauci
1942 3342 2019 3397 illi

438 3436 528 3503 qui
594 3435 769 3489 adhuc
812 3446 1134 3505 supersunt,
1192 3436 1523 3489 confundant
1585 3436 1749 3490 ritum
1797 3435 2020 3490 culturae

442 3530 553 3579 veri
605 3528 699 3581 Dei
747 3536 799 3581 et
848 3528 1192 3582 dtemouiacis
1226 3528 1561 3582 illusionibus
1600 3527 1895 3597 depravati,
1934 3526 2017 3582 di-

445 3619 743 3674 vinationes
791 3620 957 3675 falsas
995 3621 1045 3674 in
1093 3621 1289 3690 populo
1335 3622 1426 3674 Dei
1481 3628 1666 3691 agunt,
1710 3621 1941 3675 rusticos
1966 3629 2021 3675 et

448 3709 724 3777 imperitos
783 3712 1093 3765 seducunt:
1148 3711 1219 3765 ita
1266 3718 1324 3764 ut
1367 3711 1578 3765 deserta
1627 3710 1739 3780 ipsa
1796 3712 2021 3764 veritate

441 3817 559 3868 qu;e
594 3822 611 3851 ι
645 3802 732 3855 lux
776 3810 859 3858 est
885 3803 1089 3867 mundi,
1122 3812 1177 3856 et
1202 3802 1468 3856 illuminat
1503 3817 1717 3857 omnem
1748 3802 2019 3856 hominem

443 3892 744 3945 venientem
790 3890 843 3948 in
885 3894 1030 3947 hunc
1072 3893 1328 3947 mundum
1358 3914 1376 3944 ι
1409 3894 1754 3949 tenebrarum
1804 3894 2016 3957 harum,

442 3991 686 4049 quatrmtt
726 3984 1005 4037 scientiam
1035 3983 1357 4049 futurorum,
1386 3992 1440 4036 et
1460 4000 1491 4037 a
1518 3983 1895 4053 deceptoribus
1924 3984 2021 4038 ho-

442 4077 646 4129 minum
679 4082 920 4144 quierant
955 4075 1181 4129 salutem
1213 4075 1538 4139 animarum,
1566 4073 1679 4129 sive
1710 4074 1871 4128 etiam
1900 4089 2017 4129 cor-

442 4184 630 4237 porum
660 4182 901 4220 suorum.
934 4164 1027 4218 llis
1049 4167 1192 4219 enim
1224 4164 1761 4233 prmvaricationibus
1790 4166 2020 4219 maxime

444 4260 690 4312 irritatur
704 4256 866 4321 Deus,
893 4267 947 4312 et
974 4257 1039 4309 ad
1071 4256 1360 4310 vindictam
1391 4266 1728 4325 provocatur.
1758 4256 1909 4311 Unde
1926 4271 2022 4325 per

444 4349 779 4403 Ezechielem
817 4348 1177 4401 counninatur
1202 4347 1385 4403 dicens
1413 4365 1426 4401 :
1457 4366 1475 4397 ι
1508 4347 1598 4401 Va}
1628 4348 1901 4417 prophetis
1939 4348 2021 4402 in-

451 4462 466 4489 ι
515 4440 854 4510 sipientibus,
883 4439 973 4507 qui
1005 4449 1306 4507 sequuntur
1343 4440 1589 4509 spiritum
1619 4452 1773 4493 suum
1802 4448 1856 4495 et
1887 4440 2018 4494 nihil

452 4554 467 4583 α
519 4536 720 4599 vident,
758 4536 911 4602 quasi
958 4536 1141 4604 vulpes
1184 4536 1235 4588 in
1268 4534 1497 4589 desertis
1541 4533 1813 4602 propheta:
1857 4530 2020 4585 Israel

452 4647 465 4674 ι
513 4636 692 4679 οιιιιιι.
744 4626 991 4695 Nunquid
1024 4644 1127 4678 non
1159 4625 1415 4679 visionem
1448 4632 1655 4679 cassam
1703 4624 1932 4687 vidistis,
1964 4633 2020 4678 et

453 4738 466 4761 α
516 4716 900 4770 divinationem
931 4716 1328 4770 mendaciorum
1355 4712 1515 4768 locuti
1539 4713 1706 4768 estis?
1735 4722 1789 4768 et
1808 4715 2017 4768 dicitis:

452 4832 467 4862 ι
518 4812 605 4865 Ait
639 4812 915 4875 Dominus,
942 4827 1061 4865 cum
1090 4827 1189 4879 ego
1220 4826 1322 4863 non
1346 4810 1446 4863 sint
1474 4810 1701 4862 locutus.
1732 4807 2021 4877 Propterea

451 4926 464 4949 ε
517 4905 627 4956 haec
669 4903 798 4957 dicit
836 4902 1092 4955 Dominus
1127 4900 1312 4954 Deus':
1342 4900 1475 4966 Quia
1508 4899 1670 4952 locuti
1695 4900 1827 4953 estis
1859 4916 2016 4963 vana,

456 5016 466 5035 ι
514 5004 566 5045 et
599 4994 806 5047 vidistis
837 4994 1195 5054 ntetulat'itnn,
1245 4991 1362 5044 ideo
1400 5005 1525 5044 ecce
1556 5005 1655 5059 ego
1698 4991 1764 5043 ad
1796 5007 1909 5052 vos,
1948 4991 2025 5044 ait

452 5108 465 5133 ι
520 5085 773 5139 Dominus
807 5084 981 5138 Deus:
1012 5093 1065 5137 et
1098 5084 1202 5137 erit
1234 5099 1422 5136 manus
1457 5099 1570 5136 mea
1613 5099 1774 5152 super
1801 5084 2026 5152 prophe-

453 5199 467 5225 ι
520 5185 600 5229 tas
629 5176 718 5244 qui
751 5177 933 5229 vident
964 5192 1118 5236 vana,
1163 5183 1217 5228 et
1261 5175 1502 5227 divinant
1554 5175 1889 5228 mendacium:
1932 5176 2023 5229 :iu

452 5284 465 5310 ι
516 5264 741 5318 consilio
786 5264 961 5333 populi
1016 5266 1115 5317 mei
1157 5280 1258 5316 non
1296 5273 1493 5326 erunt,
1546 5273 1599 5315 et
1647 5264 1699 5317 in
1750 5264 2019 5333 scriptura

452 5374 468 5401 ι
516 5358 702 5409 domus
748 5354 910 5407 Isrrel
955 5370 1057 5406 non
1109 5352 1435 5416 scribentur,
1488 5369 1585 5407 nec
1618 5354 1670 5406 in
1705 5364 1903 5408 terram
1952 5355 2025 5407 ls-

452 5461 469 5491 ς
517 5444 623 5496 rael
670 5442 1035 5511 ingredicntur
1075 5442 1288 5511 (Ezeclt.
1320 5444 1459 5510 xui).
1487 5464 1503 5492 ι
1536 5443 1615 5496 Ad
1645 5443 1894 5497 doctores
1926 5460 2023 5497 au-

450 5545 578 5593 tem,
609 5545 705 5600 per
734 5532 979 5585 eumdem
1007 5532 1320 5599 prophetam
1356 5533 1635 5601 increpans
1665 5548 1853 5586 eorum
1884 5534 2026 5587 ltiCt'«

450 5623 603 5684 tiam,
633 5624 705 5674 ita
749 5620 982 5688 loquitur
1018 5620 1236 5673 dicens:
1274 5639 1289 5668 ι
1323 5620 1435 5673 Non
1474 5621 1792 5675 ascendistis
1834 5636 1895 5673 ex
1931 5622 2025 5674 ad-

458 5738 476 5768 ι
525 5732 699 5782 verso,
730 5733 903 5786 neque
930 5718 1258 5785 opposuistis
1285 5732 1493 5769 murum
1528 5732 1623 5776 pro
1655 5717 1811 5769 domo
1839 5716 2021 5777 Israel,

2048 4497 2098 4555 D

2130 1907 2148 1939 ι
2194 1889 2359 1945 locuti
2386 1899 2512 1945 sunt
2540 1894 2879 1949 mendacium
2904 1915 2917 1950 :
2941 1906 2996 1952 et
3037 1902 3299 1955 sanabant
3325 1905 3703 1961 contritionem

2131 2001 2150 2033 ι
2198 1981 2320 2036 lilia:
2364 1982 2542 2052 populi
2592 1985 2698 2039 mei
2745 1986 2812 2040 ad
2853 1988 3223 2056 ignominiam,
3253 1992 3535 2048 dicentes:
3576 1995 3703 2061 Pax,

2128 2091 2145 2123 ι
2190 2088 2318 2143 pax,
2352 2088 2475 2127 eum
2512 2090 2619 2128 non
2649 2084 2791 2130 esset
2821 2093 2944 2146 pax.
2974 2079 3193 2137 Confusi
3227 2093 3374 2150 sunt,
3415 2088 3543 2154 quia
3581 2089 3707 2141 abo-

2130 2181 2147 2213 ι
2196 2164 2542 2218 minutionem
2577 2164 2837 2222 fecerunt.
2888 2169 3237 2230 Idciroohazc
3270 2177 3403 2232 diett
3454 2178 3709 2234 Dominus

2128 2274 2144 2306 ι
2189 2256 2526 2310 exercituum
2557 2257 2696 2312 Deus
2718 2259 2881 2314 Israel
2906 2278 2919 2314 :
2944 2262 3080 2318 Ecce
3117 2279 3216 2334 ego
3241 2267 3434 2322 cibabo
3457 2270 3705 2339 populant

2129 2362 2146 2394 ι
2194 2345 2354 2399 istum
2400 2346 2693 2412 absinthio,
2723 2358 2778 2403 et
2804 2360 2988 2420 potum
3026 2353 3163 2409 dabo
3190 2355 3267 2410 eis
3294 2372 3491 2426 aquam
3539 2359 3705 2413 fellis:

2128 2453 2145 2484 ‹
2192 2443 2247 2488 et
2273 2435 2577 2506 dispergam
2626 2452 2721 2493 eos
2752 2439 2805 2493 in
2838 2442 3110 2511 gentibus,
3140 2460 3275 2513 quas
3303 2462 3410 2501 non
3443 2460 3709 2504 noverunt

2127 2545 2145 2578 ‹
2192 2527 2290 2595 ipsi
2326 2542 2499 2596 neque
2526 2536 2707 2598 patres
2737 2546 2923 2586 eorum
2949 2547 2963 2586 :
2993 2544 3047 2589 et
3077 2536 3286 2591 mittam
3326 2548 3449 2607 post
3480 2556 3576 2595 eos
3605 2541 3711 2607 gla-

2127 2636 2145 2668 ι
2188 2617 2339 2671 dium
2385 2618 2556 2674 donec
2600 2632 2989 2677 consumantur
3034 2623 3179 2695 (Jer.
3215 2627 3367 2698 vni).
3402 2649 3421 2680 ι
3470 2627 3709 2694 Qualiter

2122 2722 2251 2777 ergo
2281 2708 2390 2762 Deo
2415 2709 2771 2779 omnipotenti
2811 2721 3087 2780 pastorum
3119 2717 3472 2787 negligentia,
3501 2728 3557 2772 et
3586 2721 3707 2772 sub-

2120 2799 2353 2853 ditorum
2380 2815 2534 2855 error
2554 2802 2854 2870 displiceat,
2882 2820 2987 2858 non
3017 2806 3187 2859 solum
3220 2809 3538 2878 prophetica
3569 2812 3731 2864 testia

2121 2891 2301 2945 monia
2328 2892 2646 2957 ostendunt,
2691 2895 2783 2948 sed
2826 2896 2989 2950 etiam
3038 2895 3177 2951 facta
3222 2900 3574 2969 antiquorum
3613 2902 3705 2954 de-

2121 2980 2348 3036 clarant.
2395 2982 2527 3037 Cum
2574 2984 2629 3037 in
2685 2983 2821 3039 libro
2869 2984 3076 3060 Regum
3124 2986 3319 3058 legitur
3366 3008 3379 3042 :
3433 2990 3709 3056 Quomodo

2122 3071 2386 3141 malignus
2444 3073 3003 3145 spiritusdeccperit
3066 3078 3255 3133 Achab
3321 3096 3501 3151 regem
3553 3082 3710 3136 Israel

2122 3176 2217 3231 per
2260 3162 2427 3218 falsos
2456 3165 2746 3233 prophetas
2787 3188 2800 3219 ;
2847 3166 2919 3220 ita
2956 3176 3013 3221 ut
3063 3169 3291 3225 credens
3334 3173 3449 3236 eis,
3494 3173 3710 3229 interie-

2122 3253 2192 3306 rit
2242 3271 2255 3306 :
2311 3262 2367 3307 et
2403 3257 2671 3322 quomodo
2723 3255 2987 3311 chozias
3035 3258 3178 3314 filius
3236 3261 3354 3330 ejus
3411 3275 3705 3333 argrotans,

2120 3342 2268 3396 misit
2327 3344 2543 3399 nuntios
2609 3346 2675 3398 ad
2727 3346 3113 3402 consulendum
3177 3349 3482 3406 Beelzebub
3540 3351 3702 3406 Deunt

2119 3432 2383 3497 Aecaron,
2441 3444 2623 3489 utrum
2672 3437 2850 3491 vivere
2891 3450 3054 3507 atque
3110 3442 3496 3497 convalescere
3541 3445 3705 3513 possit

2121 3524 2188 3577 de
2233 3524 2543 3580 infirmitate
2592 3542 2687 3581 sua
2734 3527 2863 3597 (III
2922 3528 3049 3599 Reg.
3105 3546 3249 3596 xxii;
3295 3531 3381 3585 ιγ
3419 3531 3545 3603 Reg.
3594 3536 3675 3601 I);

2121 3614 2191 3669 ob
2220 3616 2363 3684 quod
2412 3616 2559 3671 Elias
2604 3618 2863 3688 propheta
2908 3635 2938 3672 a
2980 3619 3092 3675 Deo
3133 3623 3348 3687 missus,
3392 3624 3705 3693 increpabat

2119 3722 2242 3760 eum
2271 3706 2490 3760 dicens:
2527 3726 2544 3757 ι
2577 3708 2710 3774 Quia
2746 3710 2935 3765 misisti
2967 3712 3183 3766 nuntios
3209 3714 3275 3767 ad
3308 3714 3698 3768 consulendum

2128 3814 2145 3845 ι
2193 3794 2491 3850 Beelzebub
2520 3797 2687 3850 Deum
2725 3799 2988 3863 Accaron,
3035 3802 3188 3871 quasi
3227 3818 3331 3871 non
3379 3813 3526 3858 esset
3569 3804 3704 3858 Deus

2127 3903 2145 3936 t
2193 3886 2245 3939 in
2276 3886 2463 3949 Israel,
2487 3902 2516 3939 a
2540 3903 2647 3958 quo
2673 3890 2847 3958 possis
2877 3891 3205 3960 interrogare
3233 3908 3563 3959 sermonem,
3590 3896 3704 3950 ideo

2128 3996 2145 4026 α
2193 3977 2258 4030 de
2289 3976 2483 4030 lectulo
2524 3992 2688 4045 super
2713 3995 2872 4047 quem
2915 3981 3203 4036 ascendisti
3236 3998 3339 4037 non
3387 3984 3701 4048 descendes,

2127 4086 2144 4117 ι
2196 4068 2288 4121 sed
2320 4077 2492 4122 morte
2522 4069 2786 4124 morieris.
2826 4070 3066 4126 Mortuus
3095 4080 3178 4126 est
3211 4072 3375 4142 igitur
3406 4074 3522 4142 ipse
3552 4073 3703 4142 juxta

2128 4178 2146 4209 ι
2190 4174 2492 4214 sermonem
2525 4159 2738 4215 Domini
2782 4178 2941 4231 quem
2979 4163 3187 4217 locutus
3213 4172 3295 4219 est
3325 4165 3471 4220 Elias
3496 4183 3508 4217 :
3538 4175 3594 4220 et
3621 4181 3701 4218 sa-

2127 4270 2145 4301 t
2192 4250 2355 4304 lntem
2386 4267 2547 4320 quam
2576 4255 2873 4321 quzerebat,
2913 4270 3016 4308 non
3046 4255 3248 4309 invenit
3277 4253 3489 4326 (Ibid).
3515 4276 3531 4305 ι
3565 4256 3703 4322 Qua-

2122 4353 2341 4414 propter
2385 4346 2682 4399 curandum
2729 4360 3069 4416 summopere
3115 4358 3197 4400 est
3234 4347 3491 4401 omnibus
3528 4348 3701 4410 nobis,

2126 4437 2226 4490 hoc
2252 4445 2336 4490 cst
2359 4435 2616 4505 praelatis,
2639 4445 2694 4489 et
2724 4436 2973 4499 subditis,
3000 4434 3296 4503 majoribus
3321 4448 3378 4490 et
3406 4438 3702 4492 minoribus

2130 4527 2523 4589 sacerdotibus,
2554 4533 2609 4579 ct
2638 4525 2799 4594 plebi,
2829 4542 2894 4579 ne
2935 4527 3169 4595 aliquem
3219 4527 3447 4599 seducat
3477 4543 3573 4596 per
3604 4528 3701 4580 hu-

2125 4616 2426 4685 juscemodi
2472 4617 2774 4671 illusionem
2806 4616 2974 4682 fraus,
3008 4618 3161 4671 dolus
3185 4627 3239 4671 et
3265 4608 3504 4685 nequitia
3539 4618 3703 4671 hostis

2130 4710 2357 4779 antiqui,
2389 4709 2461 4763 ita
2494 4718 2551 4763 ιιι
2579 4725 2609 4763 a
2640 4708 2989 4763 mendacibus
3020 4709 3247 4763 velimus
3269 4708 3480 4763 discere
3510 4710 3701 4762 verita-

2133 4811 2271 4860 tem,
2320 4809 2375 4854 et
2421 4816 2450 4854 a
2490 4799 2758 4870 pestiferis
2805 4800 3008 4855 morbis
3054 4799 3350 4867 mortisque
3394 4800 3702 4853 auctoribus

2131 4906 2433 4960 qumramus
2464 4890 2791 4943 infirmitatis
2819 4898 3017 4943 nostra:
3043 4888 3359 4942 remedium.
3390 4886 3497 4942 Sed
3539 4889 3702 4957 magis

2127 4983 2193 5035 ad
2242 4981 2524 5034 Dominum
2552 4981 2732 5032 vivum
2763 4988 2817 5033 et
2863 4979 3251 5032 vivilicatorem
3289 4978 3535 5032 omnium
3582 4995 3703 5032 cun-

2128 5072 2400 5143 fugiendo,
2443 5074 2635 5126 devoto
2682 5071 2844 5125 corde
2889 5086 3239 5139 properemus
3286 5085 3382 5139 per
3433 5072 3701 5124 orationes

2126 5180 2329 5227 sacras,
2358 5164 2557 5233 jejunio
2587 5172 2640 5216 et
2665 5162 3037 5232 elecmosynas
3068 5161 3212 5215 illum
3242 5162 3615 5230 deprecantes,
3645 5169 3697 5214 ut

2127 5255 2239 5323 ipse
2270 5262 2487 5323 propter
2510 5253 2895 5322 benignitatem
2919 5267 3067 5305 suam
3099 5250 3346 5304 consulat
3370 5250 3545 5305 servis
3572 5250 3694 5311 suis,

2128 5344 2360 5413 eripiens
2388 5360 2484 5397 nos
2515 5344 2580 5396 de
2614 5342 2863 5396 omnibus
2899 5342 3132 5395 inimicis
3163 5341 3380 5405 nostris,
3407 5342 3696 5408 doceatque

2128 5454 2227 5492 nos
2258 5437 2433 5491 facere
2466 5434 2791 5489 voluntatem
2826 5450 2998 5495 suam,
3028 5433 3153 5502 quia
3199 5434 3312 5502 ipse
3337 5442 3419 5487 est
3448 5433 3695 5487 Dominus

2133 5530 2269 5583 treus
2320 5534 2523 5590 noster,
2574 5524 2939 5593 Spiritumquc
2989 5539 3144 5578 suum
3205 5526 3404 5579 bonum
3453 5524 3505 5576 in
3552 5522 3695 5578 nobis

2129 5621 2358 5679 tribuat,
2404 5617 2495 5685 qui
2533 5631 2631 5669 nos
2676 5615 2906 5669 deducat
2949 5615 3002 5668 in
3044 5615 3184 5667 viam
3232 5624 3474 5677 rectam,
3527 5612 3690 5667 viviﬁ-

2128 5718 2317 5777 cctque
2361 5723 2457 5762 nos
2504 5706 2554 5759 in
2606 5705 2854 5774 aequitate
2899 5721 3015 5769 sua,
3064 5712 3331 5774 quatenus
3375 5705 3496 5774 ejus
3533 5703 3692 5769 inagi-
