3924 6332
218 412 359 471 “09

1453 420 1867 477 TllAC'l'ATUS
1906 422 1989 475 DE
2023 421 2254 476 ΑΝΙΜΑ.

3310 422 3444 473 illi)

212 528 381 583 sterio
415 528 560 583 omni
603 536 839 599 tempore
869 530 988 584 vitae
1032 539 1226 585 nostra:
1263 539 1471 602 gratum
1501 532 1778 586 servitium
1809 543 1857 599 Α
1886 546 2190 586 mereamur
2261 531 2636 589 beatitudinem
2701 551 2839 604 pass:
2864 536 2970 589 iure
3038 533 3441 596 su-tmiitcrnam.

216 614 267 669 ei
313 616 627 671 exhibentes
656 658 669 680 ,
714 626 833 688 post
874 619 1013 672 hanc
1056 620 1217 673 vitam
1258 635 1354 689 per
1398 618 1513 687 ejus
1561 620 1789 689 gratiam

217 793 447 807 _——_

1896 622 2085 674 Amen.

1890 800 2325 809 ....-._—__.———.-o——
2335 800 2429 810 -—-——.

2016 814 2903 826 .——-——_—.o———————.—.—---.
2920 820 2955 827 ‹.
2971 821 3051 828 ,σ-..ο

3114 801 3445 827 m

801 952 1367 1063 ΒΕΔΤῙ
1441 954 1783 1064 ΒΔΕ

1889 954 2184 1064 lNI
2260 954 2870 1069 MAURI

957 1159 1336 1217 FULDENSlS
1370 1159 1660 1215 ABBATIS
1695 1160 1782 1215 ET
1820 1160 2201 1220 MOGUNTINI
2237 1162 2750 1222 ARClllEPlSCOPl

746 1333 1895 1469 TRACTATUS
1987 1342 2213 1468 DE
2306 1338 2917 1470 ANIMA

1622 1576 1863 1652 (ANNO
1906 1580 2069 1658 sta.)

836 1803 1203 1861 PnA-ZFATIO

686 1912 751 1950 AD
788 1912 1092 1950 LOTIIARIUH
1130 1912 1323 1952 REGE”.

286 1986 515 2041 Domino
562 1986 1054 2055 prtecellentissimo
1098 1986 1355 2055 nobisque
1409 1986 1501 2041 Dei
1563 2002 1783 2042 munere

212 2079 361 2139 dato,
416 2091 607 2145 magno
651 2084 705 2129 et
747 2075 973 2144 pacilico
1020 2070 1182 2145 atq'ue
1226 2087 1481 2132 coronato
1528 2080 1639 2149 regi
1677 2079 1783 2133 Lo-

217 2183 446 2231 rnanto,
493 2166 712 2221 ultimus
758 2174 948 2220 vestra:
1005 2166 1278 2221 servitutis
1325 2166 1577 2234 famulus,
1632 2167 1782 2223 Mau-

213 2272 336 2312 RUS.

284 2343 420 2400 Cum
474 2344 768 2399 nobilitatis
812 2344 1003 2400 vestrae
1050 2344 1321 2415 ingenium
1370 2346 1787 2418 aviditatemque

214 2436 388 2492 multa
436 2438 638 2492 sciendi
684 2445 737 2492 et
771 2437 985 2507 copiosa
1036 2438 1389 2508 investigandi
1433 2440 1785 2509 perspiciam,

214 2542 411 2582 sensus
454 2528 616 2582 etiam
648 2528 813 2582 vestri
860 2528 1244 2597 perspicaeiam
1271 2543 1377 2597 quo
1421 2529 1661 2600 apprime
1695 2546 1786 2585 su-

212 2619 453 2673 blimitas
491 2625 672 2672 vestra
710 2615 863 2671 lloret
906 2618 1158 2683 demirer,
1193 2619 1378 2683 statui,
1409 2634 1507 2689 pro
1538 2620 1788 2690 ingenioli

214 2708 320 2761 mei
372 2706 656 2775 parvitate,
701 2707 969 2777 quoddam
1013 2708 1079 2761 de
1115 2723 1276 2762 manu
1312 2710 1589 2778 deputare.
1640 2711 1790 2778 Quod

209 2797 467 2853 videlicet
485 2812 516 2851 e
541 2798 893 2866 quorumdam
918 2798 1248 2853 eruditorum
1277 2798 1429 2854 libris
1456 2800 1788 2871 decerptum,

212 2888 371 2943 facile
402 2890 675 2943 memoria:
703 2890 945 2944 mandari
976 2890 1183 2958 possit:
1213 2907 1321 2960 quo
1352 2894 1549 2946 veteris
1591 2894 1788 2962 ingenii

209 2982 398 3035 fervor
423 2982 803 3035 exuberantior
839 2981 992 3046 l‘oret,
1044 2991 1097 3035 et
1129 2983 1233 3037 mei
1264 2984 1512 3053 ingenioli
1560 2986 1790 3053 quodam

211 3070 377 3123 modo
419 3080 611 3125 vestra:
660 3070 904 3124 servituti
948 3071 1178 3125 ﬁdelitas
1222 3072 1540 3127 deserviret.
1590 3072 1791 3143 Scripsi

1820 1812 1862 1871 Β
1890 1807 1997 1860 vita
2046 1821 2319 1876 pecorum.
2368 1805 2487 1860 Vita
2533 1820 2761 1875 namque
2798 1822 3047 1875 pecorum
3095 1811 3149 1864 in
3194 1826 3454 1882 sanguine

1890 1904 2099 1949 constat
2131 1913 2143 1948 :
2173 1896 2327 1957 adeo,
2371 1902 2427 1948 ut
2459 1910 2580 1949 eum
2619 1895 2920 1952 defectione
2956 1900 3228 1969 sanguinis
3267 1913 3323 1958 et
3352 1904 3457 1959 (ine

1890 1984 2147 2052 corporis,
2174 1983 2285 2053 ipsa
2308 1984 2471 2038 etiam
2496 1984 2601 2036 vita
2628 1998 2748 2037 cum
2773 1987 2961 2054 spiritu
2995 1988 3229 2046 finiatur.
3257 1992 3449 2050 Anima

1889 2080 2067 2127 autem
2114 2072 2346 2127 hominis
2390 2087 2494 2127 non
2539 2089 2660 2129 eum
2712 2078 2969 2147 sanguine
3022 2080 3181 2137 linem
3232 2087 3447 2156 accipit.

1888 2161 2117 2231 Ideoque
2147 2171 2294 2217 recte
2332 2162 2527 2217 dicitur
2565 2163 2773 2230 anima,
2817 2168 2972 2235 quasi
3002 2168 3220 2240 ἄναιμα,
3254 2173 3304 2227 id
3346 2184 3461 2240 est,

1891 2251 2120 2307 discreta
2151 2251 2305 2322 longe
2333 2266 2363 2306 a
2392 2254 2649 2323 sanguine
2675 2275 2688 2308 :
2723 2257 2978 2325 quoniam
3007 2268 3060 2314 et
3089 2271 3208 2330 post
3234 2272 3463 2319 mortem

1891 2343 2135 2412 corporis
2169 2342 2221 2396 in
2259 2358 2355 2397 sua
2396 2344 2695 2399 substantia
2736 2346 2902 2401 vivit:
2931 2363 3049 2417 qum
3095 2358 3271 2418 potest
3300 2352 3461 2407 etiam

1892 2432 1969 2486 ita
2013 2429 2225 2485 dilﬁniri
2261 2449 2274 2485 :
2304 2432 2494 2486 Anima
2524 2433 2743 2499 dicitur,
2787 2450 2850 2489 eo
2879 2438 3019 2505 quod
3045 2439 3267 2505 animet,
3299 2442 3351 2496 id
3381 2453 3463 2497 est

1896 2523 2147 2589 viviﬁcet,
2171 2525 2371 2595 proprii
2400 2526 2639 2594 corporis
2666 2527 3039 2583 substantiam.
3076 2528 3463 2600 Signiﬁcantis-

1895 2615 2026 2669 sime
2052 2623 2229 2668 autem
2260 2614 2437 2668 anima
2462 2614 2655 2669 dicitur
2678 2616 2975 2685 spiritualis
2997 2620 3319 2684 substantia,
3345 2637 3464 2689 qua:

1894 2705 2038 2758 nulla
2069 2704 2342 2776 sanguinis
2369 2701 2626 2759 ell‘usione
2676 2708 3047 2763 consumitur:
3080 2718 3241 2779 atque
3272 2712 3392 2768 ideo
3430 2729 3461 2766 a

1895 2794 2153 2865 sanguine
2184 2794 2338 2863 longe
2366 2792 2705 2859 discernitur,
2730 2795 2975 2863 quamvis
3003 2797 3304 2857 delectione
3341 2815 3463 2855 san-

1896 2883 2072 2954 guinis
2114 2882 2475 2936 habitaculum
2517 2882 2757 2952 corporis
2786 2884 3034 2939 deserere
3061 2886 3323 2941 videatur.
3358 2886 3465 2943 Sed

1896 2972 2040 3026 aliud
2085 2980 2169 3027 est
2198 2986 2518 3041 quacunque
2566 2972 2851 3029 occasione
2900 2975 3262 3030 habitaculum
3298 2978 3462 3033 .dese-

1901 3076 2055 3116 rere:
2087 3062 2230 3117 aliud
2261 3076 2383 3115 cum
2418 3061 2533 3131 ipso
2570 3062 2876 3119 habitaculo
2913 3062 3074 3118 ﬁniri.
3099 3065 3462 3133 Quorumdam

211 3160 398 3229 itaque
448 3162 597 3215 vobis
639 3162 881 3229 quaedam
920 3161 986 3216 de
1021 3162 1332 3217 djmnitione
1367 3164 1577 3229 animm,
1624 3181 1790 3234 quare
1819 3156 1862 3217 C
1896 3169 2021 3209 vero
2057 3153 2179 3208 talis
2224 3160 2306 3207 est
2355 3150 2619 3215 dillinitio,
2670 3162 2726 3206 ut
2761 3153 2938 3206 anima
2987 3169 3016 3206 a
3065 3163 3222 3210 vento
3266 3172 3459 3210 nomen

211 3250 399 3303 anima
440 3250 670 3314 dicatur,
710 3249 793 3303 vel
822 3249 951 3318 quid
996 3251 1067 3304 sit
1095 3252 1314 3306 anima:
1354 3268 1453 3307 nec
1491 3268 1595 3307 non
1625 3265 1679 3307 et
1722 3254 1786 3308 de

212 3341 422 3410 origine
468 3341 660 3410 ipsius,
704 3350 955 3395 utrumne
1001 3342 1230 3396 formam
1270 3345 1468 3397 habere
1514 3345 1782 3399 credatur.

213 3429 293 3484 De
316 3430 611 3497 quantitate
634 3430 797 3483 etiam
824 3430 1012 3499 ipsius,
1042 3440 1218 3485 utrum
1249 3432 1298 3484 in
1328 3433 1562 3501 parvulis
1594 3436 1784 3498 minor,

210 3516 271 3571 in
302 3516 613 3571 fortioribus
656 3518 827 3586 major
875 3536 886 3569 :
936 3519 1019 3573 vel
1067 3520 1155 3574 ubi
1192 3522 1425 3575 maxime
1472 3522 1651 3577 sedem
1688 3524 1785 3578 ha-

208 3608 343 3662 bere
374 3608 644 3661 credatur.
679 3608 879 3661 Deinde
910 3624 1027 3676 qua:
1069 3610 1176 3663 sint
1214 3611 1439 3664 virtutes
1471 3610 1585 3678 ejus
1613 3628 1787 3666 mora—

214 3700 292 3753 lcs
320 3718 332 3751 :
364 3714 534 3769 pauca
578 3698 739 3752 etiam
772 3699 837 3751 de
882 3698 1189 3753 habitacu'o
1229 3699 1368 3767 ejus,
1409 3701 1511 3754 hoc
1539 3709 1623 3754 est
1665 3717 1785 3755 cor-

210 3789 361 3857 poris
404 3787 755 3857 possessione.
790 3786 919 3852 Quae
969 3795 1161 3841 cuncta
1190 3803 1255 3840 ex
1299 3786 1575 3855 cujusdam
1607 3791 1785 3859 magni

209 3881 414 3935 Aurelii
444 3880 749 3934 Cassiodori
783 3878 1061 3933 Senatoris
1090 3879 1246 3933 dictis
1288 3882 1531 3949 excerpsi
1565 3899 1576 3933 :
1610 3881 1783 3949 aliqua

211 3986 345 4025 vero
365 3986 428 4024 ex
452 3971 587 4024 libro
608 3970 855 4039 Prosperi
880 3968 1229 4024 eruditissimi
1245 3971 1363 4033 viri.
1385 3971 1638 4037 Qumdam
1661 3987 1785 4025 vero

209 4079 278 4117 ev
329 4063 529 4131 proprii
570 4062 821 4132 ingenioli
851 4076 1010 4115 sensu
1058 4063 1253 4117 addere
1281 4064 1486 4117 'curavi.
1522 4064 1627 4117 Sed
1660 4065 1783 4133 quia

208 4151 586 4206 excellentiam
619 4160 851 4205 vestram
898 4152 1062 4205 multa
1107 4152 1262 4207 decet
1300 4168 1638 4222 cognoscere,
1686 4170 1783 4208 an-

209 4244 373 4297 nexui
414 4245 652 4313 quaedam
681 4246 909 4315 capitula
939 4248 1003 4302 de
1041 4247 1319 4317 disciplina
1364 4248 1617 4302 Romana:
1641 4248 1784 4302 mili-

210 4335 301 4386 ti;e
348 4345 400 4397 ο,
468 4333 696 4401 qualiter
750 4336 953 4403 antiqui
1014 4338 1214 4390 tirones
1268 4336 1470 4390 institui
1520 4336 1780 4391 solebant.

207 4425 365 4491 Quod
397 4424 513 4478 ideo
550 4424 671 4490 feci,
716 4427 836 4494 quia
870 4428 1233 4481 necessarium
1266 4426 1378 4480 fore
1408 4427 1458 4481 id
1498 4427 1777 4492 mstimavi,

1890 3243 2153 3312 accipiat:
2184 3243 2307 3310 quia
2350 3250 2541 3296 ventus
2582 3241 2767 3297 Grazce
2813 3241 2991 3313 ἄνεμος
3027 3244 3241 3299 dicitur.
3274 3245 3339 3299 Et
3383 3247 3460 3300 id-

1888 3335 2032 3390 circo
2061 3334 2436 3404 etymologiam
2468 3348 2499 3387 a
2530 3344 2686 3387 vento
2720 3334 2918 3388 dueere
2944 3353 2956 3388 :
2988 3335 3130 3404 quod
3171 3351 3267 3391 nos
3306 3338 3461 3405 spiri-

1892 3434 2000 3479 tum
2028 3440 2121 3479 ore
2150 3424 2508 3489 retrahentes,
2540 3425 2721 3478 vivere
2765 3424 3059 3477 videamur.
3100 3424 3224 3481 llaec
3262 3427 3464 3483 brevis-

1890 3517 2022 3571 sime
2050 3516 2114 3570 de
2157 3531 2221 3569 eo
2248 3531 2413 3584 quare
2452 3516 2628 3569 anima
2673 3514 2883 3569 dicatur
2907 3535 2919 3568 :
2950 3532 3093 3570 nunc
3120 3532 3246 3572 vero
3275 3519 3457 3574 dicen-

1888 3607 2035 3670 dum,
2089 3605 2214 3674 quid
2267 3606 2337 3659 sit
2391 3606 2589 3659 anima.
2644 3604 2949 3675 Philosophi
2993 3618 3171 3663 autem
3225 3610 3459 3663 animam

1889 3699 2069 3751 dicunt
2130 3712 2247 3751 esse
2304 3696 2657 3751 substantiam
2711 3696 3042 3767 simplicem,
3129 3701 3457 3763 naturalem,

1890 3786 2065 3855 specie
2096 3787 2382 3841 distantem
2430 3800 2460 3837 a
2490 3787 2710 3840 materia
2757 3788 2837 3840 sui
2889 3790 3147 3856 corporis,
3198 3805 3457 3859 organum

1892 3876 2269 3938 membrorum,
2301 3875 2586 3929 habentem
2608 3876 2858 3929 virtutem
2890 3877 3029 3930 vites.
3057 3877 3228 3944 Quam
3259 3879 3457 3933 idcirco

1888 3968 2243 4021 substantiam
2279 3965 2576 4036 simplicem
2606 3967 2789 4021 dicere
2828 3967 3131 4033 voluerunt,
3173 3969 3297 4038 quia
3326 3970 3455 4023 nihil

1890 4057 1941 4109 in
1986 4071 2047 4110 ea
2079 4066 2270 4125 praeter
2298 4056 2631 4126 spiritualem
2680 4057 3036 4112 substantiam
3086 4060 3311 4114 inveniri
3358 4076 3454 4129 po—

1890 4158 2011 4201 test.
2044 4147 2340 4201 Distantem
2368 4162 2492 4201 vero
2522 4164 2550 4201 a
2588 4148 2811 4202 materia
2859 4150 3119 4219 corporis,
3164 4149 3287 4218 quia
3324 4149 3453 4203 nihil

1888 4237 1940 4290 in
1973 4252 2028 4291 se
2060 4251 2375 4305 corporeum
2407 4237 2584 4291 habet.
2611 4236 2881 4307 Organum
2913 4254 3039 4293 vero
3070 4239 3453 4297 membrorum.

1887 4326 2008 4395 quia
2054 4326 2233 4378 omnia
2278 4326 2517 4378 membra
2546 4326 2785 4394 corporis
2811 4340 2874 4379 ea
2917 4336 3129 4396 agente,
3162 4328 3452 4396 disponun-

1890 4427 1992 4472 tur.
2040 4416 2303 4471 Virtutem
2350 4425 2525 4471 autem
2559 4418 2680 4471 vitze
2726 4417 3009 4472 habentem
3061 4419 3260 4473 idcirco
3302 4419 3450 4473 dixe-

206 4523 429 4585 propter
486 4514 947 4584 frequentissimas
1008 4517 1366 4570 Barbarorum
1429 4517 1777 4571 incursiones.

1889 4513 2031 4570 runt,
2062 4508 2312 4574 quoniam
2347 4507 2434 4561 ubi
2471 4522 2667 4576 corpus
2697 4508 2993 4577 repleverit,
3036 4509 3300 4562 viventem
3328 4524 3455 4563 con-

206 4604 340 4670 ρυλε)
383 4605 590 4658 scilicet
615 4620 681 4658 ex
724 4604 995 4671 cujusdam
1029 4605 1193 4659 Flavii
1230 4605 1430 4675 Vegetii
1461 4606 1652 4659 Renati
1686 4607 1776 4660 Li-

206 4696 369 4755 bello,
418 4710 577 4763 quem
610 4696 673 4749 de
714 4696 1103 4762 antiquissimis
1149 4696 1362 4765 scripsit
1403 4696 1655 4749 Romanis
1682 4711 1779 4750 ex-

204 4786 381 4852 ccrpsi
406 4796 568 4853 atque
593 4786 830 4855 contpcgi
855 4787 1171 4856 breviusque
1192 4796 1447 4842 annotare
1469 4788 1664 4852 studui,
1688 4804 1777 4843 ca-

206 4889 341 4927 vens
370 4874 577 4927 scilicet
612 4875 971 4943 prolixitatem
998 4886 1052 4929 et
1085 4891 1151 4930 ne
1181 4876 1317 4931 forte
1340 4892 1400 4930 ea
1429 4877 1665 4931 scribere
1702 4878 1779 4931 vi-

204 4964 368 5017 derer
396 4978 514 5031 qua:
545 4973 781 5032 tempore
825 4968 1083 5020 moderno
1110 4967 1161 5019 in
1195 4984 1291 5021 usu
1324 4983 1427 5022 non
1458 4976 1583 5021 sunt
1610 4986 1622 5021 :
1653 4968 1780 5024 illud

204 5054 372 5105 etiam
395 5055 715 5123 pnevidens,
743 5071 808 5109 ne
833 5057 876 5110 si
909 5057 1106 5112 nimius
1128 5057 1335 5124 ﬁerem,
1364 5058 1578 5115 fastidio
1603 5060 1780 5130 potius

205 5156 371 5209 quam
400 5142 740 5199 delectationi
768 5146 1105 5200 inservirem.

878 5282 1109 5294 ~

731 5370 955 5426 CAPUT
994 5369 1281 5425 PRIMUM.

273 5479 355 5535 De
380 5481 569 5535 anima:
599 5485 931 5551 praprielate,
956 5484 1266 5554 etymologia
1296 5501 1358 5538 ac
1380 5485 1699 5554 diﬂinitione.

271 5593 468 5648 Anima
496 5594 656 5664 igitur
688 5598 903 5666 proprie
933 5597 1208 5651 hominum
1233 5596 1448 5657 dicitur.
1478 5610 1580 5650 non
1610 5596 1772 5650 etiam

198 5698 481 5757 pecorum.
525 5684 715 5739 Anima
760 5702 989 5756 namque
1035 5686 1309 5740 hominum
1347 5685 1504 5756 longe
1554 5685 1773 5739 distata

1892 4599 2038 4652 tinuo
2084 4598 2274 4651 reddit.
2324 4597 2448 4651 ΙΙωο
2498 4610 2580 4652 est
2612 4596 2853 4654 diﬂiuitio
2902 4601 3112 4664 animm,
3160 4602 3448 4655 secundum

1890 4687 2317 4741 adinventionem
2369 4689 2747 4759 magistrorum
2792 4690 3065 4745 saecularis
3112 4690 3445 4746 litteratum.

1888 4780 2210 4833 Cunctorum
2248 4795 2374 4834 vero
2401 4782 2676 4835 doctorum
2706 4782 2973 4836 veracium
3020 4783 3070 4835 in
3101 4783 3199 4837 hoc
3226 4798 3447 4837 consen-

1889 4872 1952 4924 tit
1987 4873 2297 4935 auctoritas,
2340 4872 2463 4940 quia
2506 4872 2685 4925 anima
2725 4881 2806 4926 est
2834 4887 2863 4926 a
2911 4873 3019 4927 Deo
3050 4883 3233 4927 creata
3283 4874 3442 4942 Spiri-

1889 4962 2045 5015 tnalis
2082 4962 2398 5031 propriaque
2428 4962 2747 5028 substantia,
2788 4962 3107 5016 vivilicatrix
3148 4964 3229 5017 sui
3259 4978 3447 5032 corpo-

1888 5053 1980 5113 ris,
2027 5053 2295 5106 rationalis
2324 5063 2379 5107 et
2421 5053 2739 5107 immortalis
2775 5068 2788 5106 :
2829 5055 2923 5107 sed
2972 5054 3334 5108 convertibilis
3378 5058 3445 5108 ad

1892 5154 2132 5211 utraque,
2162 5142 2214 5195 id
2239 5150 2322 5196 est
2367 5143 2433 5196 ad
2463 5144 2603 5196 bona
2641 5151 2695 5197 et
2726 5142 2806 5218 ad
2846 5144 3006 5198 mala.
3036 5144 3080 5197 Α
3112 5145 3219 5198 Deo
3264 5155 3443 5199 autem

1890 5243 2117 5288 creatam
2154 5233 2388 5286 animam
2419 5234 2647 5287 dicimus
2688 5243 2873 5288 contra
2906 5234 3114 5288 illorum
3144 5235 3441 5303 opiniones,

1875 5324 1963 5391 qui
1992 5338 2108 5375 eam
2135 5322 2368 5391 aliquam
2399 5334 2607 5391 partem
2638 5323 2932 5378 divinitatis
2970 5324 3171 5378 habere
3200 5338 3444 5377 asseren-

1878 5422 1975 5477 tes,
2016 5428 2228 5467 errores
2265 5413 2441 5481 potius
2470 5428 2628 5481 quam
2672 5413 2948 5467 veritatem
2980 5421 3285 5468 texuerunt.
3318 5412 3444 5467 Nul-

1878 5504 1959 5557 lus
1984 5518 2213 5571 namque
2245 5511 2385 5557 recte
2413 5503 2751 5571 sapientium,
2787 5503 3019 5557 animam
3051 5512 3287 5557 creatam
3323 5517 3443 5557 esse

1876 5594 2099 5647 dubitat.
2133 5591 2243 5644 lloe
2265 5592 2403 5645 idem
2432 5591 2715 5646 Salomone
2742 5599 2992 5655 testante,
3021 5593 3110 5658 qui
3139 5592 3204 5645 de
3231 5592 3441 5661 sapien-

1878 5684 1951 5737 tia
1998 5683 2127 5737 dicit
2164 5697 2177 5735 :
2213 5681 2430 5736 Omnem
2471 5684 2652 5751 ﬂatum
2692 5698 2782 5753 ego
2822 5682 2921 5752 feci
2973 5682 3134 5754 (Sup.
3163 5681 3332 5749 ων).
3381 5677 3440 5729 Et

274 5807 302 5835 ι
341 5794 454 5853 Hoc
482 5800 797 5868 opusculum
829 5802 1063 5856 nondum
1103 5800 1427 5861 invenimus;
1457 5798 1650 5867 alioqui
1685 5797 2131 5865 adjunxissemus.
