3924 6360
449 377 576 433 illi

1094 381 1152 433 Β.
1194 381 1444 438 llABANl
1485 384 1703 442 MAUlil
1739 387 2056 444 AllClllEP.
2106 385 2412 444 MOGUNT.
2447 385 2732 444 OPERUM
2772 388 2949 443 PARS
2985 381 3046 443 ll.

3579 393 3719 448 lii?

443 492 681 548 iterum:
721 493 785 546 Et
827 506 1109 550 revertetur
1135 498 1306 564 pulvis
1347 501 1400 553 in
1427 510 1619 556 terram
1652 513 1788 557 unde
1816 515 1951 568 erat,
1981 517 2029 558 et
2060 507 2106 566 Α
2134 505 2388 575 gaudere,
2435 519 2559 559 mox
2607 505 2775 559 nimio
2820 519 3056 560 interere
3094 509 3297 564 tristari
3329 509 3715 578 conspicimus.

441 582 654 649 spiritus
686 591 965 637 revertetur
1011 587 1078 638 ad
1115 585 1314 652 Deum,
1364 592 1452 660 qui
1483 591 1622 644 dedit
1665 609 1781 645 eum
1811 593 2010 663 (Eccle.

439 669 582 738 ult.).
633 669 756 725 llaec
802 674 964 727 etiam
1017 675 1311 744 spiritualis
1362 693 1481 733 esse
1530 679 1857 745 allirmatur,
1890 683 2014 750 quia

439 761 570 815 nihil
608 762 669 816 in
711 778 768 818 se
805 780 1124 833 corporeum
1169 769 1378 822 retinet.
1427 769 1597 825 Omne
1627 787 1856 840 namque
1896 790 2018 829 cor-

439 867 557 920 pus,
586 851 938 923 longitudine,
972 855 1256 913 latitudine
1286 869 1447 930 atque
1477 861 1843 930 profunditatc
1868 881 2016 919 com-

438 943 818 1012 prehenditur:
846 962 965 1016 qua:
999 949 1178 1003 omnia
1207 951 1406 1006 desunt
1428 953 1645 1026 animae.
1672 955 1738 1009 Et
1770 957 2017 1025 quamvis

437 1046 689 1102 gravetur
729 1037 866 1093 mole
911 1042 1171 1110 corporis,
1219 1044 1576 1112 spiritualiter
1624 1055 1802 1102 tamen
1849 1048 2014 1102 multa

437 1125 647 1196 longius
673 1135 722 1181 et
773 1143 938 1198 prepe
977 1132 1151 1200 posita
1179 1134 1464 1203 perpendit
1499 1153 1512 1189 :
1545 1136 1833 1192 invisibilia
1883 1154 2016 1208 qua-

435 1215 559 1269 dam
611 1216 835 1273 intuitus
886 1223 1215 1289 perspicacia
1266 1224 1512 1279 rimatur.
1563 1227 1638 1280 De
1702 1228 2015 1282 cmlestibus

435 1305 673 1375 cogitat:
705 1307 770 1360 de
799 1306 916 1376 ipso
957 1309 1120 1362 etiam
1148 1326 1362 1366 summo
1409 1314 1517 1367 Deo
1557 1315 1799 1382 quzedam
1846 1317 2012 1369 ardua

435 1410 594 1477 nosse
623 1396 908 1452 desiderat.
939 1400 1068 1464 Qua:
1109 1402 1152 1459 si
1197 1410 1338 1456 esset
1365 1403 1684 1471 corporalis,
1727 1405 1798 1457 uil
1829 1406 2016 1473 utique

435 1485 626 1539 horum
656 1488 984 1556 perpendere
1029 1490 1248 1544 valeret.
1282 1490 1503 1560 Propria
1553 1509 1680 1546 vero
1711 1496 2014 1549 substantia

434 1587 549 1642 est,
591 1580 842 1647 quoniam
875 1579 1052 1633 nullus
1077 1580 1213 1634 alter
1241 1581 1460 1650 spiritus
1488 1582 1560 1635 ita
1593 1598 1811 1637 carnem
1845 1585 2016 1638 susci-

435 1670 535 1738 pit,
565 1677 623 1722 ut
661 1669 862 1738 preprii
914 1669 1159 1738 corporis
1205 1669 1544 1738 passionibus
1592 1670 1876 1725 condoleat
1923 1683 2017 1725 aut

434 1761 661 1816 lectetur.
707 1758 1039 1814 Viviflcatrix
1087 1769 1266 1814 autem
1314 1761 1396 1814 sui
1447 1762 1687 1830 corporis
1726 1771 1837 1826 est,
1887 1762 2013 1831 quia

2127 596 2272 651 Alios
2304 613 2447 651 nunc
2482 599 2682 666 pietate
2713 599 2896 662 mites,
2928 615 3068 654 nunc
3117 596 3316 655 iterum
3349 604 3581 657 maxima
3631 605 3716 658 in-

2121 687 2433 755 dignatione
2465 686 2753 742 terribiles.
2807 688 2957 744 Nunc
3002 690 3068 743 ad
3100 691 3328 745 virtutes
3365 693 3525 760 erigi,
3571 710 3715 747 nunc

2121 779 2189 830 ad
2236 779 2364 831 vitia
2409 779 2633 848 prolabi.
2676 779 2960 850 Multisque
2990 791 3043 834 et
3074 783 3559 839 innumerabilibus
3600 802 3715 838 mo-

2119 868 2220 932 dis,
2249 868 2615 923 convertibilis
2640 876 2694 924 et
2724 871 2996 925 mutabilis
3024 887 3144 926 esse
3179 877 3543 944 cognoscitur.
3576 876 3710 929 Nam

2117 961 2162 1015 si
2195 960 2467 1018 mutabilis
2509 976 2616 1016 non
2659 969 2835 1027 esset,
2878 978 3214 1033 nequaquam
3247 982 3312 1021 ex
3357 967 3515 1022 bonis
3558 968 3710 1030 ntali,

2119 1065 2297 1120 neque
2327 1050 2521 1104 iterum
2551 1065 2617 1107 ex
2652 1052 2913 1122 improbis
2940 1048 3116 1122 probi,
3142 1071 3315 1126 neque
3335 1073 3400 1110 ex
3432 1059 3711 1115 tenacibus

2118 1139 2274 1211 largi,
2307 1156 2480 1210 neque
2531 1157 2721 1197 rursus
2760 1158 2825 1197 ex
2871 1143 3031 1213 largis
3071 1144 3262 1199 tierent
3311 1148 3480 1200 avari.
3517 1146 3621 1201 Sed
3654 1158 3712 1201 ut

2117 1230 2319 1284 dictum
2346 1240 2448 1295 est,
2497 1233 2844 1286 mutabilitati
2893 1243 3056 1302 atque
3103 1237 3440 1290 convcrtibili
3475 1238 3709 1306 passioai

2117 1326 2348 1379 obnoxia
2393 1339 2513 1380 esse
2550 1328 2695 1380 omni
2750 1329 2909 1384 modo
2938 1329 3377 1397 deprehenditur.
3409 1330 3563 1385 Nunc
3597 1329 3707 1397 jam

2119 1420 2183 1470 de
2213 1416 2420 1486 origine
2445 1417 2632 1487 ipsius,
2666 1419 2730 1472 de
2759 1433 2862 1486 qua
2900 1418 3192 1478 multifario
3219 1420 3517 1483 dubitatur,
3542 1436 3709 1489 pauca

2120 1507 2341 1560 dicenda
2373 1516 2518 1560 sunt.

2748 1596 2972 1652 CAPUT
3012 1598 3052 1652 ll

2487 1684 2633 1740 Unde
2663 1688 2915 1756 originem
2949 1689 3126 1742 animo
3156 1699 3349 1744 suntut.

2190 1777 2370 1832 Primo
2416 1777 2632 1834 homine
2676 1780 2742 1832 de
2784 1779 2913 1834 limo
2945 1789 3100 1835 terra:
3129 1781 3383 1845 formato,
3415 1783 3706 1852 inspirasse

435 1853 619 1906 statim
649 1859 706 1904 ut
755 1866 785 1904 a
829 1852 939 1904 Deo
967 1850 1178 1921 corpori
1223 1850 1389 1904 indita
1437 1849 1630 1914 fuerit,
1671 1850 2015 1906 ineffabiliter

2128 1869 2170 1921 in
2221 1867 2412 1923 faciem
2458 1866 2574 1935 ejus
2607 1868 2834 1939 legimus
2887 1870 3076 1932 Deum,
3112 1871 3326 1926 dicente
3375 1849 3704 1942 Scriptura:

435 1943 566 1996 illud
597 1941 833 1995 vivillcat
867 1951 1027 2009 atque
1058 1939 1266 2011 diligit:
1307 1940 1361 1993 in
1399 1948 1632 2005 tantum,
1668 1950 1726 1994 ut
1753 1939 2018 2011 quidquid

435 2045 633 2100 corpus
675 2029 946 2084 sustinere
988 2028 1352 2102 cognoscitur,
1390 2028 1455 2082 ad
1499 2030 1670 2099 ipsam
1704 2029 2013 2084 referatur:

435 2130 490 2174 et
525 2134 645 2188 qua:
689 2119 824 2173 mori
874 2118 1092 2185 nequit,
1142 2118 1420 2172 interitum
1469 2127 1803 2189 mortemque
1852 2122 2019 2189 perti-

437 2217 659 2264 mescat.
693 2207 989 2263 Rationalis
1028 2217 1207 2261 autem
1255 2217 1373 2271 est,
1412 2209 1667 2278 quoniam
1711 2210 1781 2264 de
1824 2210 2018 2264 divinis

439 2309 678 2356 tractat:
721 2301 950 2355 humana
987 2294 1126 2370 sapit
1165 2311 1260 2356 :et
1288 2301 1554 2376 quidquid
1601 2317 1668 2356 ex
1718 2302 1925 2358 artibus
1965 2312 2020 2357 et

436 2393 733 2463 disciplinis
771 2392 949 2448 doceri
1005 2401 1216 2460 potest,
1265 2393 1379 2462 ipsa
1433 2394 1663 2462 quadam
1721 2393 2018 2449 subtilitate

437 2483 840 2555 comprehendit
865 2500 877 2535 :
905 2492 1066 2552 atque
1114 2483 1239 2538 hinc
1274 2483 1454 2538 omnia
1498 2485 1752 2539 animalia
1793 2485 2015 2540 docibili

439 2576 709 2630 intellectu
741 2574 1033 2640 antecellit,
1066 2577 1206 2644 quod
1233 2590 1356 2628 cum
1385 2575 1595 2630 ratione
1620 2577 1863 2631 decentia
1895 2593 2019 2632 cun-

440 2679 526 2724 eta
557 2669 849 2739 componit.
882 2667 1054 2737 Ipsius
1092 2683 1324 2736 namque
1352 2677 1474 2730 actu
1510 2668 1766 2738 quidquid
1796 2677 2020 2724 ornatus

437 2757 636 2812 mundo
667 2757 902 2820 additur,
943 2757 1216 2810 inventum
1247 2766 1348 2811 est.
1385 2758 1505 2827 Ipsa
1550 2759 1863 2814 civitatibus
1908 2776 2020 2813 mu-

439 2864 527 2903 ros
583 2847 852 2909 attribuit,
901 2862 1049 2901 arma
1103 2846 1439 2902 defcnsibilia
1502 2848 1738 2912 invenit,
1793 2851 2021 2905 amictus

438 2939 666 2993 vestium
696 2937 906 2992 diversa
938 2937 1199 2992 varietate
1246 2938 1554 3007 componit,
1595 2937 1711 2993 vias
1737 2953 1834 3008 per
1864 2940 2017 2994 devia

441 3031 655 3091 sternit,
689 3030 860 3081 maria
884 3029 1114 3096 quadam
1143 3027 1276 3082 artis
1304 3029 1564 3082 industria
1594 3038 1911 3084 transmeat.
1945 3030 2021 3085 De
2093 3048 2103 3064 ἰ

443 3122 611 3192 ipsius
638 3121 820 3188 itaque
868 3118 1074 3171 ratione
1104 3117 1282 3172 nullus
1309 3117 1556 3173 dubitare
1581 3119 1761 3183 debet,
1788 3134 1909 3173 cum
1943 3126 2022 3172 tot

2121 1957 2393 2013 Formarit
2438 1960 2600 2028 igitur
2643 1958 2898 2014 Dominus
2947 1959 3089 2014 Deus
3153 1962 3416 2015 hominem
3463 1963 3530 2015 de
3586 1963 3706 2015 limo

2121 2059 2291 2113 terrae,
2322 2058 2369 2103 et
2400 2049 2670 2120 inspiravit
2705 2051 2760 2104 in
2790 2050 2978 2119 faciem
3023 2052 3137 2121 ejus
3180 2053 3505 2120 spiraculum
3549 2055 3663 2108 vita:
3687 2067 3704 2104 :

2119 2149 2166 2192 et
2195 2139 2365 2208 factus
2395 2149 2467 2192 est
2496 2139 2648 2192 homo
2672 2139 2729 2191 in
2754 2140 2982 2192 animum
3012 2141 3256 2194 viventem
3284 2141 3538 2212 (Gen.n).
3558 2142 3707 2197 Unde

2121 2239 2349 2292 constat,
2379 2230 2520 2300 quod
2546 2245 2575 2282 a
2624 2230 2734 2284 Deo
2761 2231 3022 2300 originem
3074 2233 3383 2300 sumpserit.
3417 2233 3571 2299 Quod
3618 2248 3707 2285 au-

2121 2331 2228 2374 tem
2257 2318 2554 2374 insumassc
2595 2319 2790 2373 dicitur
2820 2320 2986 2385 Deus,
3023 2335 3128 2374 non
3177 2321 3248 2376 ita
3277 2323 3603 2376 credendum
3633 2331 3711 2376 est

2125 2410 2291 2466 Deum
2339 2407 2660 2475 insulilasse,
2691 2411 2779 2478 qui
2807 2419 2889 2464 est
2936 2411 3285 2480 incorporeus
3313 2421 3366 2465 et
3405 2412 3704 2476 invisibilis,

2120 2501 2570 2574 quemadmodum
2598 2517 2698 2557 nos
2738 2501 3058 2556 insulilando
3085 2504 3334 2572 spiritum
3365 2503 3702 2566 resolvimus,

2121 2590 2368 2660 labiaque
2413 2591 2642 2661 quodam
2687 2591 2843 2660 pulsu
2892 2590 3038 2646 foras
3085 2592 3464 2646 extendimus:
3498 2593 3593 2646 sed
3629 2593 3706 2646 in-

2121 2684 2362 2739 sulIlasse
2413 2683 2609 2738 dicitur
2637 2690 2858 2751 propter
2907 2683 3217 2751 dignitatem
3265 2683 3466 2752 operis,
3509 2683 3709 2738 scilicet

2121 2777 2357 2830 animam
2387 2792 2402 2830 :
2433 2789 2595 2845 quam
2625 2773 2691 2828 ad
2747 2775 3152 2829 similitudinem
3196 2791 3348 2830 suam
3396 2775 3593 2830 fecisse
3623 2790 3711 2829 co-

2122 2865 2415 2936 gnoscitur.
2448 2864 2558 2919 Hac
2587 2880 2652 2919 ex
2687 2879 2742 2918 re
2773 2864 3025 2920 dixerunt
3053 2865 3290 2934 quidam,
3326 2867 3469 2934 quod
3502 2880 3623 2918 mox
3655 2875 3711 2918 ut

2125 2955 2467 3026 coagulatum
2499 2955 2662 3009 fuerit
2687 2970 2871 3009 semen
2910 2957 3201 3011 humanum
3234 2957 3286 3009 in
3318 2957 3537 3010 vitalem
3586 2958 3708 3010 sub-

2122 3048 2396 3110 stantiam,
2424 3047 2605 3101 statim
2645 3047 2819 3102 creari
2852 3048 3078 3110 animas,
3108 3047 3541 3116 corporibusque
3574 3048 3709 3102 dari.

2124 3135 2242 3203 Qui
2276 3145 2458 3190 autem
2502 3145 2817 3204 naturarum
2851 3136 3263 3206 lnvestigatores
3295 3135 3536 3203 fuerunt,
3570 3151 3715 3189 assc-

440 3223 494 3268 et
526 3221 696 3276 tanta,
722 3209 1062 3265 auctoritatis
1094 3209 1175 3264 sui
1205 3208 1450 3279 largitate
1475 3211 1790 3279 perquirere
1819 3220 1873 3264 et
1906 3224 2022 3279 per-
2049 3210 2092 3272 C
2126 3234 2272 3291 runt,
2320 3225 2463 3294 quod
2490 3226 2904 3296 quadragesimo
2940 3226 3026 3280 die
3073 3226 3440 3295 conceptionis
3486 3228 3716 3296 accipiat

441 3307 603 3360 licere
635 3305 793 3358 valet.
822 3302 974 3368 Quod
1017 3309 1195 3354 autem
1243 3299 1560 3354 immortalis
1593 3301 1694 3364 sit,
1727 3299 2021 3354 multifarie

441 3395 841 3466 comprobatur.
871 3391 1315 3460 Philosophorum
1363 3395 1594 3458 namque
1643 3389 1763 3444 talis
1809 3397 1892 3444 est
1935 3404 2024 3444 as-

440 3492 628 3557 sertio,
673 3501 731 3545 ut
760 3507 920 3544 omne
957 3489 1100 3560 quod
1132 3490 1183 3542 in
1215 3503 1272 3543 se
1304 3487 1434 3542 vivit
1461 3496 1516 3541 et
1561 3487 1707 3540 aliud
1754 3486 2021 3550 vivificat,

442 3582 746 3638 immortale
781 3582 869 3637 sit.
909 3580 1059 3646 Quod
1094 3580 1272 3633 anima
1302 3586 1591 3648 utrumque
1637 3577 1824 3640 faciat,
1856 3576 2026 3629 mani-

443 3675 638 3728 festum
667 3681 767 3728 est.
816 3671 948 3725 Nam
997 3680 1049 3724 et
1095 3671 1208 3740 ipsa
1238 3670 1384 3732 vivit,
1425 3677 1479 3722 et
1526 3684 1719 3739 corpus
1765 3666 2020 3720 viviﬁcat.

446 3763 638 3819 Dicunt
662 3764 805 3817 enim
825 3758 1007 3816 'omnia
1037 3760 1357 3814 immortalia
1384 3759 1645 3828 simplicia
1671 3773 1809 3812 esse.
1831 3757 2025 3810 Anima

446 3874 573 3913 vero
613 3874 676 3910 ex
729 3855 954 3925 simplici
999 3862 1213 3909 constat
1257 3852 1556 3907 substantia
1599 3865 1613 3903 :
1660 3850 1886 3918 ideoque
1921 3849 2024 3902 ἰω-

451 3946 689 4003 mortalis
717 3954 817 4000 est.
850 3944 990 3998 Sunt
1017 3952 1071 3998 et
1099 3943 1216 3996 alia:
1242 3941 1640 4012 propositiones
1683 3938 2026 4010 philosopho-

449 4054 588 4102 rum,
618 4037 851 4091 animam
902 4034 1256 4090 inunortalem
1294 4033 1678 4102 approbantes,
1725 4047 1845 4101 qua:
1890 4045 2024 4084 enu-

449 4143 658 4182 merare
703 4143 805 4181 non
838 4139 920 4181 est
951 4141 1169 4181 necesse
1210 4134 1428 4196 propter
1469 4125 1807 4180 brevitatem.
1847 4123 2026 4178 Nostri

448 4233 574 4272 vero
625 4217 872 4273 veridicis
930 4216 1320 4271 assertionibus
1388 4215 1622 4270 animam
1673 4215 2026 4270 immortalem

447 4311 763 4380 approbant.
811 4309 1003 4362 Anima
1049 4309 1242 4377 quippe
1286 4308 1353 4362 ad
1406 4308 1695 4379 imaginem
1743 4308 1834 4362 Dei
1886 4307 2027 4362 facta

449 4411 548 4454 est.
584 4400 649 4453 Et
688 4400 811 4468 quia
852 4399 1015 4452 Deum
1045 4398 1369 4452 omnimodis
1413 4398 1769 4452 immortalem
1804 4400 2026 4464 scimus,

448 4502 501 4544 et
527 4491 816 4554 credimus,
843 4498 896 4542 et
923 4489 1263 4554 confitemur,
1297 4497 1463 4543 restat
1503 4497 1748 4558 utquam
1779 4489 1846 4542 ad
1895 4489 2030 4543 ima-

455 4580 632 4649 ginem
681 4593 833 4632 suam
876 4577 1142 4636 condidit.
1186 4576 1544 4632 immortalem
1593 4577 1800 4633 fecerit.
1847 4578 2030 4649 Neque

450 4672 593 4726 enim
627 4670 731 4724 ullo
762 4671 918 4724 modo
950 4670 1065 4724 ﬁeri
1114 4679 1343 4739 poterat,
1383 4680 1440 4724 ut
1466 4685 1586 4740 qua:
1626 4672 1694 4726 ad
1739 4672 2029 4742 imaginem

453 4762 544 4816 Dei
588 4768 642 4815 et
689 4759 1092 4814 similitudinem
1136 4759 1278 4814 facta
1318 4758 1530 4825 fuerat,
1577 4761 1820 4816 mortalis
1867 4761 2027 4816 foret.

451 4854 506 4907 lu
546 4867 613 4908 eo
641 4867 871 4922 namque
897 4851 1038 4920 quod
1079 4849 1396 4905 immortalis
1425 4860 1530 4916 est,
1563 4851 1671 4906 Deo
1706 4853 1896 4906 similis
1923 4861 2025 4908 est.

453 4943 559 4997 Sed
591 4944 642 4994 iu
669 4957 732 4994 eo
758 4941 897 5010 quod
943 4940 1117 4992 anima
1151 4939 1260 4992 Deo
1299 4939 1488 4993 similis
1530 4954 1650 4995 esse
1680 4939 1898 5004 dicitur,
1930 4957 2028 5010 p0-

454 5041 559 5088 test
606 5031 798 5100 aliquis
845 5031 1044 5094 dicere,
1075 5028 1352 5095 Quomodo
1393 5044 1509 5083 sum
1559 5031 1749 5084 similis
1781 5033 1910 5097 Deo,
1941 5033 2030 5103 qui

454 5122 646 5178 similia
698 5119 770 5175 illi
827 5119 1002 5173 facere
1045 5120 1288 5189 nequeo?
1317 5119 1411 5174 Cui
1464 5123 1896 5190 respondendum
1926 5133 2030 5188 est,

455 5217 579 5285 quia
611 5216 772 5269 homo
797 5213 1080 5282 picturam,
1118 5211 1518 5267 similitudinem
1566 5215 1800 5270 hominis
1830 5215 2034 5270 haben-

456 5317 586 5369 tom,
616 5303 862 5374 perficit:
901 5303 1011 5370 ipsa
1050 5317 1179 5357 vero
1220 5302 1425 5372 pictura
1472 5319 1575 5358 non
1616 5313 1792 5374 potest
1833 5306 2032 5360 imitari

455 5415 573 5469 quze
619 5399 777 5451 homo
824 5395 968 5448 facit.
1002 5395 1091 5449 Sic
1118 5403 1172 5448 et
1217 5395 1377 5449 homo
1406 5396 1470 5450 ad
1502 5397 1905 5452 similitudinem
1937 5397 2030 5452 Dei

457 5489 651 5552 factus,
699 5502 804 5540 non
853 5494 1026 5554 potest
1057 5485 1109 5538 in
1141 5485 1390 5539 creandis
1417 5487 1580 5540 rebus
1611 5487 1776 5539 Deum
1812 5488 2030 5540 imitari.

459 5579 664 5635 Dicitur
721 5589 951 5643 namque
1008 5575 1185 5628 anima
1237 5575 1607 5629 convertibilis
1656 5577 1720 5629 ad
1772 5586 2034 5644 utraque,

460 5674 598 5743 quod
630 5671 835 5726 scilicet
869 5669 1051 5724 multis
1089 5669 1471 5738 experimentis
1496 5669 1734 5738 quotidie
1771 5671 2038 5738 approba-

465 5779 600 5817 tuus.
633 5761 765 5816 Nam
809 5776 944 5830 quos
994 5776 1134 5814 nunc
1173 5752 1413 5813 videmus
1459 5773 1652 5829 magna
1680 5759 2037 5814 exsultatione

2120 3319 2356 3372 animam
2387 3317 2607 3372 mortale
2627 3326 2684 3371 ct
2707 3319 3001 3373 humanum
3028 3327 3216 3387 pectus
3238 3316 3372 3388 [Al.,
3408 3316 3618 3389 pecus].
3652 3317 3715 3370 Et

2122 3411 2225 3465 hoc
2248 3423 2368 3464 esse
2392 3409 2842 3480 experimentum,
2859 3410 3002 3477 quod
3021 3408 3456 3477 tuncseincipiat
3484 3409 3534 3462 in
3563 3418 3716 3462 utero

2121 3515 2483 3556 commovere.
2515 3499 2828 3568 Aliquorum
2859 3501 3022 3554 etiam
3058 3500 3310 3568 opinione
3340 3501 3532 3564 fertur,
3565 3499 3712 3570 quod

2123 3591 2507 3660 Omnipotentis
2555 3590 2646 3644 Dei
2688 3589 2865 3658 jussu,
2898 3591 3039 3646 sicut
3065 3591 3131 3645 de
3174 3605 3401 3659 corpore
3450 3591 3714 3653 humano,

2124 3694 2322 3750 corpus
2372 3680 2664 3734 humanum
2727 3679 2934 3733 semine
2986 3694 3186 3734 carneo
3245 3679 3587 3743 traducitur,
3642 3680 3712 3733 ita

2127 3771 2290 3824 etiam
2317 3778 2370 3822 et
2409 3770 2602 3823 anima:
2630 3783 2768 3823 nova
2799 3770 2971 3836 origo,
3000 3770 3064 3824 de
3091 3767 3350 3838 qualitate
3393 3769 3590 3823 anima:
3622 3785 3716 3838 ge-

2126 3869 2367 3923 neretur,
2397 3869 2452 3913 et
2479 3860 2680 3914 idcirco
2707 3860 2994 3914 obnoxiam
3022 3874 3144 3912 esse
3169 3858 3416 3928 originali
3450 3871 3715 3928 peccato:

2126 3952 2269 4022 quod
2302 3951 2597 4007 infantibus
2623 3961 2678 4006 et
2703 3952 2931 4006 necdum
2961 3951 3138 4020 aliqua
3168 3951 3509 4005 committere
3534 3951 3721 4003 valen-

2129 4043 2294 4107 tibus,
2329 4057 2424 4112 per
2451 4043 2723 4098 lavacrum
2757 4043 3096 4113 baptismatis
3125 4042 3452 4094 remittatur.
3487 4040 3593 4093 Nos
3625 4056 3720 4091 au-

2129 4140 2235 4185 tem
2273 4132 2325 4185 id
2353 4132 2646 4196 dimittere,
2679 4131 2949 4185 allirmare
2978 4146 3082 4184 non
3121 4132 3382 4184 audemus
3410 4148 3422 4181 :
3455 4130 3716 4199 quoniam

2129 4230 2182 4275 et
2233 4221 2422 4276 beatus
2475 4221 2828 4291 Augustinus,
2869 4221 3284 4290 probatissimus
3336 4219 3545 4284 doctor,
3606 4220 3719 4272 lau-

2129 4309 2381 4365 dabiliter
2428 4326 2492 4364 ex
2537 4309 2638 4363 hoc
2663 4309 2858 4362 dicitur
2901 4307 3214 4370 dubitasse,
3254 4321 3431 4375 neque
3475 4308 3576 4361 hoc
3618 4322 3719 4358 au-

2131 4403 2256 4456 dere
2301 4399 2669 4455 confirmare:
2717 4398 2809 4453 sed
2845 4397 3191 4451 veracissime
3247 4397 3491 4459 credere,
3545 4396 3717 4450 Deum

2133 4489 2342 4543 animas
2386 4501 2618 4553 creare,
2670 4495 2725 4541 et
2775 4485 2988 4541 occulto
3033 4493 3197 4554 atque
3252 4486 3559 4555 justissima
3620 4502 3719 4541 suo

2131 4578 2332 4650 judicio
2389 4577 2639 4647 originali
2698 4585 2919 4647 peccato
2985 4576 3247 4630 obnoxias
3307 4591 3444 4631 esse.
3513 4576 3572 4630 lu
3636 4579 3722 4633 his

2137 4688 2368 4741 namque
2416 4680 2470 4725 et
2497 4671 2764 4725 similibus
2817 4678 3038 4738 tamque
3088 4668 3332 4733 occultis,
3388 4669 3582 4722 melius
3637 4678 3722 4722 est

2137 4763 2494 4835 ignorantiam
2560 4760 2844 4824 confiteri,
2922 4775 3085 4829 quam
3150 4774 3400 4830 perverse
3467 4769 3523 4814 et
3582 4762 3724 4830 peri-

2138 4855 2319 4910 culose
2379 4851 2644 4906 affirmare
2697 4870 2712 4905 :
2765 4851 2908 4922 quod
2977 4850 3042 4904 ad
3105 4864 3348 4904 errorem
3403 4859 3579 4919 potest
3638 4867 3723 4904 re-

2139 4945 2265 5000 ferri
2296 4987 2308 5007 ,
2369 4959 2489 4998 cum
2550 4943 2810 5014 propheta
2875 4943 3016 4998 dicat
3068 4961 3080 4996 ι
3135 4941 3265 5007 Quis
3322 4943 3459 4996 enim
3529 4958 3720 5010 cogno-

2133 5037 2201 5089 vit
2230 5049 2436 5087 sensum
2479 5032 2730 5086 Domini?
2772 5041 2862 5084 aut
2898 5033 3013 5101 quis
3057 5031 3388 5084 ronsiliorius
3435 5030 3550 5097 ejus
3583 5032 3725 5098 fuit?

2134 5124 2271 5197 (Isa.
2308 5122 2422 5195 χι..)
2465 5123 2533 5176 Et
2569 5121 2896 5191 Apostolus:
2945 5120 3029 5174 Ea:
3059 5131 3207 5188 parte
3258 5120 3638 5187 cognouimus,
3671 5130 3720 5172 et

2139 5232 2203 5272 ea:
2233 5224 2382 5286 parte
2428 5217 2805 5286 prop/tetamus
2841 5212 2893 5282 (1
2927 5212 3050 5267 Cor.
3098 5211 3239 5274 xm),
3284 5209 3340 5265 Si
3389 5210 3535 5262 enim
3590 5225 3721 5278 prn-

2141 5308 2301 5379 pheta
2331 5319 2383 5361 et
2419 5305 2713 5377 Apostolus
2747 5319 2965 5357 semum
3002 5301 3213 5354 Dmuini
3245 5316 3272 5352 a
3316 5315 3597 5369 quoquam
3633 5299 3719 5351 in-

2144 5399 2398 5468 vestigari
2430 5401 2536 5451 non
2567 5411 2724 5463 posse
2755 5395 2905 5456 dicit.
2936 5395 3299 5463 etApostolus
3327 5394 3390 5445 ad
3418 5393 3540 5447 creli
3570 5391 3716 5444 tertii

2145 5489 2484 5544 altitudinem
2535 5489 2861 5550 ascendens,
2917 5487 3266 5555 paradisique
3305 5490 3509 5538 secreta
3552 5499 3717 5552 pene-

2142 5592 2314 5646 trans,
2367 5591 2419 5635 et
2455 5581 2704 5651 quaedam
2743 5594 2942 5633 arcana
2986 5591 3346 5646 cognoscens.
3389 5590 3511 5644 qure-
3544 5573 3721 5625 homi-

2145 5676 2304 5730 nibus
2343 5673 2528 5729 illicita
2570 5671 2636 5726 ad
2671 5669 3001 5743 loquendum
3031 5669 3184 5731 dicit,
3220 5683 3283 5720 ex
3320 5677 3473 5737 parte
3524 5682 3583 5722 se
3620 5681 3715 5717 ro-

2144 5781 2406 5835 guoscere
2444 5763 2695 5824 aﬂirmat,
2731 5763 2853 5831 quis
2884 5759 3102 5816 audebit
3142 5759 3283 5816 sclre
3319 5767 3375 5815 et
3423 5760 3716 5816 enuntiare
