3924 6344
240 387 381 447 1215

1476 392 1889 449 ΤιὶΑϐΤΑΤυδ
1928 397 2014 452 DE
2053 396 2286 453 ANIMA.

3346 418 3482 476 illi

234 522 293 559 se
324 518 501 573 posse,
529 504 670 573 quod
701 502 877 558 nullus
906 505 1182 559 doctorum
1210 511 1518 559 sanctormn
1555 505 1622 559 ad
1655 505 1810 575 liqui-
1836 512 1886 571 Α
1916 519 2019 564 tur.
2070 510 2203 565 Nam
2229 511 2274 566 si
2300 512 2438 581 ignis
2470 511 2521 567 in
2550 517 2781 584 quodam
2805 533 2973 589 parvo
3011 538 3137 579 vase
3167 524 3479 598 includitur,

232 598 362 652 dum
398 612 652 653 enarrare
682 598 987 652 invenitur?
1012 596 1119 652 Sed
1144 598 1211 651 ad
1243 596 1446 667 reliqua
1477 599 1807 669 pergendum

230 699 337 753 est,
364 697 421 743 et
447 688 731 744 dicendum
778 697 955 742 utrum
990 689 1168 743 anima
1199 687 1429 743 formam
1462 688 1664 743 habere
1690 704 1809 744 ore.

230 782 413 835 datur.

844 870 1069 927 CAPUT
1105 871 1189 926 ΙΙΙ.

499 964 577 1015 An
602 962 825 1030 formam
850 964 1027 1017 anima
1050 964 1238 1018 habere
1259 967 1522 1021 credatur.

298 1054 399 1121 Qui
433 1056 495 1111 de
523 1057 692 1111 forma
717 1057 917 1127 aliquid
954 1058 1181 1114 lucidius
1207 1067 1439 1116 tractare
1467 1070 1634 1133 cupit,
1662 1078 1807 1118 com-

224 1145 529 1214 plexionem
562 1145 745 1202 forma:
771 1163 990 1203 necesse
1012 1158 1096 1203 est
1121 1152 1545 1222 apprehendere.
1605 1154 1804 1209 Forma

224 1252 462 1307 namque
487 1239 701 1303 dicitur,
727 1254 845 1309 quae
870 1240 1048 1311 aliquo
1067 1239 1241 1313 spatio
1268 1243 1537 1299 linearum
1579 1245 1807 1299 cireum—

223 1327 461 1383 ducitur.
483 1328 635 1396 Quod
665 1345 792 1385 vero
811 1333 998 1401 spatiis
1024 1332 1285 1404 lineisque
1308 1336 1801 1404 comprehenditur,

221 1433 543 1486 corporeum
577 1421 763 1489 utique
797 1430 901 1477 est.
952 1422 1086 1477 Nam
1118 1434 1173 1478 et
1199 1424 1372 1493 ipsum
1411 1428 1645 1496 spatium
1676 1428 1802 1482 abs-

218 1522 327 1577 que
361 1510 704 1566 lineamentis
747 1513 1117 1583 corporalibus
1162 1516 1381 1571 omnino
1420 1532 1527 1572 non
1563 1525 1799 1573 constat.

220 1598 567 1671 Rursumque
605 1602 717 1671 ipsa
749 1602 1091 1671 lineamenta,
1150 1607 1352 1677 absque
1387 1609 1563 1680 spatio
1608 1624 1801 1680 corpo-

222 1688 343 1755 rali,
394 1691 538 1747 nullo
568 1694 726 1748 modo
775 1696 1154 1766 comprehendi
1200 1685 1423 1767 queunt.
1478 1698 1631 1767 Quod
1679 1715 1801 1756 cum

176 1784 179 1785 ⁷
217 1780 293 1834 ita
325 1781 414 1846 sit,
443 1782 787 1838 manifestum
829 1793 911 1840 est
940 1786 1177 1841 animam
1202 1786 1431 1843 formam
1456 1790 1667 1859 penitus
1694 1806 1799 1845 non

1912 599 2003 667 qui
2036 597 2141 653 alta
2175 609 2360 669 petere
2392 602 2689 668 consuevit,
2726 610 2972 677 angustia
3004 611 3106 666 loci
3134 617 3477 683 praepeditum

1910 687 2080 754 Quem
2106 690 2151 745 si
2179 705 2394 745 rursum
2428 696 2669 750 materia:
2706 699 2885 768 gravis
2911 701 3154 762 humoris
3203 716 3295 761 aut
3333 691 3504 765 cras-I

1910 779 2161 835 situdinis
2186 796 2486 853 supponere
2532 786 2784 853 volueris,
2842 790 2951 858 ipsa
2982 795 3341 852 crassitudine
3381 798 3480 853 im-

1911 868 2141 939 peditur,
2180 885 2246 925 ne
2268 872 2335 926 ad
2361 871 2468 926 alta
2496 888 2554 929 se
2579 875 2839 947 subrigat.
2867 876 2961 934 Sin
2987 890 3165 937 autem
3194 884 3478 940 materiam

1908 970 2294 1030 competentem
2322 964 2495 1019 eidem
2516 950 2826 1033 subjeceris,
2853 984 3065 1026 omnem
3085 975 3342 1031 continuo
3370 978 3476 1032 vim

1907 1066 2059 1107 suam
2092 1054 2205 1109 alta
2234 1066 2422 1125 petens
2446 1056 2802 1114 demonstrat.
2842 1060 2933 1117 Sic
2968 1072 3023 1117 et
3071 1064 3263 1121 anima:
3295 1068 3375 1122 vis
3421 1077 3477 1121 et

1908 1143 2065 1209 ratio,
2133 1143 2186 1198 in
2230 1146 2464 1215 parvulis
2506 1148 2774 1217 parvitate
2808 1153 3170 1208 membrorum
3219 1158 3501 1225 prmpedi-’

1874 1241 2033 1293 ,tnr:
2069 1235 2121 1288 in
2163 1236 2448 1304 juvenibus
2495 1248 2550 1292 et
2588 1242 2831 1306 maturis,
2886 1244 3137 1313 quadam.
3172 1254 3231 1300 ut
3272 1246 3474 1301 dictum

1906 1335 2009 1390 est,
2046 1328 2275 1395 partium
2300 1328 2658 1397 inaequalitate
2680 1341 2771 1386 aut
2802 1333 3089 1388 humorum
3116 1336 3475 1391 crassitudine

1904 1417 2243 1485 deprimitur.
2301 1415 2437 1472 Hinc
2475 1426 2578 1485 est,
2628 1428 2686 1474 ut
2710 1437 2847 1490 quos
2893 1424 3050 1480 modo
3100 1425 3372 1507 sapientes
3420 1432 3477 1480 et

1855 1533 1879 1543 ~
1904 1515 2110 1563 astutos
2150 1508 2442 1575 cernimus,
2477 1512 2708 1580 quadam
2756 1510 2928 1566 subita
2974 1512 3191 1568 lazsione
3238 1515 3472 1582 cerebri,

1904 1604 1998 1650 aut
2032 1597 2317 1664 gravedine
2361 1599 2801 1667 praecordiorum,
2861 1601 3069 1671 ineptos
3126 1612 3181 1658 et
3227 1610 3473 1662 amentes

1904 1688 2019 1745 ﬂeri
2042 1689 2336 1745 videamus.
2381 1690 2518 1746 Hinc
2537 1692 2700 1746 etiam
2731 1692 2879 1747 surdi
2911 1692 3047 1747 fiunt
3090 1702 3147 1747 et
3175 1693 3300 1765 lippi
3332 1713 3345 1748 :
3376 1695 3473 1751 de-

1901 1778 2144 1849 bilesque
2182 1780 2250 1835 de
2287 1781 2516 1850 quadam
2548 1780 2902 1838 diminutione
2942 1784 3306 1839 membrorum
3358 1784 3473 1841 exi-

215 1867 435 1934 habere,
467 1886 585 1939 qua:
615 1871 930 1942 incorporea
959 1882 1061 1929 est.
1093 1873 1280 1931 Omnis
1304 1858 1487 1947 itaque
1516 1876 1705 1941 forma,
1742 1879 1796 1933 in
1828 1858 1873 1917 Β
1901 1884 2069 1930 stunt.
2124 1876 2190 1930 Et
2232 1876 2359 1945 quid
2409 1874 2476 1931 de
2522 1875 2887 1945 hujuscemodi
2945 1877 3285 1947 passionibus
3324 1878 3473 1933 dica-

213 1960 501 2030 superficie
535 1964 798 2032 corporali
831 1965 908 2019 fit.
960 1962 1095 2021 Cum
1130 1982 1260 2023 vero
1294 1984 1490 2039 corpus
1533 1971 1637 2025 nisi
1670 1971 1796 2026 soli-

212 2052 340 2107 dum
362 2063 416 2107 et
445 2054 709 2124 palpabile
734 2070 855 2111 esse
882 2072 984 2115 non
1020 2058 1207 2129 possit,
1238 2060 1415 2115 anima
1442 2077 1571 2117 vero
1618 2062 1796 2117 incor-

210 2158 374 2215 porea
423 2157 478 2200 et
527 2146 885 2218 impalpabilis
937 2150 1009 2204 sit
1052 2158 1216 2221 atque
1267 2152 1541 2209 soliditate
1591 2162 1793 2217 careat,

208 2243 429 2289 constat
475 2250 593 2290 eam
643 2237 787 2293 nullo
826 2239 985 2294 modo
1024 2240 1251 2295 formam
1289 2242 1508 2310 habere.
1560 2241 1715 2309 Quod
1746 2244 1793 2299 si

208 2322 343 2379 illud
407 2335 605 2393 movet,
661 2328 803 2398 quod
856 2328 1142 2399 Apostolus
1191 2330 1257 2386 de
1303 2330 1518 2388 Christo
1568 2333 1796 2388 Domino

207 2417 343 2472 dicit
366 2433 381 2471 :
409 2418 513 2484 Qui
533 2436 651 2473 cum
673 2422 727 2475 in
748 2422 921 2491 [arma
945 2422 1043 2475 Dei
1064 2432 1215 2489 esset,
1260 2440 1363 2477 non
1385 2424 1625 2494 rapinam
1646 2424 1792 2477 arbi-

206 2513 379 2560 tratus
428 2517 502 2561 εει
543 2523 653 2562 esse
683 2525 739 2562 se
785 2508 1035 2581 aqualem
1063 2511 1173 2565 Deo
1221 2510 1438 2584 (Philip.
1488 2513 1572 2583 ιι),
1628 2527 1796 2567 nove-

205 2594 380 2683 rimus
409 2595 479 2650 ibi
524 2595 839 2666 Apostolum
888 2599 955 2653 de
991 2600 1289 2655 substantia
1320 2599 1522 2666 dicere,
1588 2600 1641 2655 in
1686 2616 1792 2671 qua

205 2692 292 2739 est
327 2685 547 2754 aequalis
566 2685 732 2741 Patri.
750 2686 896 2742 Nam
928 2689 1067 2743 Deus
1090 2689 1461 2759 incorporeus,
1486 2690 1789 2756 invisibilis,

204 2775 791 2845 incomprehensibilis,
842 2786 1091 2848 totusque
1122 2779 1342 2849 ubique,
1383 2780 1583 2834 nullam
1615 2788 1795 2850 potest

204 2867 411 2921 habere
482 2865 733 2921 formam.
826 2866 976 2935 Quod
1025 2883 1164 2924 vero
1239 2869 1294 2923 in
1350 2868 1640 2941 Evangelio
1721 2871 1787 2924 de

200 2956 483 3012 Abraham
538 2967 595 3012 et
643 2957 851 3014 Lazaro
894 2969 949 3014 et
987 2961 1153 3016 divite
1205 2961 1431 3033 legimus
1461 2961 1612 3035 (Luc.
1675 2960 1789 3031 xvi)

198 3048 384 3103 sinum
440 3048 671 3103 Abrahae
716 3048 980 3105 Lazarum
1023 3052 1242 3118 habere,
1286 3053 1504 3109 divitem
1550 3052 1789 3124 linguam

198 3149 391 3210 petere
422 3130 731 3213 refrigerari
755 3144 823 3197 ab
848 3152 1095 3199 extremo
1126 3144 1298 3217 digiti,
1358 3145 1636 3221 nec'dives
1689 3144 1791 3199 lia-

1899 1981 2042 2031 mus,
2096 1980 2216 2021 cum
2264 1963 2701 2035 frequentissime
2750 1966 2917 2020 nimio
2961 1974 3087 2035 potu
3134 1976 3189 2021 et
3234 1967 3471 2022 disleutu

1895 2058 2126 2126 ventris,
2194 2057 2517 2129 sapientium
2568 2058 2776 2112 animos
2826 2058 2981 2113 οὑπιὶ
3042 2072 3370 2113 cernamus:
3412 2068 3470 2112 ut

1896 2164 2056 2219 quem
2115 2148 2271 2204 modo
2311 2148 2770 2218 sapientissimum
2805 2148 3037 2215 videras,
3080 2149 3169 2203 vix
3198 2148 3370 2203 valeat
3406 2163 3467 2203 se

1894 2240 2193 2312 intelligere
2216 2240 2415 2295 vivum.
2464 2239 2625 2296 Ratio
2652 2240 2833 2311 itaque
2857 2238 3094 2309 parvulis
3117 2239 3467 2293 meditatione

1895 2330 2089 2386 crescit
2122 2339 2179 2385 et
2199 2330 2479 2392 exercitio,
2522 2344 2629 2385 non
2668 2328 3001 2387 incremento
3047 2329 3260 2383 animm.
3312 2326 3466 2383 Sicut

1893 2434 2027 2492 ergo
2049 2434 2240 2475 omnes
2265 2420 2457 2474 animae
2480 2418 2814 2475 immortales
2834 2427 2980 2484 sunt,
3008 2418 3082 2476 ita
3108 2417 3467 2474 etrationales

1894 2525 2016 2566 esse
2040 2511 2319 2567 credenda?
2348 2518 2493 2566 sunt.
2542 2509 2694 2565 Nunc
2729 2517 2916 2573 restat,
2964 2518 3023 2563 ut
3046 2508 3133 2564 ubi
3155 2509 3335 2565 sedem
3357 2522 3461 2563 ma-

1893 2602 2038 2657 xime
2058 2602 2256 2658 habere
2279 2604 2554 2672 probetur,
2606 2599 2886 2656 flectamus
2906 2598 3211 2655 articulum.

2514 2733 2739 2791 CAPUT
2783 2733 2845 2789 ν.

2024 2843 2126 2901 Ubi
2159 2846 2486 2917 potissimum
2538 2846 2729 2900 animi;
2761 2843 2906 2899 sedes
2939 2846 3007 2898 sit
3040 2844 3319 2900 credenda.

1963 2956 2219 3026 Quamvis
2268 2965 2448 3012 autem
2493 2955 2671 3010 anima
2712 2955 2878 3011 totius
2920 2959 3161 3025 corporis
3209 2953 3468 3010 membris

1892 3048 1962 3103 sit
1984 3045 2198 3112 didusa,
2250 3046 2501 3117 ipsosque
2530 3052 2678 3100 artus
2711 3045 2944 3114 quodam
2969 3059 3175 3115 organo
3211 3054 3466 3114 motuque

1892 3146 2201 3208 componat,
2250 3136 2591 3207 propriisque
2619 3134 2811 3191 ciliciis
2857 3137 3134 3203 attribuat,
3182 3143 3361 3191 tatnen
3406 3142 3467 3189 ut

199 3246 308 3301 gua
332 3230 541 3285 locutus
572 3238 673 3294 est,
706 3246 826 3301 qua:
854 3233 1039 3303 utique
1068 3234 1382 3305 incorporea
1410 3220 1513 3303 eat,
1564 3250 1664 3290 nec
1691 3232 1796 3288 La-
1823 3220 1870 3286 C
1900 3229 2242 3285 evidentibus
2303 3228 2517 3286 indiciis
2566 3227 2966 3292 manifestatur,
3044 3242 3152 3287 non
3187 3227 3464 3297 aequaliter

200 3322 317 3375 zari
367 3322 546 3376 anima
575 3321 773 3392 digitos
814 3326 953 3379 unde
986 3324 1130 3381 illius
1154 3326 1399 3383 ardorem
1444 3329 1788 3401 refrigeraret

200 3408 414 3475 habuit,
444 3424 545 3465 nec
575 3410 845 3465 Abraham
880 3412 1055 3467 sinum
1103 3428 1253 3469 more
1286 3418 1644 3486 corporalium
1690 3419 1787 3476 bo-

201 3500 413 3556 tninum
448 3500 653 3557 habere
690 3504 883 3572 potuit.
941 3503 1075 3559 Nam
1112 3520 1219 3560 non
1251 3506 1423 3562 solum
1450 3508 1515 3563 de
1540 3520 1785 3565 creatura

199 3591 434 3659 spiritali
488 3592 541 3645 in
594 3591 890 3663 Scripturis
938 3595 1053 3649 haec
1091 3603 1143 3650 et
1172 3595 1367 3651 similia
1421 3600 1783 3668 reperiuntur,

204 3694 395 3734 verum
434 3680 599 3735 etiam
632 3681 698 3737 de
722 3698 933 3737 summo
987 3692 1042 3738 et
1086 3686 1611 3755 incomprehensibili
1678 3690 1785 3745 Deo

196 3770 414 3840 passiva
444 3772 687 3839 quaedam
714 3772 979 3841 leguntur,
1019 3788 1138 3841 qum
1159 3775 1343 3845 utique
1369 3777 1783 3834 incommutabi-

196 3860 340 3915 litati
396 3862 590 3917 divina:
637 3863 784 3917 nullo
814 3862 971 3919 modo
1010 3867 1255 3921 accidere
1302 3877 1568 3938 possunt:
1621 3870 1783 3926 veluti

197 3965 325 4004 cum
371 3952 635 4020 paenitere
669 3953 866 4007 dicitur
892 3954 1035 4009 Deus
1081 3956 1338 4021 etirasci,
1385 3958 1683 4025 abominari
1728 3956 1786 4017 et

196 4042 381 4097 odisse
416 4062 429 4096 :
467 4058 588 4113 qua:
612 4046 803 4099 omnia
853 4046 925 4100 illi
962 4062 1187 4102 summa:
1214 4048 1478 4117 majestati
1519 4066 1623 4105 non
1653 4066 1783 4107 cou-

195 4133 444 4188 veniunt.
493 4133 596 4188 Sed
624 4143 684 4189 ut
715 4135 909 4205 aliqua:
953 4137 1201 4193 humana:
1230 4154 1317 4194 res
1346 4140 1779 4211 compendiosius

197 4222 520 4294 faciliusque
570 4242 636 4281 ex
689 4236 870 4282 nostra
928 4232 1312 4286 consuetudine
1360 4243 1775 4302 cognoscantur,

196 4310 406 4368 idcirco
439 4313 561 4367 talia
593 4315 659 4369 ad
684 4315 850 4370 Deum
872 4315 1197 4373 referuntur.
1234 4318 1323 4376 Sic
1350 4330 1405 4376 et
1424 4323 1625 4389 anima,
1653 4340 1777 4381 cum

198 4400 452 4456 informis
475 4402 565 4467 sit,
598 4402 827 4458 formam
853 4406 1055 4462 habere
1083 4407 1300 4464 dicitur.

811 4514 1039 4571 CAPUT
1084 4516 1171 4572 ιν.

1891 3322 2143 3376 omnibus
2168 3319 2420 3390 praesidet
2450 3319 2726 3381 membris.
2781 3318 3011 3385 Quidam
3045 3334 3276 3391 namque
3328 3319 3467 3377 amre

1888 3416 2040 3465 mant
2078 3408 2313 3463 animam
2360 3408 2576 3478 proprie
2629 3414 2688 3463 et
2722 3407 2957 3467 maxime
3002 3408 3183 3465 sedem
3234 3410 3468 3467 retinere

1890 3501 1942 3555 in
1974 3500 2136 3556 corde
2164 3518 2176 3554 :
2210 3507 2520 3555 asserentes
2550 3500 2744 3556 ibidem
2770 3500 3120 3570 purissimum
3148 3501 3465 3572 sanguinem

1888 3589 2211 3660 vitalemquc
2238 3589 2486 3661 spiritum
2520 3589 2832 3644 continere:
2864 3596 2918 3644 et
2954 3588 3146 3643 exinde
3184 3588 3465 3659 cogitatio-

1887 3694 2014 3735 num
2053 3681 2311 3745 bonarum
2363 3687 2420 3734 et
2458 3678 2719 3739 malarum
2767 3679 3057 3737 varietates
3099 3680 3275 3735 oriri:
3322 3681 3466 3750 quod

1886 3773 2121 3828 animam
2149 3772 2362 3842 propria
2412 3771 2611 3826 virtute
2648 3785 2868 3841 augere,
2922 3770 3053 3826 nulli
3088 3771 3307 3827 dubium
3354 3780 3457 3825 est.

1886 3860 2120 3925 Rursum
2152 3861 2301 3917 multi
2326 3860 2514 3917 dicunt
2550 3860 2745 3917 animus
2778 3861 2960 3916 sedem
2990 3861 3042 3916 in
3071 3862 3295 3917 cerebro
3323 3875 3461 3924 esse,

1885 3952 2028 4021 quod
2051 3952 2349 4007 manifestis
2378 3950 2592 4005 indiciis
2625 3950 2771 4006 credi
2794 3957 2990 4020 potest.
3048 3949 3240 4005 Anima
3267 3951 3464 4020 quippe

1884 4042 2135 4111 quoniam
2183 4041 2251 4095 ad
2275 4040 2560 4109 imaginem
2605 4038 2698 4095 Dei
2733 4040 2947 4097 condita
2966 4049 3069 4107 est,
3119 4055 3300 4095 arcem
3330 4056 3465 4108 quo-

1884 4132 2167 4193 dammodo
2191 4131 2273 4186 sui
2316 4130 2557 4201 corporis
2581 4139 2784 4200 petere,
2810 4130 3026 4204 dignum
3056 4130 3176 4185 fuit.
3208 4131 3279 4187 Ut
3311 4132 3454 4187 enim

1883 4238 2004 4278 cum
2057 4222 2360 4277 reverentia
2389 4221 2698 4276 Divinitatis
2734 4220 3041 4293 loquamur,
3112 4237 3234 4277 cum
3291 4222 3459 4277 Deum

1883 4316 2083 4385 ubique
2123 4330 2243 4369 esse
2292 4313 2600 4378 credamus,
2656 4321 2712 4368 et
2752 4312 3129 4379 conﬁtcamur,
3158 4322 3461 4385 cunctaque

1883 4407 2113 4462 visibilia
2139 4415 2195 4461 et
2225 4405 2513 4461 invisibilia
2549 4404 2600 4459 vi
2634 4404 2933 4463 divinitatis
2963 4420 3073 4460 sua:
3098 4413 3380 4475 penetrare
3407 4414 3463 4461 et

1884 4499 2115 4568 replere,
2160 4498 2344 4555 sedem
2372 4507 2550 4551 tamen
2614 4496 2829 4567 proprie
2869 4497 2923 4551 in
2950 4496 3087 4552 ctelo
3138 4496 3337 4551 habere
3376 4496 3459 4551 di-

200 4602 394 4658 Utrum
443 4605 501 4658 in
536 4604 768 4676 paruulis
802 4609 992 4673 minor,
1050 4619 1100 4685 _et
1142 4612 1197 4664 in
1235 4610 1542 4681 fortioribus
1600 4616 1779 4685 major
1803 4582 1858 4643 Β
1883 4591 2043 4653 dum
2070 4588 2346 4658 Scriptum
2390 4595 2527 4685 m9
2558 4605 2570 4640 ³
2604 4586 2812 4641 cauum
2844 4586 2973 4645 mihi
3004 4586 3279 4685 “Paeg.”
3303 4584 3462 4685 90m-

784 4692 895 4730 esse
941 4678 1203 4734 credatur.

272 4762 351 4819 De
396 4765 697 4835 quantitate
745 4767 910 4823 etiam
958 4769 1151 4825 animae
1210 4780 1388 4841 potest
1430 4773 1783 4833 subtilissima

197 4863 365 4925 atque
394 4856 707 4924 scrupulosa
730 4859 957 4928 quaestio
978 4861 1201 4927 exoriri,
1230 4872 1410 4918 utrum
1453 4863 1506 4917 in
1542 4865 1781 4934 parvulis

198 4944 381 4999 minor
409 4944 501 5009 sit,
537 4960 658 5000 cum
686 4948 765 5002 eis
792 4947 933 5004 ratio
966 4963 1075 5004 non
1106 4952 1430 5008 omnimodis
1460 4952 1623 5021 adsit,
1658 4972 1779 5027 quae

197 5033 423 5103 majoris
470 5036 647 5091 aetatis
699 5038 1006 5094 hominibus
1049 5038 1220 5108 major
1273 5042 1462 5098 adesse
1512 5044 1771 5100 videtur:

198 5123 505 5193 iterumque
558 5125 903 5181 inveniuntur
938 5125 1166 5197 juvenes
1192 5132 1473 5199 excordes,
1515 5148 1779 5206 senesque

197 5212 383 5267 minus
409 5213 702 5283 sapientes.
764 5213 871 5269 Sed
909 5217 963 5271 in
1002 5218 1244 5286 parvulis
1297 5219 1350 5275 id
1394 5222 1778 5277 attendendum

196 5310 306 5365 est,
358 5304 485 5371 quia
507 5305 875 5361 imbecillitate
914 5310 1162 5379 corporis
1213 5318 1265 5364 et
1285 5312 1570 5381 parvitate,
1596 5313 1672 5387 _in
1702 5314 1780 5370 eis

197 5394 342 5449 ratio
368 5396 559 5451 animat
591 5398 897 5468 impeditur.
945 5399 1003 5454 In
1024 5402 1314 5471 juvenibus
1350 5419 1477 5458 vero
1501 5413 1555 5458 et
1582 5405 1777 5472 stultis,

196 5492 296 5540 aut
317 5487 549 5557 quadam
578 5490 809 5557 partium
842 5491 1227 5561 inaequalitate,
1273 5504 1365 5547 aut
1387 5494 1562 5564 aliqua
1585 5496 1781 5551 crassi-

198 5576 386 5631 tudine
408 5577 692 5633 hutnorum
732 5580 1069 5650 deprimitur,
1100 5584 1317 5654 vimque
1354 5601 1504 5641 suam
1554 5588 1651 5642 tali
1678 5590 1780 5643 im-

198 5668 511 5738 pedimento
530 5673 831 5740 exprimere
870 5676 1216 5745 prtepeditur.
1268 5676 1421 5744 Quod
1451 5686 1509 5732 ut
1529 5680 1778 5749 exemplo

198 5757 433 5814 lucidius
460 5759 786 5829 declaretur,
842 5764 1165 5836 aspiciamus
1209 5783 1329 5836 qua:
1361 5768 1413 5822 in
1439 5784 1535 5823 usu
1572 5771 1776 5826 baben-

1885 4686 2078 4750 petens
2123 4691 2355 4745 namque
2391 4683 2531 4741 erat,
2576 4684 2635 4729 ut
2680 4690 2801 4745 qum
2827 4675 3068 4745 corporis
3093 4676 3175 4730 sui
3223 4676 3460 4746 regimen

1888 4776 2037 4823 tenet
2058 4766 2407 4838 principalem
2436 4766 2516 4820 sui
2542 4765 2724 4837 templi
2749 4780 2929 4821 arcem
2970 4773 3182 4820 teneret
3223 4765 3289 4819 ad
3318 4764 3463 4819 simi-

1885 4858 2166 4913 litudinem
2190 4856 2272 4911 sui
2308 4855 2619 4914 conditoris.
2686 4855 2753 4910 Ut
2780 4856 2922 4910 sicut
2948 4855 3061 4924 ipse
3094 4855 3147 4909 in
3184 4854 3461 4911 altissimis

1886 4945 2073 5002 sedere
2121 4945 2335 5009 dicitur,
2400 4944 2474 4999 ita
2525 4953 2581 4998 et
2627 4944 2743 4999 haec
2780 4945 2833 5001 in
2873 4944 3132 5000 eminenti
3164 4945 3260 5001 sui
3307 4955 3461 5014 parte

1883 5040 2145 5109 corporis,
2167 5039 2399 5095 residere
2422 5038 2691 5094 credatur.
2717 5037 2783 5091 Et
2802 5037 2994 5093 exinde
3014 5038 3195 5091 omnia
3221 5038 3462 5092 membra

1881 5131 2028 5185 velut
2054 5146 2120 5186 ex
2151 5130 2382 5199 quadam
2408 5142 2551 5194 arce,
2584 5142 2822 5198 congruo
2862 5127 3125 5197 regimine
3144 5126 3457 5197 gubernari.

1884 5222 2035 5280 Unde
2082 5230 2137 5277 et
2167 5221 2279 5289 ipsa
2330 5220 2633 5275 rotunditas
2676 5218 2903 5283 cerebri,
2950 5218 3016 5273 ad
3053 5216 3457 5273 similitudinem

1882 5312 2119 5367 caelestis
2144 5310 2363 5381 spbmraz
2392 5307 2534 5364 facta
2564 5308 2777 5363 videtur
2804 5326 2816 5360 :
2866 5308 2957 5361 ubi
2984 5307 3202 5377 dignam
3225 5306 3460 5360 mansio-

1886 5418 2011 5459 nem
2055 5403 2155 5458 sibi
2184 5404 2361 5456 anima
2403 5398 2721 5455 immortalis
2758 5400 3073 5459 vindicaret.
3102 5400 3330 5468 Dignum
3382 5409 3462 5453 et-

1884 5498 2029 5552 enim
2050 5503 2188 5562 erat,
2243 5504 2301 5549 ut
2324 5494 2514 5549 altiora
2538 5501 2748 5563 peteret
2773 5511 2785 5547 :
2811 5494 2935 5563 quia
2970 5509 3129 5549 omne
3161 5493 3303 5563 quod
3330 5494 3459 5548 sub-

1884 5586 1994 5642 tilis
2022 5596 2105 5641 est
2133 5595 2357 5650 naturae,
2385 5585 2610 5641 celsiora
2634 5586 2784 5654 petit.
2816 5585 2948 5640 Nam
2977 5594 3031 5640 et
3056 5586 3195 5656 ignis
3212 5585 3458 5651 visibilis,

1885 5680 1952 5733 ad
1993 5693 2201 5733 summa
2228 5679 2549 5747 pertendere
2579 5678 2838 5732 cernitur.
2872 5678 3009 5733 Sunt
3052 5685 3105 5732 et
3135 5677 3235 5731 alia
3263 5678 3459 5731 indicia

1885 5784 2005 5838 quae
2032 5768 2264 5822 animam
2316 5768 2518 5824 habere
2559 5768 2742 5823 sedem
2789 5768 2842 5823 in
2900 5768 3102 5823 vertice
3154 5768 3459 5837 designant.
