3924 6328
467 388 602 447 “15

1152 386 1214 442 B.
1257 384 1509 441 ΒΑΒΑΝΙ
1544 383 1759 441 MAURI
1794 383 2115 441 ARCHIEP.
2160 382 2470 440 MOGUNT.
2509 381 2794 440 OPERUM
2826 382 3002 439 PARS
3038 384 3103 440 ll.

3610 386 3738 441 ‘lllG

464 500 599 555 Nam
634 510 690 555 et
718 499 897 555 omnis
934 498 1181 565 corporis
1228 513 1422 553 sensus
1466 498 1520 552 in
1569 497 1744 567 capite
1780 496 2045 551 contineri
2074 503 2125 560 Α
2152 495 2234 551 sui
2274 495 2602 564 perspicacia
2631 495 2888 564 perspicit
2924 510 2989 548 ea
3029 510 3150 565 qua:
3178 496 3464 566 provenire
3492 506 3736 565 possunt,

464 592 827 648 certissimum
859 599 964 645 est.
1042 588 1151 645 Sed
1192 591 1296 645 etsi
1341 590 1517 660 aliqua
1569 588 1754 643 laetitia
1806 598 2047 643 mentem

463 681 760 745 obsederit,
805 681 989 734 statim
1018 679 1200 733 vultus
1244 678 1519 733 hilaritate
1551 686 1899 732 monstratur.
1949 675 2044 731 Sin

466 781 644 826 autem
682 769 1016 840 perturbatio
1061 770 1459 838 supervenerit,
1505 784 1610 822 non
1652 769 1920 822 viscerum
1966 766 2046 819 in-

465 860 852 917 commoditate
881 875 1192 929 gravamur,
1232 861 1330 915 sed
1354 859 1586 929 quodam
1612 868 1830 927 stupore
1855 858 2049 927 capitis

465 952 721 1007 continuo
763 951 1255 1021 apprehendimur:
1289 952 1343 1006 in
1373 959 1601 1016 tantum,
1668 959 1729 1005 ut
1758 951 1933 1022 ipsum
1972 950 2049 1004 vi—

467 1056 587 1095 smn
614 1040 899 1106 obtundat,
946 1049 1001 1096 et
1028 1042 1270 1095 auditum
1313 1040 1670 1110 stupefaeiat:
1724 1049 1781 1095 et
1803 1040 2049 1111 qumdam

467 1132 620 1201 signa
646 1130 1027 1199 indignationis
1051 1132 1231 1186 anima
1258 1132 1331 1187 ibi
1360 1129 1715 1200 derelinquat.
1748 1130 1898 1196 Quod
1927 1146 2049 1185 cum

468 1223 542 1275 ita
571 1223 661 1285 sit,
708 1230 854 1275 recte
897 1222 1225 1277 credendum
1252 1230 1335 1276 est
1385 1222 1618 1275 animam
1643 1222 1696 1274 in
1722 1221 1923 1275 vertice
1968 1236 2050 1274 se-

468 1312 589 1364 dem
616 1311 836 1365 habere.
892 1311 996 1365 Sed
1027 1311 1152 1381 quia
1185 1310 1371 1380 paucis
1416 1310 1481 1364 de
1504 1310 1681 1363 anima
1711 1309 1915 1363 dictum
1944 1317 2048 1372 est,

466 1417 634 1469 quare
660 1402 838 1455 anima
864 1403 1097 1465 dicatur,
1124 1402 1207 1457 vel
1238 1402 1366 1471 quid
1391 1402 1485 1467 sit,
1513 1400 1597 1454 vel
1621 1400 1759 1453 unde
1789 1400 2050 1470 originem

467 1492 683 1556 habeat,
727 1502 819 1545 aut
844 1494 887 1546 si
914 1491 1143 1547 formam
1166 1494 1365 1546 habere
1394 1491 1667 1560 credatur,
1708 1490 1791 1545 vel
1820 1492 1910 1546 ubi
1940 1506 2053 1544 ma-

469 1583 613 1637 xime
649 1583 805 1637 sedes
848 1583 1012 1652 ipsius
1058 1598 1175 1637 esse
1221 1583 1490 1647 credatur,
1548 1597 1691 1637 nunc
1737 1583 1801 1637 ad
1830 1582 2054 1636 virtutes

467 1672 583 1741 ejus
638 1673 872 1730 murales
905 1675 1305 1743 exprimendas,
1390 1674 1669 1729 ﬂectamus
1723 1674 2048 1728 articulum:

469 1772 630 1833 atque
660 1764 924 1833 imprimis
963 1765 1341 1835 indagandum,
1386 1765 1515 1835 quid
1565 1766 1635 1820 sit
1668 1766 1858 1821 virtus.

1110 1877 1337 1934 CAPUT
1375 1878 1457 1931 Vl.

467 1970 546 2025 De
567 1970 839 2025 rirtutibus
866 1970 978 2039 ejus
1013 1970 1295 2023 moralibus
1320 1987 1339 2023 :
1368 1980 1415 2023 et
1443 1970 1610 2041 primo
1628 1971 1754 2041 quid
1783 1971 1847 2025 sit
1869 1972 2048 2027 virtus.

542 2080 681 2135 Sunt
718 2093 848 2148 ergo
876 2079 1104 2133 virtutes
1130 2079 1322 2133 anima:
1350 2088 1583 2149 quatuor
1608 2080 1838 2135 morales
1863 2098 1875 2134 :
1924 2098 2053 2151 pru-

470 2171 649 2225 dentia
680 2170 907 2237 scilicet,
934 2169 1216 2235 fortitudo,
1246 2168 1459 2238 justitia
1482 2183 1643 2241 atque
1670 2174 2046 2241 temperantia.

472 2260 578 2317 Sed
624 2264 875 2331 quoniam
918 2264 1017 2317 has
1060 2264 1288 2317 virtutes
1345 2265 1717 2328 nominamus,
1767 2265 2051 2320 dicendum

472 2353 669 2423 primo,
740 2368 907 2422 quare
945 2354 1116 2407 virtus
1162 2352 1396 2417 dicatur,
1438 2353 1523 2407 vel
1570 2353 1697 2421 quid
1746 2355 1818 2408 sit
1860 2355 2047 2409 virtus.

472 2441 655 2494 Virtus
685 2440 880 2494 dicitur
919 2440 1044 2505 avi,
1099 2441 1281 2505 idest,
1323 2456 1352 2494 a
1381 2440 1715 2496 fortitudine.
1759 2442 1887 2508 Qua:
1929 2442 2052 2496 ideo

473 2529 651 2583 taliter
681 2530 896 2594 dicitur,
938 2529 1061 2598 quia
1094 2538 1287 2584 cuneta
1326 2544 1444 2598 qute
1474 2531 1758 2598 provenire
1802 2538 2050 2600 possunt,

471 2619 704 2689 quadam
752 2620 801 2673 vi
845 2621 1039 2674 mentis
1088 2620 1361 2688 animique
1411 2620 1605 2675 rubore
1655 2622 1903 2675 sustinet.
1959 2619 2055 2675 Est

474 2727 605 2781 ergo
633 2711 803 2765 virtus
842 2712 1018 2767 omnis
1050 2720 1236 2764 sancta
1270 2726 1378 2775 res,
1430 2711 1715 2765 invisibilis
1765 2720 1926 2780 atque
1976 2711 2055 2764 in-

475 2815 757 2870 corporea,
828 2810 1033 2864 sancta,
1095 2801 1467 2864 mundissima,
1522 2815 1847 2870 prorsusque
1906 2801 2053 2854 oumi

474 2906 666 2945 carens
711 2890 871 2945 malo.
930 2888 1060 2957 Qua:
1090 2891 1179 2945 ubi
1226 2891 1507 2955 manserit,
1534 2900 1728 2945 cuncta
1761 2900 1944 2945 sancta
1976 2889 2053 2945 fa-

473 2981 569 3044 cit,
617 2980 835 3045 munda,
878 2980 1053 3045 firma,
1095 2988 1255 3049 atque
1281 2981 1511 3035 stabilia.
1553 2981 1722 3047 Quam
1749 2981 1926 3035 nullus
1975 2982 2053 3035 iu-

474 3070 617 3123 vitus
670 3070 889 3139 accipit,
954 3070 1131 3124 nullus
1184 3071 1383 3140 perdit,
1442 3072 1544 3125 nisi
1586 3072 1678 3142 qui
1724 3088 1819 3127 sua
1861 3080 2053 3141 sponte

473 3160 706 3229 perditui
734 3160 1089 3230 deceptuique
1129 3162 1355 3216 dederit.
1400 3163 1530 3229 Quae
1569 3163 1732 3217 etiam
1764 3164 1837 3216 ita
1862 3163 2053 3216 ditlini-
2085 3187 2131 3249 ρ

477 3259 563 3305 ιιιι·
591 3270 603 3305 :
659 3250 842 3306 Virtus
872 3260 955 3308 est
1000 3253 1166 3307 animi
1195 3253 1427 3320 habitus,
1471 3255 1637 3309 decus
1668 3258 1790 3309 vita:
1815 3256 2056 3308 rationa-

476 3341 616 3405 bilis,
648 3342 927 3410 di3positio
965 3356 1196 3406 morum,
1222 3343 1438 3412 pietatis
1462 3345 1749 3414 appetitus,
1776 3345 2061 3413 omnisque

478 3437 669 3502 honor,
710 3438 992 3507 cultusque
1021 3439 1259 3492 deitatis.
1286 3438 1446 3504 Qum,
1474 3440 1615 3493 sicut
1639 3440 1841 3493 dictum
1862 3446 1965 3503 est,
2007 3440 2060 3493 in

478 3536 711 3596 quatuor
738 3528 993 3582 dividitur
1024 3529 1255 3583 morales
1280 3530 1522 3583 virtutes.
1576 3529 1705 3596 Quae
1732 3530 1851 3584 ideo
1879 3546 2057 3584 mora-

480 3615 557 3671 les
599 3618 870 3683 dicuntur,
897 3618 1021 3686 quia
1046 3634 1140 3687 per
1168 3635 1260 3673 eas
1284 3635 1463 3674 mores
1488 3621 1762 3675 hominum
1788 3636 2060 3676 exornan-

483 3716 567 3761 tur
611 3716 770 3778 atquc
800 3710 1144 3763 decorantur.
1202 3708 1336 3763 Nam
1366 3710 1409 3765 si
1448 3711 1731 3780 prudentia
1774 3709 2056 3766 hominum

480 3798 635 3862 desit,
694 3798 1016 3853 hebetudine
1075 3798 1241 3853 animi
1287 3798 1544 3854 continuo
1588 3800 1924 3869 deturpatur.
2002 3801 2058 3855 Si

482 3890 738 3943 fortitudo
761 3891 922 3952 absit,
952 3888 1233 3944 confestim
1262 3889 1613 3945 imbecillitati
1640 3889 1925 3943 addicitur.
1960 3889 2060 3945 Ui:i

479 3979 832 4050 vernjustitia
862 3980 1034 4044 abest,
1066 3979 1189 4049 quis
1231 3980 1440 4034 nesciat
1475 3990 1668 4034 cuncta
1696 3994 1881 4048 prava,
1926 3995 2062 4034 cun-

479 4080 565 4125 cta
598 4078 751 4133 torta,
795 4069 1163 4139 deformiaque
1189 4070 1424 4125 adesse?
1466 4069 1559 4125 Sin
1598 4080 1776 4124 autem
1826 4080 1881 4124 et
1928 4079 2063 4123 tem-

481 4161 727 4231 perantia
770 4160 1021 4225 defuerit,
1078 4162 1259 4215 omnia
1294 4160 1563 4230 supetﬂua
1618 4161 1942 4230 modumque
1967 4177 2061 4214 ex-

480 4253 746 4317 cedentia,
775 4253 886 4320 ipsa
916 4268 1011 4306 sua
1041 4252 1317 4307 nimietate
1338 4254 1575 4306 animum
1605 4253 2055 4307 dehonestabant.

483 4342 538 4397 Si
563 4359 691 4414 ergo
721 4344 802 4397 hac
833 4352 1065 4413 quatuor
1108 4344 1331 4398 virtutes
1378 4344 1617 4398 animum
1650 4344 1882 4397 hominis
1917 4345 2060 4398 obti-

481 4436 717 4496 nuerint,
766 4435 919 4503 quasi
950 4444 1180 4503 quatuor
1209 4434 1417 4504 angulis
1448 4436 1638 4488 domus
1688 4435 2057 4497 sustinebitur,

483 4540 548 4578 ne
575 4524 677 4577 ulla
704 4524 754 4577 vi
787 4532 1166 4592 tempestatum
1195 4536 1413 4578 corruat
1438 4542 1450 4577 :
1478 4523 1572 4577 sed
1597 4524 1775 4593 potius
1796 4524 2053 4593 quidquid
2086 4540 2135 4597 υ

480 4615 749 4669 aedificare
775 4615 1020 4678 voluerit,
1078 4617 1231 4684 quasi
1260 4615 1566 4669 firmissimo
1598 4614 1945 4669 fundamento
1969 4628 2059 4669 su-

482 4718 760 4774 perponct.
823 4704 926 4757 Sed
956 4705 1072 4758 ista:
1107 4715 1339 4775 quatuor
1378 4705 1606 4759 virtutes
1660 4705 1733 4757 ita
1782 4705 1885 4758 sibi
1936 4713 2061 4757 sunt

482 4808 757 4857 connexre,
790 4801 850 4847 ut
890 4793 993 4847 alia
1024 4794 1140 4849 sine
1170 4794 1270 4847 alia
1311 4795 1453 4849 nullo
1480 4796 1638 4850 modo
1678 4794 2059 4864 perfectionem

483 4885 729 4951 accipere
749 4891 927 4952 queat.
967 4882 1099 4937 Nam
1129 4885 1425 4952 prudentia:
1453 4885 1819 4943 fortitudinem
1868 4899 2062 4953 suppe-

483 4973 641 5027 ditari
687 4988 906 5029 necesse
935 4984 1035 5029 est.
1080 4975 1210 5029 Item
1235 4974 1603 5032 fortitudinem
1643 4978 1852 5047 justitia
1897 4993 2058 5032 exor-

485 5070 597 5117 nat.
651 5052 1027 5133 Temperantia
1074 5075 1250 5120 autem
1276 5064 1541 5133 justitiam
1573 5068 1803 5135 quadam
1852 5075 2059 5136 tempe-

486 5160 691 5218 ratura,
723 5166 790 5207 ne
831 5154 968 5208 ultra
1010 5155 1226 5209 modum
1260 5156 1582 5220 inardescat,
1635 5156 1907 5210 refrenat:
1965 5155 2061 5210 sed

483 5248 663 5303 omnia
709 5258 1016 5303 mensurate
1058 5248 1237 5304 faciat.
1292 5249 1396 5303 Sed
1416 5249 1527 5317 jam
1558 5251 1864 5320 singillatim
1915 5250 2059 5318 ipsa—

484 5352 604 5393 rum
632 5339 849 5393 nomiua
876 5324 1102 5395 lucidius
1126 5342 1458 5411 digerantur,
1488 5357 1655 5411 quare
1684 5343 1757 5396 ita
1788 5342 2055 5404 dicantur,

486 5429 571 5485 vel
604 5445 725 5499 quae
757 5430 829 5484 sit
853 5430 1272 5501 uniuscujusque
1322 5431 1643 5500 proprietas.

1070 5548 1294 5603 CAPUT
1343 5547 1449 5604 VII.

1049 5637 1127 5692 De
1157 5639 1451 5707 prudentia.

558 5746 851 5802 Prudentia
903 5746 1065 5818 igitur
1108 5748 1305 5802 dicitur
1349 5748 1501 5815 quasi
1534 5748 1888 5816 providentia,
1937 5767 2057 5820 qua:

2151 589 2264 644 sive
2290 603 2572 658 prospera,
2605 588 2718 655 sive
2749 588 2974 643 adversa
3009 607 3022 642 :
3053 596 3112 643 ut
3141 588 3395 643 videlicet
3414 599 3573 644 caute
3597 598 3735 660 agat,

2149 692 2217 732 ne
2245 678 2533 748 aliquando
2569 686 2659 731 aut
2696 678 2966 747 prosperis
3008 677 3265 741 elevetur,
3321 687 3415 732 aut
3458 678 3739 747 dejiciatur

2150 770 2413 825 adversis.
2451 770 2582 836 Quae
2612 769 2774 824 etiam
2818 770 2925 824 alio
2965 771 3181 824 nomine
3212 771 3476 840 sapientia
3521 771 3737 834 dicitur,

2151 876 2216 915 eo
2238 860 2379 930 quod
2409 860 2462 914 in
2485 860 2661 930 palato
2697 860 2875 914 cordis
2893 860 3090 929 sapiat,
3118 861 3246 929 quid
3270 860 3517 929 rejicere,
3546 861 3739 931 quidve

2153 952 2206 1006 in
2245 951 2449 1006 intimis
2485 948 2732 1018 trajicere
2776 951 2986 1005 debeat.
3038 951 3132 1005 Est
3158 967 3286 1021 ergo
3311 954 3600 1022 prudentia
3631 952 3738 1008 sive

2152 1042 2413 1113 sapientia
2464 1056 2647 1097 rerum
2708 1041 3014 1096 divinarum
3076 1042 3188 1096 sive
3241 1043 3630 1107 humanarum,
3684 1044 3734 1097 in

2159 1141 2421 1203 quantum
2446 1133 2648 1187 homini
2674 1133 3005 1197 conceditur,
3033 1133 3278 1187 scicntia.
3338 1133 3443 1187 Per
3483 1133 3627 1187 hanc
3657 1133 3737 1186 iu-

2157 1222 2445 1293 telligimus
2483 1223 2612 1292 quid
2641 1223 2961 1287 cavendum,
3021 1222 3217 1292 quidve
3244 1221 3555 1277 faciendum
3584 1222 3736 1277 nobis

2154 1314 2242 1368 sit.
2272 1314 2376 1368 Per
2409 1315 2547 1368 hanc
2597 1313 2994 1384 indagationem
3033 1314 3298 1381 veritatis,
3345 1314 3738 1370 inventionem-

2154 1420 2258 1474 que
2285 1404 2757 1476 apprehendimus.
2812 1401 2918 1459 Sed
2944 1404 3071 1474 quia
3103 1412 3157 1457 et
3184 1406 3513 1474 appetitores
3558 1406 3734 1459 saeculi

2154 1496 2443 1565 prudentes
2470 1494 2741 1559 dicuntur,
2793 1502 3053 1563 quantum
3087 1494 3226 1548 inter
3253 1509 3311 1548 se
3339 1492 3616 1559 differant,
3664 1495 3738 1548 in-

2154 1587 2455 1658 dagandum
2487 1596 2588 1641 cst.
2618 1586 2909 1641 Prudentia
2939 1587 3119 1654 itaque
3160 1586 3362 1649 saeculi,
3392 1595 3657 1655 quantum
3684 1586 3735 1639 in

2156 1692 2212 1732 se
2238 1684 2339 1740 est,
2365 1690 2712 1745 corrumpere
2744 1689 2872 1729 sana
2903 1675 3179 1744 etintegra
3211 1684 3459 1739 conatur,
3484 1674 3737 1728 aliorum-

2156 1782 2258 1836 que
2283 1768 2493 1821 damnis
2517 1782 2612 1822 sua
2646 1765 2791 1821 lucra
2817 1767 2999 1836 augeri
3030 1767 3244 1835 gaudet.
3291 1766 3367 1821 De
3414 1767 3519 1820 hac
3553 1766 3730 1819 Domi-

2080 1851 2126 1909 B
2157 1876 2256 1914 nus
2293 1875 2414 1914 cum
2454 1859 2506 1913 in
2533 1860 2822 1930 Evangelia
2863 1858 2929 1914 de
2954 1860 3131 1914 villicu
3160 1859 3465 1928 iniquitatis
3499 1858 3734 1929 loquere-

2155 1959 2261 2014 tur,
2301 1949 2431 2004 dicit
2459 1965 2581 2005 eum
2611 1951 2901 2018 prudenter
2925 1950 3135 2015 fecisse,
3173 1951 3315 2019 quod
3336 1949 3620 2019 dispendio
3641 1950 3731 2003 do-

2154 2042 2283 2095 mini
2319 2043 2421 2106 sui,
2456 2042 2662 2095 lucrum
2695 2042 3026 2110 acqttisierit,
3054 2050 3216 2109 atque
3243 2041 3294 2094 in
3328 2038 3573 2094 futurum
3612 2054 3732 2109 pro-

2155 2132 2412 2202 spexerit.
2462 2133 2538 2186 De
2576 2146 2681 2201 qua
2712 2131 2997 2200 prudentia
3019 2130 3219 2186 Paulus
3242 2131 3409 2185 dicit:
3444 2128 3731 2183 Prudentia

2153 2223 2325 2275 carnis
2364 2237 2504 2274 mors
2534 2230 2628 2273 est.
2666 2218 2810 2273 Mors
2843 2222 3021 2291 utique
3043 2221 3233 2273 animm
3267 2219 3447 2288 (Rom.
3476 2221 3619 2285 vm).
3666 2219 3732 2271 At

2153 2322 2345 2368 contra
2397 2312 2680 2384 prudentia
2735 2313 2848 2367 sive
2883 2313 3144 2382 sapientia
3176 2328 3296 2382 qua:
3322 2313 3465 2366 dono
3498 2311 3592 2365 Dei
3646 2326 3732 2364 ac-

2153 2406 2405 2475 quiritur,
2461 2421 2561 2461 nec
2602 2421 2700 2459 suo
2726 2415 2947 2476 peccato
2986 2406 3165 2474 perire
3189 2412 3385 2474 potest,
3419 2420 3520 2459 nec
3538 2405 3729 2459 alieno.

2153 2497 2475 2567 Nullamque
2527 2496 2868 2567 dispendium
2933 2496 3054 2551 aliis
3079 2498 3149 2552 ob
3198 2498 3429 2566 gratiam
3478 2495 3561 2550 sui
3603 2496 3732 2551 lucri

2154 2588 2330 2642 facere
2358 2588 2523 2657 cupit,
2553 2588 2647 2643 sed
2673 2588 2926 2642 omnibus
2947 2588 3088 2643 sicut
3114 2588 3238 2651 sibi,
3280 2588 3565 2656 providere
3598 2587 3732 2641 desi-

2154 2680 2326 2734 derat.
2373 2679 2447 2734 De
2475 2694 2581 2748 qua
2609 2679 2895 2748 prudentia
2923 2679 3061 2733 idem
3100 2678 3319 2742 Paulus,
3368 2693 3490 2732 eum
3520 2678 3583 2732 de
3610 2693 3732 2747 pru-

2153 2771 2333 2827 dentia
2358 2772 2537 2826 carnis
2582 2772 2927 2840 disputasset,
2985 2768 3259 2837 subiunxit
3298 2770 3484 2823 dicens
3529 2786 3543 2825 :
3597 2768 3729 2821 Pru-

2153 2861 2328 2914 dentia
2361 2874 2536 2915 autem
2566 2861 2798 2930 spiritus,
2852 2861 2954 2915 vita
2989 2870 3035 2914 et
3064 2876 3169 2929 pars
3195 2858 3408 2928 (Ibid).
3445 2859 3599 2925 Quod
3654 2859 3728 2911 vi-

2154 2951 2348 3006 delicet
2386 2952 2451 3006 de
2483 2953 2590 3005 vita
2619 2951 2811 3006 anima!
2858 2967 2979 3006 eum
3011 2951 3209 3005 dixisse
3244 2958 3409 3020 patet.
3450 2949 3585 3004 Nam
3624 2951 3733 3020 ipsa

2153 3040 2435 3109 prudentia
2464 3040 2754 3108 spiritualis
2801 3055 3017 3109 semper
3044 3040 3108 3094 ad
3138 3054 3264 3092 vera
3311 3048 3365 3092 et
3394 3049 3581 3093 sancta
3616 3050 3729 3093 ten—

2138 3130 2287 3183 rdere
2316 3131 2481 3199 cupit,
2533 3131 2779 3204 quamvis
2800 3128 3085 3198 aliquando
3121 3120 3371 3182 fallatur.
3413 3128 3565 3195 Quod
3592 3129 3734 3184 vide-

2163 3220 2288 3274 licet
2334 3221 2645 3276 infirmitate
2694 3236 2902 3277 carnea:
2949 3223 3174 3277 sarcina:
3222 3222 3585 3291 prmpedicnte
3633 3221 3732 3275 fit:

2160 3311 2284 3380 quia
2316 3312 2491 3365 nullus
2538 3312 2589 3365 in
2617 3325 2780 3367 carne
2810 3313 3038 3381 positus,
3090 3321 3282 3367 cuncta
3322 3310 3561 3381 perfecte
3606 3326 3737 3380 prte-

2159 3400 2343 3455 videre
2394 3409 2449 3455 et
2478 3415 2669 3455 cavere
2712 3410 2906 3469 putest.
2952 3400 3103 3455 Unde
3152 3410 3205 3454 ct
3235 3402 3483 3471 egregius
3529 3400 3733 3463 ductor,

2161 3489 2250 3556 qui
2273 3489 2337 3541 ad
2370 3490 2512 3543 tertii
2546 3490 2665 3545 εωΙί
2699 3501 2909 3544 secreta
2938 3501 3137 3559 raptus,
3171 3501 3223 3545 et
3252 3490 3487 3560 paradisi
3524 3504 3733 3543 ammna

2161 3580 2570 3649 contemplatus,
2631 3581 2835 3634 audivit
2860 3581 3101 3649 quaedam
3138 3590 3367 3645 secreta,
3417 3580 3733 3649 qumhomi»

2162 3675 2317 3727 uilius
2366 3672 2506 3740 loqui
2559 3689 2662 3725 non
2714 3672 2856 3736 licet,
2908 3673 3011 3728 hac
3059 3672 3299 3727 molestia
3348 3681 3734 3743 praegravatus,

2160 3763 2237 3815 ait
2264 3780 2274 3813 :
2319 3760 2558 3815 Videmus
2587 3778 2723 3815 nunc
2752 3779 2842 3831 per
2866 3762 3129 3831 speculum
3160 3763 3213 3815 in
3242 3763 3517 3833 wnigmate
3540 3761 3588 3833 (1
3613 3763 3733 3816 Cor.

2161 3852 2301 3922 xm).
2332 3850 2435 3906 Sed
2466 3853 2719 3921 quoniam
2751 3850 3117 3907 fortitudinem
3141 3854 3472 3923 suppeditari
3508 3854 3737 3909 diximus

2164 3961 2193 3998 a
2219 3945 2525 4016 prudentia,
2552 3953 2715 3999 restat
2743 3953 2800 3999 ut
2831 3945 2897 3999 de
2920 3961 2984 4000 ca
3009 3946 3187 4015 aliqua
3223 3946 3487 4001 dicantur.

2751 4092 2977 4148 CAPUT
3017 4093 3144 4147 Vlll.

2736 4204 2809 4257 De
2838 4204 3160 4272 fortitudine.

2241 4317 2525 4371 Fortitudo
2557 4317 2715 4385 igitur
2743 4324 2828 4370 est
2849 4316 3226 4386 longanimitas
3254 4324 3309 4371 et
3339 4319 3733 4385 perseverantia

2162 4407 2217 4461 in
2244 4406 2418 4469 bonis,
2451 4405 2836 4474 tolerantiaqne
2858 4413 2911 4457 et
2938 4406 3161 4459 victoria
3206 4414 3395 4461 contra
3422 4406 3599 4460 omnia
3631 4416 3739 4461 ten-

2166 4505 2402 4549 tamcnta
2433 4497 2702 4549 vitiorum.
2761 4495 2890 4561 Quce
2922 4496 2993 4549 ita
3038 4497 3218 4551 animo
3252 4497 3430 4551 inesse
3474 4498 3652 4559 debet,
3680 4507 3737 4550 ut

2163 4602 2269 4638 non
2306 4584 2479 4639 solum
2506 4586 2726 4638 adversa
2751 4585 2950 4649 vincat,
2989 4600 3175 4639 verum
3206 4586 3368 4639 etiam
3395 4595 3589 4639 cuncta
3619 4586 3733 4640 ille-

2162 4675 2385 4729 cebrosa
2436 4682 2491 4727 et
2536 4673 2850 4742 voluptuosa
2895 4684 3056 4743 atque
3105 4674 3517 4729 delectationem
3559 4676 3735 4729 carnis

2162 4765 2451 4827 moventia,
2488 4773 2705 4833 superet
2737 4773 2791 4818 et
2815 4773 2986 4829 necet,
3019 4774 3177 4834 atque
3205 4766 3533 4836 exstinguat.
3586 4768 3737 4832 Quod

2161 4870 2281 4909 eum
2314 4850 2517 4917 fecerit,
2552 4856 2675 4924 jure
2718 4854 2972 4909 fortitudo
3000 4856 3225 4910 dicetur.
3277 4854 3411 4909 Nam
3459 4858 3505 4911 si
3548 4858 3737 4911 adver-

2163 4946 2337 4998 Santia
2369 4953 2605 5013 superet,
2652 4945 2921 4999 blanditiis
2957 4960 3082 5002 vero
3111 4946 3405 5015 petulantis
3446 4948 3624 5001 carnis
3648 4964 3736 5002 as-

2164 5035 2381 5099 sentiat,
2412 5050 2516 5087 non
2542 5033 2824 5099 fortitudo,
2852 5036 2947 5089 scd
2972 5035 3223 5091 resolutio
3250 5039 3533 5092 vocabitur
3560 5053 3575 5091 :
3605 5054 3732 5107 quo-

2163 5123 2307 5175 niam
2352 5124 2419 5177 ad
2442 5124 2773 5178 delectabilia
2795 5125 3037 5178 solvitur.
3092 5126 3168 5180 De
3201 5142 3306 5197 qua
3335 5128 3574 5183 breviter
3619 5129 3735 5198 qui-

2164 5213 2284 5266 dem
2319 5216 2413 5269 sed
2448 5216 2825 5270 honestissime
2850 5214 3123 5282 difliuitur,
3157 5233 3279 5271 cum
3305 5218 3540 5272 dicitur:
3568 5218 3733 5273 Nemo

2164 5301 2353 5357 melius
2396 5304 2581 5367 vincit,
2633 5320 2793 5372 quam
2824 5305 2916 5373 qui
2941 5306 3173 5374 seipsum
3206 5306 3391 5361 vincit.
3438 5307 3547 5362 Sed
3602 5324 3733 5376 quo—

2165 5391 2308 5445 niam
2356 5392 2569 5446 virtutis
2603 5394 2760 5463 hujus
2788 5398 3113 5462 nuncupatio
3160 5396 3323 5449 etiam
3364 5398 3430 5451 ad
3459 5398 3733 5452 sinistram

2166 5481 2473 5545 reflectitur,
2504 5500 2722 5539 necesse
2748 5494 2829 5539 est
2849 5493 2905 5538 ut
2930 5485 2995 5539 de
3026 5487 3126 5539 hac
3151 5486 3349 5555 aliquid
3374 5489 3604 5543 dicatur.
3638 5490 3731 5544 Di-

2164 5571 2303 5626 citur
2328 5589 2558 5642 namque
2580 5581 2633 5627 et
2661 5572 2914 5627 fortitudo
2939 5574 3221 5639 diabolica,
3247 5576 3313 5629 de
3336 5592 3442 5644 qua
3472 5578 3729 5632 Dominus

2162 5659 2228 5712 ad
2258 5662 2466 5715 beatum
2490 5661 2590 5715 Job
2626 5662 2859 5729 loquitur
2890 5680 2901 5715 :
2958 5660 3132 5716 Virtus
3163 5665 3277 5732 ejus
3307 5665 3361 5717 in
3381 5667 3570 5719 lumbis
3592 5668 3726 5736 ejus,

2160 5759 2207 5802 et
2264 5748 2515 5817 fortitudo
2576 5750 2716 5802 illius
2763 5751 2814 5803 in
2858 5750 3099 5804 umbilico
3147 5754 3336 5807 ventris
3395 5754 3513 5818 eius
3568 5756 3724 5818 (Job.
