3924 6328
179 364 327 424 1117

1406 370 1822 427 TRACTATUS
1858 369 1948 427 DE
1986 372 2223 429 ANXMA.

3301 381 3438 438 1118

178 480 441 549 xxxviii).
497 477 648 535 Unde
693 478 951 534 Dominus
987 479 1042 534 in
1075 479 1364 550 Evangelio
1404 479 1533 535 dicit
1566 498 1578 534 :
1630 479 1765 535 Cum
1791 486 1841 543 Α
1868 482 1993 539 llaec
2016 486 2177 539 etiam
2215 485 2471 544 discretio
2503 489 2610 545 alio
2655 491 2874 547 nomine
2904 490 3102 549 dicitur
3129 510 3143 547 :
3170 494 3295 566 quia
3323 510 3440 552 om-

180 571 338 640 fortis
373 581 607 625 armatus
637 571 859 625 custodit
888 572 1083 624 atrium
1103 588 1280 637 suum,
1324 573 1378 626 in
1407 589 1533 642 pace
1558 585 1678 627 sunt
1704 589 1766 627 ea

178 678 302 731 qua,
330 661 554 730 possidet
592 658 738 730 (Luc.
796 661 895 731 xt).
968 660 1203 726 Fortem,
1242 662 1446 717 scilicet
1469 662 1763 727 diabolum,

181 752 386 805 atrium
437 766 565 805 vero
616 750 774 811 illius,
824 753 1082 806 mumlum
1132 752 1496 822 intelligimus.
1553 754 1627 807 De
1657 768 1765 821 quo

178 841 327 893 atrio
366 840 588 894 fortiore
612 841 1043 909 superveniente,
1094 843 1146 895 id
1187 851 1271 897 est
1307 842 1544 906 Christo,
1592 843 1764 896 victus

177 938 237 981 et
287 940 594 999 superatus,
635 928 838 998 ejectus
892 940 990 985 est.
1042 930 1153 987 Sed
1197 915 1455 986 fortitde
1500 932 1763 987 diabolica

176 1034 302 1087 qua:
360 1023 553 1088 pravos
593 1021 646 1074 in
676 1020 830 1075 malis
880 1021 1115 1087 roborat,
1167 1029 1223 1076 et
1272 1020 1469 1076 Christi
1506 1021 1765 1085 fortitudo

178 1128 285 1181 qna
314 1113 486 1167 sancti
522 1114 589 1168 ad
618 1113 893 1167 toleranda
922 1115 1144 1167 adversa
1179 1114 1621 1178 corroborantur,
1657 1131 1762 1169 non

182 1203 304 1257 solo
337 1213 481 1265 actu,
537 1200 631 1257 sed
668 1204 830 1258 etiam
862 1205 974 1274 ipsa
1012 1205 1275 1258 varietate
1301 1204 1574 1259 nominum
1609 1204 1760 1260 diffe-

178 1301 327 1347 runt.
372 1292 651 1347 Fortitudo
686 1308 915 1362 namque
944 1294 1204 1348 diabolica
1238 1293 1437 1347 dicitur
1480 1302 1763 1348 contuma-

175 1384 289 1450 cia,
332 1385 642 1453 pertinacia,
668 1384 781 1439 sive
811 1384 975 1438 etiam
1005 1385 1323 1453 pervicacia,
1350 1400 1469 1453 qua:
1491 1386 1761 1440 hominem

174 1491 286 1529 non
324 1476 507 1529 sinunt
542 1491 571 1528 a
600 1475 781 1545 pravis
824 1474 1034 1530 actibus
1079 1475 1280 1529 sanctis
1326 1476 1761 1545 persuasionibus

173 1563 445 1616 revocari.
489 1562 769 1618 Fortitudo
819 1560 945 1618 vero
970 1562 1194 1627 Christi,
1240 1566 1352 1634 ipsa
1382 1572 1463 1619 est
1508 1579 1760 1634 persevc-

176 1651 354 1704 rantia
392 1665 485 1706 seu
539 1650 819 1706 tolerantia
864 1669 877 1705 :
928 1666 1025 1706 nec
1051 1660 1240 1715 nonet
1290 1653 1569 1721 patientia,
1641 1668 1759 1721 quae

174 1740 365 1794 omnia
424 1740 647 1796 adversa
685 1742 1082 1813 longanimiter,
1137 1750 1192 1797 et
1232 1743 1753 1811 patienter'tolcrat.

172 1830 331 1886 Hanc
362 1833 543 1901 itaque
585 1847 804 1888 necesse
830 1842 913 1888 est
940 1844 998 1887 ut
1027 1833 1237 1901 justitia
1268 1836 1575 1899 comitetur,
1636 1852 1755 1904 qua:
1786 1818 1830 1876 Β

171 1922 445 1976 rectitudo
481 1923 592 1977 sive
625 1924 851 1992 aequitas
879 1922 1077 1977 dicitur
1112 1940 1125 1988 ;
1187 1938 1253 1977 ne
1301 1924 1441 1993 quod
1484 1922 1621 1980 forte
1654 1936 1756 1993 est,

168 2011 380 2082 absque
426 2015 746 2069 rectitudine
777 2014 957 2083 aliquo
1000 2016 1157 2069 modo
1200 2014 1290 2069 fiat
1324 2030 1571 2084 pravum.

787 2124 1015 2181 CAPUT
1055 2124 1144 2180 IX.

799 2214 875 2267 De
909 2214 1141 2284 justitia.

241 2326 462 2381 .lustitia
507 2327 670 2396 igitur
710 2327 928 2391 dicitur,
982 2328 1138 2398 quasi
1183 2325 1322 2396 juris
1361 2330 1627 2392 custodia,
1692 2344 1757 2384 eo

165 2424 315 2494 quod
338 2422 596 2493 quidquid
619 2420 728 2489 jus,
778 2422 829 2476 id
858 2430 958 2486 est,
1014 2421 1099 2476 lex
1129 2422 1390 2491 praecipit,
1440 2422 1751 2476 custodiat:

164 2516 256 2571 vel
304 2514 561 2583 quidquid
604 2513 855 2584 prohibet
900 2513 1120 2568 devitet.
1183 2511 1309 2567 llatc
1354 2527 1484 2582 ergo
1522 2512 1567 2566 si
1602 2510 1757 2566 forti-

165 2606 344 2659 tudini
368 2604 652 2674 conjuncta
682 2604 864 2669 fuerit,
903 2618 1022 2658 eam
1051 2603 1200 2657 omni
1229 2602 1387 2657 modo
1410 2603 1751 2657 condecorat.

165 2694 306 2749 Nam
346 2695 604 2765 quidquid
633 2693 769 2749 forte
799 2702 902 2760 est,
953 2694 1055 2749 nisi
1076 2693 1279 2761 justum
1307 2693 1488 2757 fuerit,
1526 2692 1593 2747 ad
1637 2708 1757 2762 pra-

166 2800 314 2849 vam,
348 2785 464 2839 sine
490 2784 673 2848 dubio,
710 2792 918 2854 partem
957 2784 1303 2838 derivabitur.
1362 2781 1576 2838 Justitia
1625 2798 1755 2854 ergo

163 2885 256 2933 est
296 2878 511 2947 propria
536 2877 792 2932 nobilitas
817 2877 1000 2938 animi,
1056 2892 1175 2946 qua:
1202 2875 1492 2945 unicuique
1515 2875 1753 2931 debitam

161 2976 391 3040 praestat
435 2968 863 3041 retributionem.
910 2967 1093 3030 Bonis,
1145 2966 1352 3020 scilicet
1402 2965 1618 3036 dignam
1666 2981 1754 3020 re-

166 3058 413 3111 tribuens
452 3055 707 3110 laudem:
760 3054 1046 3123 pravisque
1085 3065 1140 3107 et
1191 3052 1457 3125 malignis,
1517 3054 1752 3125 debitam

166 3148 424 3217 ingerens
451 3144 861 3215 vituperationis
888 3143 1381 3213 reprehensionem.
1427 3144 1545 3212 Ipsa
1569 3144 1752 3214 itaque
1778 3155 1822 3217 ί]

161 3237 405 3292 debitum
436 3235 545 3290 Deo
574 3235 873 3290 divinitatis
894 3236 1095 3290 cultum
1129 3236 1496 3305 honoremque
1542 3235 1751 3305 impen-

162 3328 366 3389 dimus,
434 3336 597 3394 atque
636 3325 975 3381 dilectionem
1029 3343 1041 3377 :
1094 3326 1368 3395 proximos
1415 3340 1542 3379 vero
1588 3326 1749 3395 digno

161 3419 470 3473 dilectionis
493 3432 677 3473 amore
714 3417 1138 3487 complectmmr.
1193 3417 1331 3482 Quid
1365 3418 1505 3471 enim
1530 3418 1744 3487 justius,

160 3526 328 3581 quam
360 3510 523 3563 Deum
548 3517 659 3563 toto
684 3510 845 3563 corde
866 3508 1109 3577 diligere,
1141 3524 1170 3560 a
1198 3522 1304 3576 quo
1334 3508 1535 3562 conditi
1560 3522 1747 3562 sumus

162 3602 293 3655 dum
345 3615 448 3654 non
489 3600 773 3655 essemus?
821 3598 957 3651 Male
997 3606 1176 3652 autem
1234 3599 1474 3667 captivos
1511 3599 1744 3653 dicinms

161 3691 292 3760 quia
339 3700 421 3745 est
449 3697 503 3743 et
528 3689 811 3757 captivitas
840 3688 1001 3751 bona,
1031 3689 1095 3743 de
1122 3703 1227 3756 qua
1265 3687 1461 3743 dicitur
1490 3706 1502 3741 :
1554 3689 1747 3742 Ascen-

161 3781 294 3833 deus
323 3778 564 3833 Christus
598 3778 653 3831 in
692 3777 878 3843 altum,
916 3779 1172 3847 captivam
1209 3778 1360 3831 duxit
1398 3779 1744 3848 captivitatem

163 3866 339 3939 (Psul.
390 3868 578 3939 uvtt).
634 3868 771 3935 Quid
799 3884 924 3924 vero
965 3869 1167 3923 rectius
1193 3883 1312 3923 esse
1342 3877 1538 3938 potest,
1579 3885 1744 3939 quam

163 3960 442 4028 proximos
486 3959 577 4027 qui
634 3958 835 4014 similes
888 3958 1040 4013 nobis
1088 3966 1214 4014 sunt
1246 3959 1469 4024 conditi,
1518 3967 1572 4014 et
1627 3960 1743 4028 pari

164 4051 327 4105 modo
355 4050 635 4120 redempti,
667 4050 809 4105 sicut
842 4065 940 4104 nos
966 4049 1220 4117 diligere?
1252 4049 1363 4103 Hac
1394 4050 1529 4118 ipsa,
1560 4058 1742 4105 nostra

164 4143 645 4212 proximorumque
664 4150 869 4205 errata,
900 4141 1056 4211 digna
1085 4151 1141 4197 et
1165 4142 1341 4197 debita
1368 4143 1743 4211 redargutioue

164 4239 659 4301 oompescercntur.
695 4232 831 4298 Quia
861 4231 962 4285 hac
988 4246 1115 4301 ergo
1142 4231 1480 4285 rcfrenantur
1507 4240 1561 4286 et
1590 4247 1743 4287 coer-

164 4333 359 4380 centur
381 4322 580 4384 illicita,
613 4322 916 4391 redargutio
942 4335 1071 4375 vero
1098 4322 1302 4390 absque
1350 4321 1561 4376 fervore
1601 4338 1738 4392 quo-

164 4418 288 4469 dam
345 4422 400 4468 et
426 4413 618 4467 ardore
653 4412 751 4465 zeli
795 4412 977 4480 nequit
1005 4411 1140 4475 fieri,
1192 4421 1339 4466 recte
1388 4415 1739 4482 temperantia

157 4505 424 4575 justitiam
460 4504 723 4571 sequitur,
774 4516 840 4555 ne
866 4500 1047 4556 fervor
1082 4500 1304 4570 justitizc
1330 4504 1545 4558 modum
1580 4519 1740 4561 exce-
1767 4503 1821 4563 D

160 4596 277 4657 dat,
321 4603 375 4647 et
409 4608 565 4662 quem
596 4592 792 4645 htcrari
824 4594 1089 4645 tnonendo
1134 4602 1189 4647 et
1213 4594 1530 4664 corrigendo
1576 4596 1737 4651 debe-

162 4701 303 4748 mus,
370 4684 533 4737 nimia
572 4684 907 4737 correctione
931 4682 1262 4749 dejiciamus.

796 4794 1021 4850 CAPUT
1053 4797 1120 4849 Χ.

714 4885 788 4939 De
816 4888 1177 4955 temperantia.
1260 4940 1269 4947 ,

232 4994 611 5063 Temperantia
657 5011 786 5067 ergo
817 4996 1035 5074 dicitur,
1082 4998 1335 5066 quoniam
1374 5001 1740 5056 moderatione

157 5104 254 5141 sua
287 5095 549 5155 temperat
587 5086 826 5141 animum
860 5088 1298 5158 uniuscujusque.
1334 5090 1487 5145 Unde
1509 5098 1563 5144 et
1604 5100 1739 5145 tem-

156 5180 407 5248 perantia
454 5180 669 5244 dicitur,
708 5180 832 5249 quia
881 5182 1117 5235 animum
1161 5191 1425 5251 temperat
1472 5183 1741 5238 caloribus

156 5277 214 5325 et.
261 5268 576 5338 frigoribus,
612 5284 680 5323 ne
712 5268 873 5323 nimis
921 5269 1137 5340 frigida,
1181 5270 1460 5324 nimietate
1492 5286 1609 5336 sua,
1659 5287 1742 5327 re-

156 5356 393 5426 stringat
418 5357 647 5411 virentia
673 5358 911 5413 arbusta.
937 5358 1313 5429 Temperantia
1335 5359 1497 5429 igitur
1522 5368 1603 5414 est
1634 5361 1740 5414 vir-

160 5454 247 5503 tus
280 5446 465 5511 animi,
499 5462 618 5515 quae
653 5463 749 5501 suo
787 5448 1154 5503 moderamine
1186 5450 1350 5503 totius
1374 5450 1497 5503 vitae
1521 5451 1736 5504 modum

160 5538 408 5607 imponit,
441 5554 507 5591 ne
531 5538 656 5607 quid
687 5547 779 5591 aut
811 5538 935 5593 odio
965 5540 1131 5594 nimio
1164 5550 1498 5605 exsecretur,
1532 5549 1622 5595 aut
1658 5541 1740 5593 ni—

160 5627 273 5682 mio
302 5640 487 5682 amore
526 5629 842 5683 demulceat.
878 5627 1076 5684 Omnes
1121 5646 1249 5687 vero
1294 5632 1583 5686 varietates
1609 5648 1741 5702 qua-

161 5715 290 5771 dam
317 5717 590 5788 diligentia
620 5720 988 5784 considerans,
1022 5729 1286 5789 temperat
1311 5730 1366 5776 ct
1410 5724 1737 5777 moderatur.

1866 574 1953 626 nia
1986 575 2243 629 discernit
2281 592 2348 631 ne
2377 580 2593 634 modum
2627 582 2912 648 excedant,
2956 597 3131 653 neque
3159 586 3226 637 ad
3254 585 3436 639 dexte-

1868 684 2004 733 ram,
2048 684 2221 739 nequc
2251 672 2320 725 ad
2371 672 2558 727 laevam
2603 674 2825 728 nimium
2873 676 3141 731 declinet:
3170 677 3262 731 sed
3313 693 3439 746 qua-

1865 758 1986 813 dam
2018 760 2099 813 via
2147 761 2292 831 regia
2341 762 2637 833 gradiatur,
2690 774 3055 834 temperelque
3091 767 3336 836 gradum,
3372 784 3438 820 ne

1866 845 2006 899 ultra
2032 849 2245 903 modum
2274 850 2507 905 incedat.
2546 851 2698 906 Unde
2727 861 2781 906 et
2807 852 3166 922 philosophica
3205 854 3291 907 illa
3317 870 3437 909 sen-

1867 936 2048 998 tentia,
2075 937 2251 994 brevis
2282 940 2565 995 admodum
2596 950 2697 1005 est,
2730 941 2823 996 sed
2845 943 3217 1010 probatissima
3244 945 3293 998 iu
3337 945 3436 998 hac

1864 1026 1970 1078 vita
2015 1029 2353 1098 maximeque
2396 1032 2701 1087 necessaria
2740 1050 2752 1085 :
2785 1031 2861 1086 Ne
2900 1034 3028 1102 quid
3077 1035 3253 1088 nimis.
3300 1034 3434 1089 Cum

1863 1115 2007 1169 enim
2057 1117 2184 1171 dicit
2218 1133 2232 1172 :
2264 1117 2340 1173 Ne
2369 1120 2521 1188 quid,
2566 1122 2821 1184 ostendit,
2850 1125 2975 1191 quia
3020 1133 3073 1177 et
3124 1124 3318 1179 bonum
3350 1128 3434 1179 ni-

1862 1207 2029 1260 mium
2061 1224 2181 1263 esse
2215 1218 2409 1278 potest.
2444 1211 2596 1266 Unde
2644 1220 2697 1268 et
2733 1212 2987 1269 Salomon
3020 1216 3149 1269 dicit
3176 1234 3189 1268 :
3218 1214 3348 1282 Fili,
3376 1234 3437 1269 ne

1861 1301 1932 1352 sis
1961 1301 2178 1354 nimium
2191 1302 2369 1369 justus
2399 1302 2582 1372 (Eccli.
2608 1308 2721 1375 vn).
2751 1306 2825 1360 De
2848 1307 2950 1359 hac
2975 1308 3137 1361 etiam
3160 1306 3323 1362 Iacob
3343 1321 3437 1376 per

1861 1386 2171 1456 allegoriam
2200 1389 2330 1443 dicit
2359 1407 2372 1443 :
2400 1390 2580 1445 Habeo
2611 1393 2756 1446 boves
2783 1405 2830 1446 et
2857 1411 2971 1447 oves
2996 1395 3146 1463 fetas,
3175 1404 3221 1448 et
3252 1412 3437 1465 parvu-

1860 1475 1937 1530 los
1967 1486 2168 1531 teneros
2191 1519 2203 1532 .
2235 1496 2362 1550 quos
2397 1481 2441 1534 si
2476 1481 2590 1549 plus
2632 1484 2688 1535 in
2734 1482 3051 1537 ambulando
3093 1485 3260 1554 fecero
3288 1484 3434 1539 labo-

1888 1582 1997 1631 are,
2030 1568 2319 1621 morientur
2350 1568 2500 1641 (Gen.
2536 1572 2750 1642 xxxm).
2787 1572 2887 1627 Per
2926 1574 3089 1628 boves
3139 1576 3336 1645 quippe
3384 1586 3436 1629 et

1860 1668 1987 1709 oves
2033 1654 2190 1721 fetas,
2240 1659 2432 1712 anima:
2475 1660 2861 1730 intelliguntur,
2916 1678 3034 1731 qua:
3072 1663 3289 1717 verbum
3339 1666 3436 1719 Dei

1860 1751 2039 1798 mente
2065 1746 2394 1815 concipiunt.
2434 1749 2561 1814 Qum
2601 1751 2644 1804 si
2684 1751 2909 1805 nimium
2957 1753 3059 1807 iter
3085 1754 3324 1823 arripere
3352 1771 3438 1809 co.

1859 1827 2073 1900 gantur,
2102 1837 2243 1904 quod
2290 1846 2468 1891 mente
2498 1850 2875 1908 conccperunt,
2924 1843 3172 1909 perdunt.
3220 1842 3435 1898 Parvuli

1860 1937 1989 1977 vero
2032 1926 2197 1978 teneri
2232 1936 2357 1980 sunt
2407 1927 2482 1981 illi
2531 1930 2595 1983 de
2639 1930 2833 1998 quibus
2883 1929 3079 1985 Paulus
3123 1934 3252 1986 dicit
3282 1951 3298 1986 δ
3328 1933 3435 1989 Lac

1859 2013 1997 2066 vobis
2023 2024 2198 2083 potum
2239 2016 2377 2081 dedi,
2409 2033 2512 2070 non
2552 2035 2723 2072 escam
2756 2033 2775 2071 .'
2804 2022 3034 2074 nondum
3065 2023 3199 2075 enim
3227 2034 3433 2092 potera-

1857 2104 2086 2156 tis:sed
2135 2121 2226 2157 nec
2272 2107 2443 2159 adhuc
2498 2109 2702 2177 quidem
2754 2112 2985 2179 potestis.
3034 2110 3253 2165 Parvuli
3297 2113 3434 2166 enim

1858 2194 1975 2247 estis
2009 2192 2059 2264 (1
2091 2191 2211 2248 Cor.
2238 2196 2342 2265 tn).
2374 2197 2468 2252 His
2486 2214 2613 2268 ergo
2633 2200 2824 2255 talibus
2847 2201 2982 2255 levia
3006 2212 3291 2272 praecepta,
3311 2220 3431 2273 qum

1856 2298 1953 2351 per
1996 2282 2080 2337 lac
2130 2285 2523 2356 intelliguntur,
2560 2288 2855 2343 ministrari
2895 2290 3110 2355 debent,
3155 2307 3434 2362 quousque

1856 2374 2027 2429 solido
2068 2384 2122 2429 et
2174 2375 2298 2431 forti
2347 2378 2470 2433 cibo
2512 2381 2586 2433 uti
2629 2380 2860 2445 valeant,
2893 2381 2945 2435 id
2974 2391 3075 2445 est,
3126 2382 3434 2439 fortioribus

1855 2466 2155 2535 praereptis.
2189 2465 2281 2520 Ha:
2314 2468 2495 2536 itaque
2522 2469 2749 2523 virtutes
2777 2485 2898 2523 cum
2929 2471 3178 2527 omnibus
3205 2472 3312 2527 sint
3349 2488 3431 2527 ne-

1857 2557 2130 2621 cessariae,
2165 2557 2498 2612 excellentiae
2530 2567 2707 2614 tamen
2740 2560 2900 2630 regiae
2946 2562 3239 2614 maximum
3270 2561 3432 2616 decus

1855 2654 2212 2715 ornatumque
2235 2658 2512 2715 praestant.
2538 2649 2640 2703 Per
2668 2650 3007 2719 prudentiam
3039 2652 3234 2722 quippe
3259 2654 3421 2706 enuti-

1854 2736 1954 2790 bus
1994 2736 2216 2805 provide
2245 2739 2597 2807 prospiciens,
2625 2749 2783 2793 caute
2830 2740 3326 2802 et.rationabiliter
3368 2754 3429 2793 ea

1855 2842 1974 2898 qua;
2000 2829 2283 2897 provenire
2313 2838 2553 2898 possunt,
2576 2830 2885 2885 considerat
2915 2848 2927 2883 :
2952 2838 3007 2884 et
3035 2830 3283 2885 acumine
3305 2845 3429 2885 sen-

1854 2930 1946 2970 sus
1975 2916 2126 2985 quasi
2154 2917 2269 2971 acie
2298 2917 2599 2981 oculorum,
2625 2926 2779 2972 caute
2820 2918 3046 2972 adversa
3088 2919 3345 2987 perspicit
3366 2932 3427 2973 ac

1853 3021 2130 3076 prospera.
2160 3005 2263 3059 Per
2288 3004 2657 3061 fortitudinem
2696 3020 2822 3061 vero
2849 3020 3009 3061 omne
3037 3007 3178 3074 quod
3208 3008 3429 3076 provide

1854 3097 2209 3168 perspexerit,
2239 3097 2353 3151 sive
2378 3098 2601 3152 adversa
2644 3098 2759 3153 sive
2784 3112 3060 3168 prospera,
3104 3095 3232 3153 forti
3269 3106 3323 3152 et
3351 3099 3427 3152 in-

1853 3204 2115 3245 concusso
2147 3187 2329 3241 animo
2349 3196 2631 3257 supportat
2660 3206 2671 3240 :
2701 3196 2924 3243 eventus
2951 3187 3153 3243 scilicet
3172 3187 3421 3242 ﬂuctuan-

1853 3280 1920 3333 tis
1963 3276 2164 3340 steculi,
2220 3275 2376 3339 bella,
2434 3276 2692 3330 tumultus
2726 3283 2781 3329 et
2819 3276 3130 3341 seditiones,
3183 3292 3282 3330 nec
3322 3292 3426 3332 non

1848 3377 1903 3424 et
1926 3370 2165 3424 diversos
2196 3384 2377 3423 mores
2402 3369 2699 3423 hominum.
2730 3368 2893 3436 Regia
2923 3369 3124 3424 etenim
3163 3369 3427 3425 excellen-

1851 3462 1923 3515 tia
1953 3450 2167 3529 quanto‘
2191 3460 2437 3529 pluribus
2462 3467 2677 3529 praeest,
2710 3468 2857 3514 tanto
2886 3459 3065 3529 plures
3093 3447 3316 3516 eventus
3337 3476 3426 3516 re-

1849 3569 1966 3607 rum
1993 3552 2351 3607 accidentium
2381 3550 2676 3619 perspicit:
2707 3557 2867 3619 atque
2911 3550 3112 3604 idcirco
3133 3549 3427 3607 fortissimo

1847 3643 2027 3697 animo
2056 3650 2251 3697 cuncta
2290 3656 2546 3710 superare
2573 3640 2745 3695 decet.
2777 3639 2944 3707 Quem
2988 3655 3119 3695 vero
3140 3639 3422 3708 justiorem

1850 3733 2005 3787 decet
2027 3746 2146 3786 esse
2167 3746 2329 3800 quam
2356 3731 2571 3800 regem?
2590 3729 2790 3784 Omnes
2817 3745 3048 3799 namque
3062 3728 3272 3799 judiees
3291 3746 3423 3785 cun-

1846 3825 2025 3893 ctique
2056 3814 2285 3885 actores,
2318 3821 2565 3891 quamvis
2592 3821 2880 3891 cupiditate
2914 3822 3055 3875 ducti
3089 3821 3281 3891 injusta
3307 3822 3420 3877 dis-

1845 3930 2047 3984 ponere
2088 3914 2353 3977 nitantur,
2382 3913 2787 3968 considerantes
2806 3912 3071 3980 justitiam
3100 3913 3259 3983 regis,
3291 3912 3424 3967 nihil

1846 4003 2102 4073 injustum
2167 4003 2395 4057 subditis
2456 4001 2659 4057 inferre
2720 4009 3047 4071 prmsument
3100 4017 3115 4056 :
3168 4004 3422 4072 quoniam

1839 4095 2042 4164 justam
2075 4094 2365 4149 vindictam
2407 4096 2753 4149 verebuntur.
2800 4094 3209 4163 Temperantem
3244 4103 3419 4153 autem

1844 4202 2024 4257 regem
2050 4187 2292 4256 apprime
2323 4187 2475 4242 decet
2509 4202 2647 4250 esse,
2678 4194 2739 4240 ut
2778 4184 2893 4254 ejus
2922 4194 3186 4255 przecepta
3213 4187 3421 4242 cunctis

1843 4280 2187 4344 conveniant,
2236 4294 2304 4333 ne
2346 4278 2506 4332 nimis
2555 4278 2674 4332 laxa
2722 4277 2978 4342 existant,
3041 4291 3177 4332 neve
3230 4278 3420 4331 iterum

1843 4367 1995 4423 valde
2044 4367 2227 4438 gravia
2260 4384 2273 4421 :
2307 4368 2404 4423 sed
2434 4367 2526 4421 tali
2561 4367 2930 4421 moderamine
2974 4376 3132 4435 atque
3164 4368 3420 4437 temperie

1846 4459 2125 4527 disposita,
2154 4466 2213 4512 ut
2246 4458 2401 4529 juxta
2440 4458 2840 4528 possibilitatem
2886 4466 3198 4513 cunctorum
3241 4458 3418 4512 omnia

1846 4546 1999 4601 ﬂant.
2038 4548 2315 4613 Quatenus
2343 4549 2467 4617 agni
2512 4548 2565 4601 in
2594 4548 2755 4617 regiis
2788 4548 2980 4601 edictis
3012 4548 3286 4601 inveniant
3314 4564 3418 4617 quo

1847 4639 2043 4694 vadere
2088 4647 2285 4709 queant
2314 4657 2326 4692 :
2358 4647 2413 4692 et
2451 4638 2739 4707 elephanti
2770 4654 2875 4708 quo
2924 4655 2981 4694 se
3011 4650 3197 4695 natare
3222 4656 3417 4710 cogno-

1846 4738 2019 4794 scant,
2071 4730 2171 4784 hoc
2217 4736 2319 4792 est,
2350 4738 2408 4781 ut
2452 4743 2520 4782 ne
2570 4728 2726 4783 mites
2754 4745 2818 4783 ac
2867 4730 3137 4800 simplices
3169 4731 3414 4787 violentia

1845 4829 2233 4892 prteceptorum
2260 4821 2629 4889 opprimantur
2658 4838 2671 4873 :
2696 4831 2750 4876 et
2778 4831 3020 4891 potentes
3054 4831 3107 4877 et
3133 4822 3300 4878 fortes
3323 4840 3418 4894 po-

1846 4912 2129 4967 tentiorem
2158 4925 2216 4964 se
2263 4919 2317 4963 et
2364 4911 2639 4964 fortiorem
2692 4926 2909 4979 semper
2939 4911 3203 4981 aspiciant
3228 4920 3283 4967 et
3328 4929 3418 4967 ve-

1843 5010 2083 5055 reantur.
2116 5000 2211 5055 His
2242 5001 2421 5070 itaque
2448 5010 2680 5068 quatuor
2709 5001 2997 5056 virtutibus
3031 5003 3183 5071 quasi
3209 5002 3417 5059 solidis-

1844 5094 1995 5151 simis
2025 5093 2306 5155 columnis,
2346 5093 2522 5147 omnis
2571 5093 2732 5162 regia:
2786 5093 3061 5162 dignitatis
3112 5093 3282 5148 bonos
3326 5094 3418 5149 de-

1843 5200 2044 5253 cusque
2088 5183 2350 5238 attollitur
2385 5200 2398 5236 :
2439 5182 2771 5252 feliciterque
2807 5192 3002 5239 cuncta
3050 5186 3413 5255 gubernantur

1843 5288 2005 5346 atque
2034 5284 2383 5331 exornantur.
2414 5274 2519 5330 Sed
2543 5277 2667 5345 quia
2712 5276 2825 5330 haec
2867 5274 3103 5330 breviter
3139 5284 3194 5330 et
3238 5277 3416 5330 minus

1843 5375 2054 5435 compte
2101 5366 2167 5419 de
2210 5365 2408 5429 anima,
2440 5365 2834 5435 virtutibusque
2877 5365 2992 5433 ejus
3039 5367 3244 5437 digesta
3292 5376 3417 5421 sunt

1846 5455 2159 5517 moralibus,
2193 5455 2319 5508 hinc
2351 5464 2516 5509 restat
2564 5464 2621 5509 ut
2654 5457 2719 5510 de
2768 5454 3059 5510 habitaculi
3107 5456 3273 5525 ipsius
3308 5456 3413 5511 situ

1844 5554 1899 5600 et
1931 5545 2209 5614 dignitate,
2238 5543 2414 5613 aliqua
2439 5544 2687 5599 dicantur
2711 5563 2723 5598 :
2748 5545 3000 5614 quoniam
3025 5545 3243 5615 dignum
3273 5552 3413 5609 erat,

1844 5642 1904 5688 ut
1930 5650 2049 5705 qua:
2080 5644 2244 5689 tantae
2285 5634 2558 5704 dignitatis
2586 5643 2768 5689 creata
2798 5644 2903 5699 est,
2939 5642 2999 5689 ut
3027 5635 3091 5689 ad
3125 5634 3413 5703 imaginem

1851 5723 1944 5779 Dei
1980 5732 2143 5794 atque
2188 5723 2592 5780 similitudinem
2626 5723 2767 5782 facta
2807 5725 3036 5792 dicatur,
3079 5723 3289 5779 decenti
3320 5722 3414 5779 ha-
