3924 6356
505 373 558 459 tt
579 402 639 460 ιο

1138 402 1196 456 Β.
1236 402 1485 458 ΒᾹΒΑΝΙ
1526 402 1741 460 MAURI
1780 402 2101 460 ARClllEP.
2144 401 2454 459 MOGUNT.
2498 403 2781 461 OPERUM
2822 403 3001 459 PARS
3038 404 3099 458 ll.

3627 402 3771 460 “‘30

502 512 735 571 bitaculo
759 521 1062 568 ornaretur.
1096 513 1388 585 Aggrediar
1416 531 1544 585 ergo
1584 524 1640 571 ct
1668 531 1801 586 opus
1840 515 1934 571 Dei
1970 515 2073 569 mi-
2104 522 2152 577 Α
2178 513 2449 571 dicantur.
2491 514 2593 582 Qui
2644 516 2890 585 quamvis
2927 526 2980 571 et
3020 517 3206 571 bestiis
3249 514 3428 573 inesse
3454 518 3767 586 vidcantur,

502 606 713 661 rilicum
744 606 797 660 in
840 606 1074 660 humano
1098 622 1324 675 corpore
1354 623 1457 676 qua
1497 608 1647 667 valeo
1677 607 2032 662 demirationc
2060 626 2072 661 :

501 706 555 753 et
580 699 625 753 si
653 713 759 754 non
785 697 1065 767 condigne,
1088 698 1280 752 devote
1308 698 1545 753 scribere
1573 697 1828 759 conabor,
1857 698 1921 751 cit
1953 713 2077 767 pro-

497 784 743 840 batorum
789 785 995 840 scilicet
1034 784 1313 839 doctorum
1354 786 1571 856 scriptis
1623 785 1901 839 latissimis
1957 787 2077 841 bre-

501 874 731 929 vissima.
744 874 1090 944 depromcns.
1698 868 1699 871 “

1110 982 1338 1040 CAPUT
1377 983 1465 1039 XI.

851 1073 929 1130 De
955 1081 1095 1129 statu
1119 1084 1167 1130 et
1190 1075 1444 1144 positione
1466 1074 1717 1145 corporis.

565 1185 775 1257 Corpus
818 1184 1000 1257 itaque
1039 1185 1294 1243 hominis.
1321 1185 1459 1239 mira
1504 1184 1815 1253 operatione
1854 1198 2073 1255 compa-

496 1285 663 1340 ctum,
713 1276 1037 1346 proceritate
1093 1291 1205 1330 sua:
1254 1274 1595 1331 rectitudinis
1642 1274 1908 1328 acunctis
1954 1275 2073 1328 ani-

496 1364 768 1420 mantibus
814 1364 1138 1433 disparatur.
1168 1364 1320 1431 Quod
1347 1364 1598 1419 videlicet
1642 1365 1687 1418 si
1730 1378 1830 1433 per
1865 1364 2072 1435 singula

494 1455 733 1509 meinbra
765 1455 1156 1520 consideretur,
1187 1469 1378 1525 magna
1408 1454 1461 1507 in
1505 1456 1609 1508 hoc
1636 1454 1895 1524 mysteria
1921 1470 2073 1508 C(llll-

491 1546 898 1614 prehenduntur
921 1545 988 1599 ab
1013 1545 1095 1599 bis
1121 1546 1209 1613 qui
1227 1560 1288 1597 ea
1318 1544 1569 1613 indagare
1589 1552 1863 1615 satagunt.
1896 1544 2071 1615 Ipsum
2160 1588 2163 1589 ν

491 1649 725 1704 namque
774 1643 933 1704 caput
962 1638 1169 1691 cunctis
1200 1637 1444 1692 eminens
1490 1637 1767 1704 membris,
1822 1640 1873 1693 in
1919 1638 2072 1706 cujus

490 1727 692 1779 vertice
714 1725 904 1779 anima:
935 1726 1114 1780 sedem
1156 1728 1389 1780 maxime
1422 1741 1540 1781 esse
1570 1728 1860 1790 credimus,
1888 1729 1953 1783 ad
1993 1731 2067 1783 si-

492 1812 843 1867 militudinem
875 1813 1106 1868 caelestis
1134 1815 1358 1884 sphmrae
1397 1813 1706 1880 formatum,
1736 1830 1829 1870 sex
1858 1816 2070 1873 ossibus

489 1912 573 1957 est
607 1912 943 1973 compactum
974 1912 1071 1959 :ut
1113 1904 1441 1975 intelligatur
1469 1904 1555 1959 ille
1596 1907 1843 1963 senarius
1878 1924 2067 1964 nume—

491 2008 605 2057 rus,
638 1994 729 2063 qui
774 1994 1045 2064 perfectus
1090 1997 1370 2065 probatur,
1405 1996 1459 2050 in
1514 1998 1748 2052 hominis
1797 2002 2071 2056 creatione

490 2092 761 2138 constare.
796 2083 870 2138 De
892 2084 1044 2155 cujus
1073 2086 1281 2139 numeri
1322 2084 1653 2155 perfectione
1692 2087 1922 2157 plurima
1965 2089 2068 2143 dici

489 2182 753 2241 possunt:
788 2174 881 2227 sed
916 2173 1003 2227 hic
1050 2182 1176 2228 sunt
1226 2184 1447 2245 propter
1490 2178 1863 2245 compendium
1912 2181 2071 2235 omit-

492 2264 673 2317 tenda.
707 2262 818 2318 Sub
848 2264 1007 2331 hujus
1036 2265 1216 2335 itaque
1241 2265 1431 2335 capitis
1454 2269 1682 2321 rotunda
1710 2269 2066 2334 concavitatc,

488 2353 628 2407 bina:
680 2354 823 2408 acies
875 2353 1152 2409 oculorum
1209 2356 1493 2425 prodeunt,
1546 2358 1612 2412 ad
1666 2357 2067 2419 similitudinem

488 2447 713 2500 duorum
763 2446 1062 2501 caelestium
1102 2446 1445 2501 luminarium
1491 2464 1503 2500 :
1549 2448 1654 2514 vel,
1704 2456 1760 2501 ut
1808 2451 2070 2506 sacratius

486 2539 685 2608 aliquid
728 2538 993 2605 dicamus,
1024 2540 1089 2593 ad
1130 2541 1298 2595 instar
1321 2541 1548 2595 duorum
1579 2539 2067 2598 Testamentorum.

488 2631 691 2697 Quibus
722 2632 1099 2687 decentissime
1128 2633 1401 2703 supposita
1447 2642 1573 2689 sunt
1598 2636 1839 2690 membra
1872 2646 2067 2690 caetera

487 2720 811 2787 combinata,
839 2722 1115 2777 dualitatis
1160 2724 1539 2791 conjunctione
1577 2725 1834 2795 disposita
1866 2744 1877 2780 :
1911 2741 2070 2781 aures

486 2812 712 2876 scilicet,
749 2826 928 2878 nares,
964 2812 1124 2877 labia,
1155 2812 1393 2879 brachia,
1438 2829 1652 2879 manus,
1689 2814 1875 2882 latera,
1909 2832 2068 2871 crura

485 2911 541 2956 et
566 2904 746 2974 pedes.
777 2902 906 2971 Qum
934 2914 1124 2959 cuncta
1158 2906 1247 2959 tali
1274 2906 1373 2961 sibi
1417 2916 1540 2960 sunt
1583 2907 1852 2962 cbaritate
1875 2923 2069 2962 conve-

486 2993 708 3059 nientia,
741 3000 799 3046 ut
839 3009 1005 3048 unum
1035 2995 1282 3065 idemque
1311 3010 1501 3065 sapere
1549 3004 1711 3065 atque
1746 2998 1961 3066 operari
1990 3000 2071 3053 vi-

485 3083 731 3138 deantur.
764 3082 856 3139 llis
886 3100 1013 3139 vero
1050 3084 1191 3139 biuis
1228 3085 1563 3156 geminisque
1593 3087 1849 3141 membris
1876 3086 1951 3140 ita
1980 3102 2069 3141 or-

484 3170 705 3237 dinatis,
732 3180 857 3226 sunt
883 3179 935 3225 et
965 3172 1067 3226 alia
1097 3173 1361 3238 membra,
1399 3174 1615 3243 propria
1648 3174 1852 3228 unitate
1876 3176 2068 3230 decen-

485 3265 692 3321 tissime
734 3264 960 3335 geminis
1008 3265 1265 3320 membris
1290 3266 1686 3331 convenientia,
1726 3282 1891 3323 nasus
1920 3268 2066 3323 scili-

484 3364 588 3421 cet,
632 3370 715 3421 os,
745 3361 952 3424 guttur,
992 3364 1203 3424 pectus,
1245 3363 1454 3420 venter,
1505 3357 1809 3423 umbilicus,
1843 3358 2065 3428 ipsaque

486 3446 632 3517 virga
666 3444 935 3514 genitalis,
990 3460 1150 3515 quam
1203 3445 1336 3499 mira
1384 3446 1786 3517 dispensatione
1826 3448 1968 3503 Deus
1997 3449 2063 3503 ad

486 3534 703 3588 humani
730 3535 939 3605 generis
968 3534 1203 3589 sobolem
1232 3538 1593 3591 renovandam
1634 3536 1899 3593 attribuit.
1934 3539 2065 3605 Quae

485 3635 679 3681 cuncta
725 3641 976 3695 magnum
1014 3627 1177 3681 decus
1222 3627 1466 3681 obtinere
1509 3628 1781 3694 videntur,
1808 3630 2065 3699 quoniam

486 3716 539 3769 in
587 3713 879 3769 meditullio
925 3715 1118 3784 posita,
1152 3715 1379 3784 geminis
1409 3716 1668 3771 membris
1712 3720 2060 3785 conveniunt,

486 3816 546 3861 ut
572 3815 761 3861 neutra
796 3821 919 3876 pars
949 3822 1113 3860 unum
1137 3822 1203 3862 ex
1249 3808 1334 3863 bis
1359 3808 1475 3863 sine
1503 3810 1695 3875 altera,
1730 3811 1907 3866 valeat
1935 3827 2063 3866 vcn—

485 3898 686 3952 dicare.
719 3896 842 3951 Hree
881 3911 1009 3969 ergo
1043 3898 1223 3952 omnia
1270 3914 1393 3953 cum
1438 3900 1658 3969 reliquis
1689 3901 1965 3967 membris,
1994 3903 2064 3958 ad

486 3989 850 4045 habitaculum
874 3990 1065 4045 animae
1085 3991 1151 4046 ad
1174 3991 1458 4063 imaginem
1479 4008 1631 4048 suam
1648 3994 1899 4062 conditae,
1917 3995 2060 4052 Deus

489 4082 645 4152 digna
672 4082 985 4151 operatione
1021 4085 1306 4154 compegit.

1084 4215 1311 4272 CAPUT
1350 4214 1462 4273 ΧΠ.

868 4304 945 4359 De
970 4307 1192 4379 quinque
1211 4325 1454 4363 sensuum
1483 4310 1679 4381 oﬁ’ict’is.

557 4411 710 4468 Nunc
736 4423 906 4470 restat
935 4426 992 4470 ut
1020 4416 1085 4472 de
1116 4415 1305 4474 ciliciis
1329 4418 1564 4490 quinque
1590 4436 1846 4478 sensuum
1887 4436 2058 4495 pauca

2178 603 2336 675 longa
2365 614 2545 661 tamen
2576 602 2996 678 interpolatioue
3030 606 3098 660 ab
3127 606 3231 661 illis
3254 608 3563 678 discrepant
3587 627 3599 661 :
3625 626 3769 679 quc»

2179 693 2323 747 niam
2356 695 2511 750 nobis
2550 695 2895 751 rationabiles
2939 696 3141 761 insunt,
3170 698 3222 749 in
3261 696 3383 759 illis,
3420 698 3629 754 ratione
3669 712 3767 754 ca-

2177 793 2318 838 rent.
2350 784 2564 839 Primus
2589 800 2656 841 ex
2685 786 2787 849 bis,
2819 786 2966 841 visus
3006 796 3089 841 est
3118 806 3130 840 :
3156 788 3246 856 qui
3290 788 3520 857 quadam
3551 789 3601 843 vi
3639 798 3765 844 ante

2179 888 2281 928 ma:
2333 889 2494 943 quam
2549 883 2823 945 aspectum
2868 876 3113 938 dicimus,
3164 891 3263 945 per
3312 878 3563 948 pupillam
3608 876 3767 935 oculi

2177 965 2482 1035 egrediens,
2514 981 2602 1022 res
2634 982 2737 1020 non
2767 966 2919 1021 valde
2946 965 3101 1036 longe
3140 967 3343 1035 positas
3371 970 3600 1036 quadam
3634 986 3763 1024 sua,-

2178 1056 2370 1113 tilitate
2390 1057 2667 1127 perspicit,
2691 1058 3008 1127 coloresque
3039 1058 3384 1112 invisibilium
3428 1074 3605 1113 rerum
3640 1059 3762 1114 illu-

2176 1148 2382 1203 tuinato
2408 1165 2534 1204 aere
2581 1150 2876 1220 cognoscit.
2913 1148 2971 1204 Si
3012 1164 3142 1205 vero
3185 1143 3336 1204 valde
3387 1134 3543 1216 longe
3569 1149 3759 1216 posita»

2178 1238 2394 1302 fuerint,
2426 1239 2541 1307 ipsa
2581 1239 2920 1309 elongatione
2963 1238 3164 1293 deﬁcit.
3196 1236 3494 1302 Secundus,
3540 1235 3765 1290 auditus

2177 1329 2250 1384 ita
2282 1329 2559 1384 institutus
2582 1338 2683 1391 est,
2711 1339 2769 1383 ut
2815 1345 2914 1400 per
2941 1329 3247 1385 cochleatos
3283 1338 3491 1384 meatus
3532 1342 3766 1383 concre-

2175 1427 2365 1489 pantes
2398 1435 2558 1474 sonos
2601 1420 2669 1474 ad
2707 1436 2766 1475 se
2805 1420 3066 1485 attrahat,
3103 1420 3484 1488 discernatque
3511 1429 3567 1474 et
3598 1416 3764 1471 intel-

2176 1508 2325 1578 ligat,
2350 1510 2480 1578 quid
2509 1510 2578 1563 sit
2605 1510 2867 1563 auditum.
2892 1509 2993 1575 Qui
3030 1509 3149 1563 ideo
3178 1524 3284 1562 non
3317 1517 3496 1563 rectos
3523 1517 3578 1562 et
3605 1522 3768 1578 aper-

2177 1604 2259 1651 tos
2282 1606 2490 1652 meatus
2517 1598 2697 1663 habet,
2733 1598 2827 1654 sed
2858 1597 3132 1654 anfractus
3160 1599 3530 1654 cocliieatione
3563 1608 3767 1655 tortuo-

2175 1700 2285 1750 sos,
2338 1695 2395 1740 ut
2428 1688 2690 1757 quasdam
2742 1703 2923 1743 moras
2967 1704 3131 1744 sonus
3182 1690 3412 1744 emissus
3466 1690 3765 1755 sustinens,

2178 1777 2283 1832 vim
2313 1777 2657 1834 discretionis
2678 1787 2735 1834 et
2754 1779 3062 1835 intellectus
3086 1778 3339 1835 ediceret.
3368 1778 3501 1833 Nam
3541 1779 3585 1833 si
3614 1787 3768 1835 recto

2100 1861 2143 1919 Β
2174 1866 2363 1921 itinere
2384 1882 2550 1943 sonus
2571 1869 2801 1923 emissus
2822 1869 3180 1938 exciperetur,
3204 1870 3316 1941 ipsa
3341 1884 3437 1923 sua
3453 1869 3762 1933 velocitate,

2172 1958 2551 2015 discretionem
2582 1967 2742 2030 atque
2765 1960 3177 2031 intelligentiam
3209 1961 3503 2016 amitteret.
3524 1960 3763 2025 Tertius,

2171 2058 2253 2103 est
2300 2049 2556 2105 odoratus
2594 2067 2607 2103 :
2640 2064 2746 2119 quo
2793 2058 3017 2106 cunctos
3060 2050 3260 2107 fetores
3320 2052 3587 2121 pudicos,
3630 2051 3765 2107 odo-

2173 2155 2367 2211 resque
2400 2150 2583 2213 gratos
2611 2153 3019 2213 cognoscentes,
3049 2144 3292 2214 putentia
3317 2144 3476 2215 digna
3507 2159 3766 2198 exsecra-

2172 2230 2315 2286 tione
2348 2232 2598 2296 vitamus,
2630 2242 2685 2287 et
2728 2233 3002 2289 odorifera
3052 2233 3282 2304 quadam
3318 2235 3484 2288 animi
3536 2234 3763 2289 delecta-

2171 2324 2318 2378 tione
2347 2325 2489 2379 intra
2517 2341 2617 2381 nos
2648 2326 2994 2395 trajicientes,
3028 2326 3143 2397 ipsa
3174 2328 3441 2381 suavitate
3458 2325 3657 2381 odoris
3683 2342 3765 2381 re-

2172 2414 2403 2469 tieimur.
2432 2415 2687 2482 Quartus,
2719 2424 2802 2471 est
2841 2424 3029 2487 gustus
3056 2434 3068 2469 :
3097 2432 3204 2486 quo
3232 2416 3414 2471 omnia
3444 2432 3569 2485 qua:
3607 2419 3661 2471 in
3704 2431 3768 2471 os

2172 2506 2457 2572 mittimus,
2515 2506 2629 2562 sive
2682 2505 2879 2573 dulcia,
2932 2508 3046 2562 sive
3095 2522 3303 2573 amara,
3354 2522 3552 2578 sapore
3602 2506 3762 2577 palati

2171 2596 2548 2657 discernimus.
2593 2596 2750 2664 Quod
2788 2612 2911 2651 cum
2960 2612 3146 2653 omnes
3185 2612 3441 2666 saporum
3470 2597 3763 2667 qualitates

2172 2686 2462 2755 discernat,
2492 2688 2668 2757 ipsum
2706 2696 2887 2743 tamen
2930 2687 3129 2743 nullius
3174 2688 3387 2759 saporis
3416 2703 3542 2743 esse
3572 2690 3763 2759 proba-

2174 2785 2280 2829 tur.
2314 2777 2565 2844 Quintus,
2594 2786 2680 2833 est
2701 2786 2879 2833 tactus
2911 2797 2923 2831 :
2950 2779 3188 2849 quicum
3218 2779 3472 2835 omnibus
3506 2780 3763 2834 membris

2171 2868 2240 2921 sit
2278 2868 2586 2935 attributus,
2614 2872 2883 2940 praecipue
2919 2878 3095 2925 tamen
3128 2872 3379 2926 manibus
3425 2872 3756 2941 deputatur:

2170 2963 2363 3031 quibus
2407 2963 2572 3019 etiam
2618 2948 2750 3021 usus
2789 2965 3018 3021 actionis
3048 2964 3285 3019 maxime
3324 2973 3409 3019 est
3438 2966 3619 3020 datus.
3654 2964 3763 3018 Ma-

2169 3051 2326 3107 nibus
2371 3053 2516 3107 enim
2547 3052 2627 3119 ﬁt,
2673 3053 2930 3124 quidquid
2966 3053 3268 3110 faciendum
3293 3063 3396 3123 est.
3442 3053 3554 3109 Sed
3583 3056 3628 3109 si
3666 3070 3762 3125 per

2172 3142 2381 3212 singula
2424 3144 2666 3198 membra
2691 3142 2977 3199 miriﬁcum
3004 3158 3140 3213 opus
3172 3144 3441 3200 creatoris
3472 3145 3759 3200 intendere

2171 3235 2435 3304 cupimus,
2462 3242 2624 3304 atque
2647 3224 2743 3306 pro
2765 3243 2925 3305 captu
2956 3234 3208 3303 ingenioli
3233 3236 3299 3290 de
3320 3234 3553 3305 singulis
3580 3235 3757 3305 dispu-

2173 3336 2310 3391 tare,
2348 3328 2611 3397 prolixius
2657 3328 2808 3382 lieret
2852 3326 3167 3397 cpusculum
3214 3343 3374 3398 quam
3427 3336 3755 3385 statueram.

2171 3416 2277 3472 Sed
2318 3420 2443 3488 quia
2470 3419 2705 3474 breviter
2731 3419 3045 3475 sublimitati
3075 3428 3268 3474 vestra:
3317 3419 3371 3473 id
3415 3421 3760 3476 innotescere

2170 3511 2334 3579 cupii,
2388 3509 2495 3564 imo
2525 3512 2737 3581 cognita
2768 3510 2834 3564 ad
2866 3510 3181 3565 memoriam
3232 3511 3502 3575 revocavi,
3529 3513 3759 3567 obsecro

2170 3610 2229 3656 ut
2248 3602 2293 3657 si
2316 3601 2493 3671 aliqua
2518 3601 2761 3671 proﬂcua
2782 3602 2835 3656 in
2862 3601 2967 3657 hoc
2989 3600 3247 3671 opusculo
3276 3610 3460 3656 vestra
3492 3601 3759 3660 celsitudo

2165 3690 2507 3762 iudicaverit,
2547 3692 2643 3747 Dei
2667 3691 2869 3748 donum
2900 3693 2952 3747 in
2984 3693 3085 3749 hoc
3130 3693 3401 3759 laudetur,
3428 3695 3525 3765 qui
3546 3694 3757 3764 linguas

2171 3782 2455 3837 infantium
2504 3782 2736 3838 disertas
2781 3782 2933 3849 facit,
2974 3793 3030 3837 et
3076 3784 3288 3854 aperire
3332 3784 3617 3839 consuevit
3659 3799 3755 3838 ora

2172 3871 2350 3927 clausa
2395 3881 2687 3927 mutorum.
2719 3871 2817 3927 Sin
2862 3882 3041 3929 autem
3073 3874 3249 3945 aliqua
3288 3889 3411 3945 qua}
3439 3876 3638 3929 merito
3662 3891 3755 3929 na-

2168 3977 2287 4016 sum
2309 3970 2615 4032 torqueant,
2639 3963 2796 4033 digne
2813 3966 3027 4019 veniam
3051 3976 3109 4019 ut
3130 3965 3293 4022 homo
3338 3965 3595 4035 deposco.
3619 3964 3751 4019 Nam

2164 4054 2258 4124 qui
2304 4056 2568 4109 mendacii
2612 4055 2794 4110 fucum
2849 4055 3103 4127 aufugcre
3149 4056 3422 4126 quiverit,
3476 4055 3753 4126 perfectus

2164 4145 2585 4217 nuncupabitur,
2630 4145 2871 4216 apostolo
2917 4144 3116 4203 Iacobo
3166 4157 3445 4203 asserente
3491 4165 3503 4200 :
3544 4146 3650 4212 Qui
3696 4147 3750 4200 in

2164 4254 2397 4292 semwne
2428 4254 2529 4291 non
2554 4238 2767 4305 labitur,
2793 4240 3051 4308 perfectus
3076 4248 3151 4294 est
3196 4241 3273 4294 vir
3295 4238 3436 4310 (Jac.
3463 4240 3568 4310 ιιι).
3600 4238 3749 4305 Quod

2164 4334 2351 4403 utique
2372 4333 2819 4403 paucissimorum
2848 4341 2954 4399 est,
2982 4333 3196 4389 dicente
3228 4333 3495 4406 propheta
3525 4347 3539 4385 :
3565 4330 3747 4385 Omnis

2166 4425 2319 4479 homo
2344 4422 2570 4477 mendax
2596 4420 2769 4493 (Paul.
2801 4423 2947 4496 cxv).

1335 4964 2914 5007 "w-WWW
