3924 6340
170 355 302 408 Ηὲτ

951 490 993 501 -ο

166 492 997 527 W

1490 352 2112 431 nanrvnococwn.

3291 354 3429 410 “22

1000 487 3423 525 ’Μ

739 642 1311 763 BEATI
1381 645 1797 759 ΒΔΕ.

1894 645 2148 761 tNI
2222 648 2846 763 MAURI

900 856 1285 929 FULDENSlS
1322 856 1611 918 ABBA’HS
1649 856 1738 911 ET
1775 857 1797 912 l

1894 855 2163 914 SUNTINI
2199 855 2720 914 ARCHIEPISCOPI

657 1045 2926 1191 MABTYROLOGIUM

1041 1307 1246 1369 (Caute,
1276 1307 1408 1357 Lect.
1433 1310 1564 1368 antiq
1590 1343 1604 1368 ,
1631 1320 1690 1356 ex
1718 1309 1885 1360 codice
1907 1321 1996 1358 tus.
2018 1308 2376 1359 monasteriis.
2400 1307 2565 1370 ϐαδιῇ]

1483 1430 2111 1459 m—

746 1502 1116 1561 PROLOGUS
1152 1515 1178 1544 α

308 1659 377 1697 Αἰ)
414 1654 719 1697 ηδτιειῦῦδι
758 1653 1001 1693 ABBATE!
1041 1650 1609 1692 SELEGINSTADIENSEI.

235 1775 490 1829 luamus
512 1786 704 1827 servus
723 1768 925 1824 Christi
947 1765 1074 1822 Jesu
1095 1776 1149 1822 et
1178 1781 1456 1822 servorum
1479 1768 1614 1837 ejus,
1636 1767 1756 1824 viro

160 1862 465 1918 venerabili
496 1862 773 1915 Rnutco
794 1855 1116 1928 presbytero
1137 1865 1302 1925 atque
1325 1856 1530 1923 abbati,
1562 1856 1615 1910 in
1647 1856 1755 1910 Do-

166 1953 321 2008 mino
352 1951 602 2007 salutem.

235 2064 377 2132 Quia
400 2060 599 2133 rogasti
628 2075 737 2127 me,
766 2058 937 2115 frater
981 2059 1378 2126 amantissime,
1407 2066 1468 2113 ut
1488 2067 1757 2131 mart'yro-

163 2153 371 2227 logium
398 2167 499 2224 per
540 2159 712 2206 totum
742 2165 941 2204 annum
990 2149 1087 2203 tibi
1126 2148 1543 2213 conscriberem,
1580 2158 1759 2218 atque

163 2252 485 2302 sanctorum
542 2239 703 2303 festa,
759 2253 1093 2309 quotcunque
1146 2237 1441 2307 potuissem
1492 2237 1755 2301 invenire,

162 2340 371 2398 ibidem
412 2338 748 2400 insererem;
798 2333 899 2389 feci
925 2340 1189 2404 quantum
1234 2332 1404 2401 potui,
1433 2340 1488 2386 et
1532 2331 1757 2400 singulis

151 2429 361 2492 diebus
387 2429 606 2487 nomina
644 2434 981 2490 sanctorum,
1007 2440 1128 2495 quae
1168 2424 1370 2494 scripta
1414 2423 1528 2479 sive
1572 2430 1760 2478 notata

160 2525 235 2579 ab
266 2518 702 2578 antecessoribus
728 2518 784 2572 in
823 2515 1017 2571 libellis
1047 2515 1244 2585 reperi,
1278 2514 1476 2570 ibidem
1508 2513 1710 2569 inserui
1740 2530 1754 2567 :

162 2626 222 2674 et
248 2616 620 2685 cujuscunque
644 2610 818 2666 sancti
851 2608 1081 2674 obitum,
1110 2607 1226 2663 sive
1256 2606 1597 2678 martyrium,
1623 2620 1759 2677 qua-
1806 2661 1831 2679 ο

162 2709 295 2765 liter
320 2707 489 2762 vitam
533 2702 792 2769 finierint,
824 2701 954 2774 legi,
985 2699 1240 2757 breviter.
1268 2706 1428 2770 prout
1473 2698 1638 2765 valui,
1668 2714 1759 2755 no-

167 2799 307 2855 tavi.
338 2797 419 2852 Tu
445 2804 626 2851 autem
653 2793 778 2864 quia
804 2791 1033 2864 plurima
1070 2790 1273 2863 scripta
1298 2789 1643 2859 antiquorum
1669 2788 1753 2844 in-

166 2889 370 2945 venisti
398 2896 454 2944 et
489 2886 693 2958 legisti,
722 2900 820 2956 per
846 2898 911 2939 ea
935 2882 1101 2937 etiam
1126 2882 1231 2937 hoc
1256 2894 1481 2951 parvum
1519 2891 1757 2949 opuscu-

168 2982 284 3036 lum
330 2978 668 3043 examinans,
702 2974 834 3029 utile
882 2970 1180 3044 legentibus
1224 2985 1332 3041 quo
1376 2970 1539 3027 modo
1580 2969 1758 3041 possis

170 3070 308 3127 facis
338 3087 352 3123 :
377 3076 438 3123 ut
477 3067 622 3137 quod
647 3079 769 3120 mea
795 3062 1066 3134 imperitia
1106 3069 1268 3130 atque
1316 3058 1605 3135 inﬁrmitas
1646 3058 1761 3116 ido-

167 3176 273 3218 nee
297 3157 510 3215 eﬂicere
548 3172 654 3213 non
686 3154 883 3227 potuit,
930 3162 1021 3208 tua
1068 3151 1259 3223 peritia
1288 3157 1452 3220 atque
1494 3148 1761 3205 industria

168 3251 383 3307 utiliter
404 3246 652 3319 perﬁciat
678 3264 693 3301 :
726 3258 921 3314 meque
954 3242 1063 3298 tuis
1091 3242 1263 3299 sacris
1293 3239 1631 3295 orationibus
1652 3253 1764 3294 om-

170 3341 440 3415 nipotenti
467 3340 578 3395 Deo
600 3337 969 3403 commendes,
1000 3343 1061 3392 ut
1100 3336 1214 3406 ipse
1240 3341 1432 3389 auctor
1450 3339 1507 3387 et
1530 3331 1763 3386 tributor

172 3432 366 3490 salutis
415 3438 613 3485 nostras
643 3444 730 3484 me
776 3428 1035 3484 miserum
1080 3440 1181 3497 per
1228 3439 1381 3480 suam
1432 3422 1662 3494 gratiam
1706 3428 1762 3475 et

171 3539 269 3595 per
318 3528 627 3577 sanctorum
678 3532 902 3575 suorum
950 3515 1397 3573 intercessionem
1454 3529 1486 3568 a
1532 3511 1763 3568 vinculis

170 3624 522 3689 peccatorum
551 3611 853 3670 absolutum
882 3618 1099 3668 aeternae
1139 3607 1493 3665 beatitudinis
1535 3605 1760 3676 partici-

175 3727 297 3783 pem
323 3707 541 3765 efﬁciat.

245 3879 325 3934 Te
349 3879 491 3932 Deus
518 3884 755 3931 mternus
778 3880 975 3929 cuncta
994 3886 1094 3943 per
1126 3878 1369 3942 tempora
1392 3876 1595 3935 servet,

322 3966 605 4022 Aiternam
626 3974 681 4021 et
707 3967 874 4020 vitam
899 3963 990 4019 det
1016 3961 1112 4017 tibi
1138 3961 1194 4017 in
1218 3976 1346 4017 arce
1364 3956 1495 4031 poli.

842 4176 1084 4197 -

1781 1507 1832 1565 Α

2522 1501 2767 1573 Sequitur

2172 1592 2455 1650 CARMEN
2491 1591 3104 1650 NUNCUPATORIUM.

2151 1699 2217 1739 ΑΒ
2255 1698 2566 1740 οειιιοωωί
2611 1698 3135 1738 Ακοηιολινειιληυκ.

1928 1771 2247 1826 Dulcissimo
2279 1769 2436 1826 fratri
2480 1774 3031 1828 acmverentissimo
3076 1774 3253 1828 abbati
3301 1774 3437 1829 (inl-

1858 1876 2037 1916 uowo
2074 1860 2344 1928 Ramnes,
2374 1861 2666 1918 vilissimus
2703 1876 2981 1919 servorum
3002 1865 3096 1919 Dei
3138 1879 3345 1929 servus,
3379 1867 3433 1919 in

1859 1950 2075 2011 Christo
2101 1951 2350 2006 salutem.
3090 1956 3093 1957 ⁷

1929 2040 2089 2097 Hunc
2110 2056 2240 2112 ergo
2261 2055 2329 2095 ex
2357 2041 2576 2112 scriptis
2604 2038 2815 2096 confeci
2842 2042 2945 2097 rite
2972 2041 3209 2098 libellum

1983 2130 2321 2187 Sanctorum
2348 2130 2592 2198 Patrum,
2612 2130 2784 2187 frater
2811 2138 3008 2198 amat'e,
3034 2133 3151 2188 tibi.

1935 2224 2007 2281 Ut
2030 2240 2262 2295 quorum
2290 2225 2533 2280 celebras
2565 2222 2724 2291 festa,
2756 2232 2811 2278 tu
2840 2228 3056 2280 noveris
3086 2235 3258 2292 actus,

2001 2315 2071 2370 Et
2103 2314 2264 2370 finem
2288 2315 2431 2381 vitae.
2460 2329 2568 2387 quo
2595 2314 2723 2370 hinc
2749 2315 2929 2370 abiere
2954 2315 3157 2384 polum.

1933 2405 2130 2474 Sicque
2157 2405 2295 2460 bene
2327 2404 2566 2474 ipsorum
2588 2404 2797 2459 meritis
2824 2404 3182 2475 precibusque
3196 2405 3440 2476 juvatns,

2002 2495 2084 2550 Ad
2098 2494 2234 2553 .eteli
2262 2509 2486 2567 regnum
2512 2494 2667 2552 lzetus
2686 2502 2743 2550 et
2767 2496 2881 2564 ipse
2912 2494 3128 2567 migres.

1932 2586 2050 2655 Quo
2079 2586 2222 2645 Deus
2246 2595 2503 2652 aeternus,
2533 2586 2812 2641 hominum
2848 2586 3175 2643 fortissimus
3197 2596 3407 2653 auctor,

2003 2676 2136 2733 Cum
2163 2678 2368 2734 sanctis
2403 2685 2565 2733 temet
2598 2677 2825 2733 collucet
2849 2685 3009 2747 atque
3034 2679 3177 2734 beet.

1935 2767 2227 2838 Vive,mea:
2254 2768 2415 2831 vires,
2449 2768 2819 2838 lassarumque
2848 2770 3085 2824 anchora
3123 2784 3327 2836 rerum,

2001 2858 2296 2929 Naufragio
2323 2866 2378 2913 et
2401 2858 2553 2914 littus
2587 2866 2807 2929 tutaque
2842 2866 2990 2914 terra
3018 2873 3159 2915 meo.

1932 2950 2094 3011 Solus
2120 2951 2294 3005 honor
2327 2949 2507 3015 nobis,
2533 2950 2662 3003 urbs
2690 2956 2746 3003 tu
2785 2947 3048 3003 fidissima
3079 2961 3315 3018 semper,

2003 3042 2271 3112 Curisque
2307 3039 2505 3097 aﬂlicto
2535 3048 2649 3095 tuta
2686 3040 2840 3111 quies
2869 3039 3068 3094 animo.

1934 3130 2165 3201 Simque
2193 3129 2320 3191 licet
2344 3117 2560 3185 montes
2580 3129 2723 3189 inter
2747 3142 2869 3190 cum
2894 3126 3142 3183 ﬂuctibus
3161 3141 3310 3195 arva,

2004 3220 2155 3276 Mens
2178 3229 2356 3275 tecum
2378 3228 2485 3285 est,
2510 3218 2657 3281 nulla
2683 3231 2803 3287 quae
2826 3217 3109 3271 cohibetur
3133 3218 3319 3273 humo.

1935 3309 2010 3365 'l‘e
2039 3325 2160 3366 mea
2190 3324 2345 3365 mens
2386 3308 2648 3379 sequitur,
2676 3307 2924 3376 sequitur
2963 3319 3178 3377 quoque
3221 3320 3442 3361 cannea

2125 3387 2131 3390 ’
2326 3388 2335 3397 ’
2584 3410 2595 3426 ι
3120 3394 3371 3468 [amoris,

2006 3492 2279 3562 Exoptans
2306 3490 2490 3546 animo
2513 3504 2767 3561 prospera
2794 3495 2986 3544 cuncta
3015 3495 3129 3542 tuo.

1936 3582 2036 3651 Qui
2064 3583 2199 3639 mihi
2226 3591 2280 3638 te
2308 3589 2493 3637 notum
2521 3580 2667 3635 dedit
2696 3589 2751 3635 et
2774 3579 3044 3635 concessit
3065 3578 3320 3643 amicum,

2007 3673 2306 3729 Conservet
2327 3686 2521 3727 sanum
2550 3670 2799 3726 Christus
2832 3670 3031 3739 ubique
3056 3669 3210 3723 mihi.

1936 3762 2076 3816 Ante
2105 3760 2278 3817 solum
2302 3769 2484 3825 terras,
2519 3758 2748 3828 coelique
2771 3757 2999 3813 volubile
3027 3755 3237 3827 cyclum

2008 3852 2359 3914 Prtetereaut,
2388 3860 2567 3905 vester
2595 3864 2755 3919 quam
2783 3863 2996 3918 quoque
3026 3854 3204 3903 cesset
3232 3860 3405 3901 amor.

1935 3942 2178 4013 Hocque,
2206 3940 2390 4006 Pater,
2417 3938 2623 4007 monui,
2651 3951 2845 3993 moneo
2876 3946 2929 3991 te
2990 3937 3296 4013 iterumque
3328 3948 3446 3988 mo-

2534 4078 2539 4083 _
3159 4009 3377 4099 ‘[nebo,

2008 4126 2099 4183 Sis
2124 4139 2336 4181 memor
2362 4124 2477 4196 ipse
2504 4123 2635 4190 mel,
2659 4124 2801 4179 sicut
2834 4130 2892 4177 et
2917 4122 3031 4191 ipse
3067 4128 3166 4174 tut.

1787 4201 1834 4264 (ἶ
1937 4219 2010 4276 Ut
2038 4221 2181 4275 Deus
2203 4218 2259 4273 in
2290 4218 2451 4274 terris
2475 4231 2612 4287 quos
2636 4209 2727 4271 hic
2755 4208 3033 4284 conjunxit
3055 4210 3280 4277 amicos,

2008 4308 2322 4365 Gaudentes
2349 4308 2552 4380 pariter
2567 4306 2760 4377 jungat
2785 4304 2842 4359 in
2869 4317 2995 4358 arce
3015 4300 3141 4372 poli.

259 4473 286 4503 ι
312 4458 467 4513 Hunc
496 4456 804 4528 Prologum,
858 4455 972 4528 _qui_
997 4448 1439 4528 deest_in_e_dit_i_s
1478 4446 1619 4528 apud
1646 4443 1947 4509 Canisium,
1976 4453 2031 4497 et
2087 4455 2276 4496 versus
2332 4440 2400 4495 ad
2439 4437 2775 4494 Grimoldum
2822 4431 3310 4503 archicapellauum
3355 4425 3447 4497 qui

185 4537 510 4601 sequuntur,
535 4518 725 4583 damus
751 4518 820 4581 ex
840 4518 1115 4580 A'nalectis
1136 4518 1448 4576 Mabillonii.
1482 4518 1644 4571 Eutr.

1989 4635 3425 4666 _______________..____.__

1669 4777 1967 4843 INCIPIT

869 4970 1392 5088 BABANI
1472 4950 2757 5084 MABTYROLOGIUM.

674 5276 720 5352 J
731 5274 859 5353 AN
873 5266 1276 5350 UABIUS.

1798 5252 1851 5312 D
1876 5251 2023 5307 cisns
2046 5257 2129 5302 est
2160 5247 2211 5299 in
2235 5258 2418 5307 carne,
2442 5240 2737 5299 secundum
2764 5238 2934 5309 legem
2960 5235 3151 5308 Moysi,
3180 5243 3234 5291 et
3255 5251 3448 5290 nomen

1874 5336 2034 5395 Iesus
2058 5334 2284 5405 accepit,
2324 5331 2468 5403 quod
2496 5330 2795 5400 angelicum
2821 5329 2886 5382 de
2922 5342 2988 5381 eo
3015 5325 3289 5381 oraculum
3326 5334 3452 5381 ante

266 5448 509 5507 ωηο.
562 5442 837 5500 humum.
880 5440 1079 5499 Octava
1132 5439 1427 5496 Dominica:
1479 5436 1778 5492 nativitatis
1877 5426 2285 5495 conceptionem
2332 5421 2447 5490 ejus
2494 5420 2548 5475 in
2593 5428 2751 5475 utero
2791 5418 3201 5473 vaticinabatur.
3247 5416 3450 5470 Eodem

196 5556 301 5610 est,
322 5557 430 5614 qua
458 5538 708 5594 videlicet
737 5537 825 5592 die
853 5535 992 5617 idem
1037 5533 1295 5589 Dominus
1333 5538 1516 5586 noster
1541 5528 1779 5583 circum-

1879 5520 1966 5575 die
2012 5517 2267 5572 nativitas
2310 5523 2393 5569 est
2420 5510 2685 5567 Almachii
2728 5509 2981 5580 martyris
3011 5520 3061 5575 ι,
3105 5508 3197 5579 qui
3230 5507 3453 5576 jubente

276 5692 299 5721 ι
330 5677 445 5733 Non
468 5675 569 5731 sub
596 5671 947 5731 Diocletiano,
972 5667 1066 5723 sed
1091 5664 1191 5720 sub
1214 5659 1583 5733 Honorio,ch
1610 5659 1783 5733 Theo-
1882 5656 2004 5733 pius
2031 5661 2160 5733 tunc
2181 5648 2439 5733 temporis
2459 5646 2741 5733 przefectus
2766 5644 3201 5733 yrbistidden‘im
3212 5642 3454 5733 probant

203 5728 633 5816 dusiovaassum
661 5741 892 5797 allirmat
928 5728 1213 5793 Baruuius.
1245 5733 1366 5788 Fuit
1399 5731 1614 5799 quidem
1655 5728 1782 5795 Aly-

1885 5712 2194 5794 Symmacbi
2216 5712 2738 5789 ad'eum'epistolze.
2770 5715 2876 5773 Sed
2903 5714 3171 5784 quomodo
3212 5712 3385 5781 potuit
3421 5725 3455 5764 a
