3924 6372
425 363 565 417 εἰΞῆ

1069 366 1127 419 Β.
1174 366 1426 451 ΕΛΒᾹᾮ
1462 366 1677 423 MAURI
1716 366 2032 421 ARCIIIEP.
2075 362 2382 420 MOGUNT.
2423 363 2709 419 ()PERUTII
2748 362 2928 417 PARS
2965 360 3028 415 Il.

3563 360 3581 412 I
3601 360 3702 414 l2}

420 478 610 551 Alypio
640 476 800 536 Urbis
834 475 1110 547 prmfecto,
1145 493 1266 532 cum
1314 479 1555 533 diceret:
1588 498 1605 529 ε
1639 478 1809 533 IIodie
1855 490 2001 532 octa-
2030 480 2078 539 Α
2109 477 2199 545 qui
2245 491 2368 530 eum
2411 474 2684 529 nolentem
2728 472 3037 527 sacriﬁcare
3077 472 3179 526 diis
3211 470 3374 541 jussit
3416 470 3701 539 suspendi,

419 586 501 625 vae
544 570 834 625 Dominica:
878 570 982 623 diei
1027 578 1153 623 sunt
1182 586 1197 622 :
1224 580 1434 624 cessate
1478 587 1506 623 a
1538 570 2007 638 superstitionibus

424 659 705 722 idolorum,
729 668 784 713 et
809 657 1093 714 sacriﬁciis
1118 659 1368 727 pollutis;
1397 681 1414 711 ι
1444 676 1471 713 a
1497 660 1881 730 gladiatoribus
1904 661 2008 715 hac

421 749 488 803 de
527 763 687 802 causa
717 749 929 802 occisus
954 756 1054 801 est.
1095 748 1160 802 Et
1197 750 1383 801 eadem
1412 749 1496 802 die
1526 748 1711 803 [tuante
1753 750 2008 804 nativitas

423 837 665 891 Martium
712 838 931 907 virginis
970 846 1024 889 et
1074 844 1349 906 martyris.
1414 853 1532 906 qurc
1580 854 1735 906 passa
1790 846 1873 892 est
1908 839 2009 893 sub

422 929 729 982 Alexandro
752 926 984 991 Caesare,
1015 943 1112 995 pro
1150 927 1253 981 ﬁde
1300 927 1501 982 Christi
1546 926 1724 981 multis
1770 935 2011 983 tormen-

424 1028 599 1072 torum
646 1018 932 1089 generibus
961 1019 1223 1082 cruciata,
1270 1029 1324 1074 ct
1370 1019 1437 1072 ad
1487 1028 1789 1073 extremum
1835 1019 2011 1089 gladio

424 1122 702 1175 percussa,
740 1123 858 1175 quae
885 1110 1049 1161 etiam
1102 1110 1240 1163 idola
1284 1119 1338 1161 et
1364 1109 1651 1164 simulacra
1681 1112 1887 1164 orando
1916 1111 2009 1165 de—

426 1200 642 1261 struxit,
672 1206 724 1252 et
749 1199 944 1252 multos
965 1201 1029 1252 ad
1065 1199 1223 1253 fidem
1244 1197 1444 1252 Christi
1472 1200 1756 1252 convertit.
1780 1199 2013 1252 Alexan-

427 1288 524 1341 der
550 1302 678 1341 vero
723 1296 844 1357 post
886 1290 1094 1343 obitum
1133 1288 1303 1343 beatis
1339 1289 1562 1359 virginis
1600 1305 1887 1359 percussus
1930 1300 2013 1345 est

429 1376 611 1432 dolore
637 1379 837 1440 cordis,
868 1390 923 1433 et
953 1380 1091 1432 sicut
1131 1379 1353 1433 rabidus
1384 1380 1535 1433 canis
1563 1393 1755 1433 carnes
1786 1396 1910 1434 suas
1939 1381 2015 1434 la-

430 1482 639 1532 cerans,
672 1469 959 1535 pessimam
983 1469 1147 1522 vitam
1172 1484 1293 1522 cum
1323 1484 1519 1538 magno
1550 1469 1814 1538 supplicio
1836 1471 2015 1538 exspi-

431 1558 590 1612 ravit.
619 1559 749 1613 Item
790 1559 976 1613 eadem
1004 1559 1089 1612 die
1119 1557 1301 1613 Roma:
1326 1559 1506 1627 passio
1543 1557 1827 1613 Concordii
1867 1575 2015 1629 pres-

431 1649 606 1719 byteri
636 1657 692 1702 et
733 1649 988 1719 martyris
1022 1650 1121 1720 sub
1153 1661 1177 1687 α
1230 1649 1506 1705 Antonino
1552 1650 1876 1719 imperatore
1920 1666 2017 1720 per

432 1739 762 1809 Torquatum
806 1740 1057 1793 comitem
1101 1750 1431 1809 perpetrata,
1459 1740 1551 1811 qui
1595 1740 1783 1796 nolens
1808 1740 2017 1796 sacriﬁ-

430 1844 557 1883 care
587 1829 762 1893 idolis,
790 1829 1071 1899 capitalem
1102 1834 1427 1885 sententiam
1458 1832 1639 1886 subiit.

481 1918 569 1972 ,ιγ
606 1920 739 1975 Nox.
770 1919 826 1975 In
852 1922 1138 1975 Antlochia
1167 1921 1425 1976 Macharii
1456 1922 1684 1978 abbatis.
1720 1923 1904 1979 Romae
1926 1925 2022 1979 Te—

433 2009 667 2078 Iesphori
709 2024 879 2079 papar,
905 2012 996 2079 qui
1041 2012 1321 2065 constituit
1348 2022 1404 2064 ut
1440 2022 1642 2083 septem
1673 2016 2022 2071 hebdomadi-

434 2103 534 2155 bus
583 2111 707 2155 ante
756 2101 960 2156 Pascha
1004 2100 1269 2171 jejunium
1312 2104 1697 2168 celebrareiur,
1742 2115 1797 2159 et
1846 2105 2019 2161 Natali

435 2191 646 2248 Domini
683 2200 841 2248 nocte
880 2193 1039 2247 missa
1094 2194 1480 2249 celebraretur.
1530 2195 1663 2249 Nam
1695 2197 1839 2250 omni
1885 2206 2021 2251 tem-

435 2298 564 2353 pore
609 2292 733 2337 ante
774 2285 918 2338 hora:
968 2284 1139 2337 tertia:
1187 2300 1403 2338 cursum
1451 2285 1626 2339 nullus
1668 2297 2023 2354 praesumeret

440 2373 635 2427 missas
678 2372 978 2436 celebrare,
1007 2387 1112 2442 qua
1147 2373 1279 2427 hora
1322 2373 1581 2429 Dominus
1623 2376 1866 2429 ascendit
1903 2391 2023 2430 cruc

438 2479 588 2527 cem;
619 2472 674 2517 et
698 2472 821 2518 ante
844 2464 1169 2518 sacriﬁcium
1210 2466 1439 2535 hymnus
1468 2466 1760 2530 diceretur,
1788 2468 1889 2521 hoc
1915 2476 2018 2532 est,

440 2554 621 2609 Gloria
645 2557 698 2609 in
732 2557 947 2611 excelsis
979 2558 1107 2611 Deo.
1148 2558 1243 2611 Ilic
1265 2560 1427 2612 etiam
1449 2560 1708 2629 martyrio
1726 2542 2021 2615 coronatus

440 2654 544 2709 est,
576 2646 665 2713 qui
698 2647 936 2714 sepultus
961 2655 1045 2701 est
1067 2647 1217 2715 juxta
1246 2662 1441 2716 corpus
1480 2648 1621 2701 beati
1648 2647 1791 2701 Petri
1836 2649 1889 2702 in
1917 2649 2023 2702 Va—

444 2737 623 2790 ticano
651 2754 701 2789 tv
736 2736 867 2793 Non.
897 2737 1159 2791 Januarii.

514 2828 578 2883 III
602 2827 733 2883 Non.
764 2828 945 2883 Romae
984 2830 1214 2883 Anteros
1246 2845 1379 2898 papa
1410 2840 1465 2883 et
1493 2838 1719 2901 martyr,
1753 2831 1843 2901 qui
1892 2832 2023 2886 duo-

440 2916 615 2971 decim
668 2934 839 2972 annos
886 2920 1025 2971 rexit
1073 2919 1389 2983 Ecclesiam,
1433 2928 1487 2973 ct
1530 2930 1824 2991 martyrum
1872 2931 2020 2992 gesta

445 3006 729 3077 diligenter
767 3009 1057 3075 exquirens
1086 3008 1324 3062 recondit
1367 3009 1419 3061 in
1449 3009 1696 3072 ecclesia,
1725 3012 1816 3079 qui
1857 3012 2021 3065 etiam

443 3098 706 3167 martyrio
754 3106 1060 3152 coronatus.
1107 3097 1162 3150 In
1199 3101 1507 3153 coemeterio
1554 3100 1734 3155 Calisti
1783 3102 2021 3171 sepultus

2110 574 2165 618 et
2190 565 2403 634 ungulis
2432 563 2682 623 lacerari,
2707 562 2774 616 ad
2803 570 3108 615 extremum
3137 575 3265 614 vero
3311 559 3495 630 gladio
3536 560 3703 613 inter-

2110 656 2284 711 fectus
2312 665 2415 720 est,
2441 665 2495 710 et
2526 657 2578 710 in
2605 654 2815 710 Aulona
2842 655 3061 709 civitate
3097 654 3357 723 sepultus.
3384 651 3587 705 Eadem
3614 652 3711 707 die

2109 747 2292 815 passio
2331 746 2556 801 Luciani
2598 745 2900 816 presbyteri
2926 753 2978 797 et
3020 745 3299 813 martyris,
3321 744 3413 812 qui
3446 743 3638 795 missus
3672 757 3707 796 a

2112 838 2283 893 Roma
2327 840 2622 909 prmdicare
2649 839 2871 892 verbum
2920 838 3038 899 Dei,
3074 839 3123 890 in
3152 837 3344 891 Galliis
3385 838 3710 906 martyriza-

2111 930 2190 982 vit
2214 929 2315 983 sub
2340 928 2555 985 Juliano
2591 930 2825 993 Cmsare,
2859 930 2927 982 in
2968 930 3170 981 eisdem
3218 930 3462 998 partibus
3491 929 3706 981 (κηλῖδας

2112 1019 2308 1091 gladio,
2341 1035 2436 1090 per
2467 1020 2619 1088 cujus
2644 1020 3081 1089 prmdicationcm
3116 1020 3269 1071 multi
3301 1020 3550 1073 conversi
3580 1026 3707 1071 sunt

2114 1112 2181 1163 ad
2206 1112 2398 1173 ﬁdem;
2426 1110 2491 1163 ad
2518 1110 2670 1179 cujus
2697 1110 3002 1176 sepulcrum
3030 1108 3197 1161 multa
3224 1108 3584 1162 ostenduntur
3611 1107 3709 1160 mi-

2114 1198 2297 1251 racula
2325 1204 2379 1251 et
2402 1197 2663 1250 sanitates
2688 1195 2820 1249 ﬁunt
2845 1194 3110 1265 plurimae.

2196 1286 2327 1341 Non.
2360 1285 2742 1355 Hierosolyma:
2782 1285 3045 1354 depositio
3094 1283 3365 1338 Simeonis
3407 1282 3704 1351 prophetrc,

2115 1376 2206 1446 qui
2245 1375 2531 1429 Dominum
2566 1373 2749 1428 Iesum
2788 1373 3048 1427 infantem
3087 1374 3198 1426 suis
3228 1372 3369 1425 ulnis
3393 1372 3709 1442 portavitet

2116 1466 2411 1521 benedixit.
2468 1464 2533 1518 Et
2563 1465 2615 1517 in
2643 1463 2928 1516 Antiochia
2961 1462 3220 1532 depositio
3256 1462 3531 1515 Simeanis
3583 1474 3701 1513 mo-

2118 1561 2299 1622 nachi,
2330 1559 2419 1627 qui
2452 1558 2503 1611 in
2532 1556 2781 1611 columna
2815 1554 2985 1617 stetit,
3012 1563 3065 1607 et
3111 1553 3340 1606 virtutes
3385 1552 3584 1606 multas
3623 1552 3704 1603 fa—

2118 1650 2267 1703 ciens
2291 1648 2361 1703 ibi
2394 1647 2598 1717 qnievit
2625 1646 2677 1697 in
2706 1659 2862 1715 pace,
2891 1653 2946 1697 et
2974 1642 3292 1696 translatum
3331 1650 3414 1694 est
3440 1642 3564 1695 inde
3586 1655 3706 1694 cor~

2118 1757 2218 1812 pus
2252 1741 2367 1810 ejus
2396 1740 2449 1793 in
2488 1738 2851 1799 Antiochiam,
2884 1750 2981 1805 per
3009 1736 3319 1803 episcopum
3355 1732 3527 1801 ipsius
3570 1731 3702 1784 civi-

2046 1850 2093 1909 Β
2122 1830 2249 1883 tatis
2280 1838 2333 1883 et
2358 1828 2609 1897 populum
2653 1824 3042 1887 Christianum,
3073 1838 3195 1876 cum
3224 1821 3447 1908 psalmis
3473 1830 3526 1874 ct
3562 1820 3709 1891 bym-

2124 1920 2227 1983 nis,
2264 1927 2316 1973 et
2354 1933 2477 1973 cum
2506 1916 2687 1971 multis
2716 1914 3073 1984 lampadibus,
3105 1922 3160 1968 et
3192 1914 3473 1967 conditum
3510 1922 3593 1967 est
3635 1913 3705 1965 ibi

2123 2011 2174 2064 in
2207 2009 2434 2063 ecclesia
2468 2008 2687 2077 majore.
2730 2006 2923 2076 Vigilia
2966 2005 3232 2074 Epiphan.

2193 2103 2302 2158 VIII
2344 2102 2533 2158 lnuuu.
2564 2099 2860 2170 Epiphania
2899 2099 3109 2154 Domini
3141 2098 3308 2153 nostri
3334 2098 3460 2153 Jesu
3488 2098 3705 2153 Christi.

2192 2197 2279 2252 VII
2330 2198 2404 2251 In.
2439 2196 2631 2250 Passio
2651 2204 2850 2249 sancta:
2898 2193 3110 2247 Fausta:
3135 2192 3377 2261 virginis,
3412 2193 3513 2247 sub
3540 2192 3708 2246 Maxi-

2121 2288 2303 2343 miano
2343 2287 2690 2357 imperatore,
2722 2298 2841 2352 quae
2874 2281 3165 2336 Evilasium
3212 2280 3447 2350 primum
3499 2280 3701 2351 palatii.

2121 2389 2380 2434 tortorem
2417 2392 2593 2441 suum,
2644 2375 2917 2445 patientize
2964 2389 3075 2428 sua:
3104 2373 3304 2426 virtute
3340 2371 3610 2425 convertit
3642 2370 3708 2423 ad

2122 2470 2301 2529 ﬁdem,
2342 2484 2441 2523 nec
2484 2483 2589 2523 non
2618 2475 2673 2521 et
2711 2463 3043 2537 praefectum,
3089 2464 3175 2517 cui
3208 2462 3420 2531 jussum
3460 2470 3545 2516 est
3591 2476 3706 2515 eam

2123 2570 2405 2630 torquere;
2453 2572 2574 2627 quae
2628 2570 2890 2626 suspensa
2944 2553 3286 2608 ferramentis
3351 2551 3704 2613 lacerabatur,

2120 2661 2305 2720 postea
2336 2649 2523 2703 bestiis
2560 2647 2779 2709 tradita,
2829 2661 2860 2698 a
2914 2644 3056 2698 nulla
3102 2657 3289 2697 earum
3338 2643 3705 2697 contaminata

2122 2752 2223 2796 es'.
2258 2740 2460 2795 Deinde
2506 2737 2672 2793 clavis
2702 2744 2862 2806 caput
2894 2734 3013 2803 ejus
3043 2733 3313 2788 conﬁxum
3367 2741 3481 2798 est;
3524 2742 3705 2801 postea

2124 2848 2187 2887 ea
2227 2832 2279 2885 in
2308 2830 2634 2900 sartaginem
2688 2828 2981 2881 ferventem
3039 2825 3159 2894 pice
3214 2824 3406 2887 missa,
3470 2824 3564 2877 sed
3603 2839 3705 2876 nori

2126 2920 2271 2975 laesa.
2322 2918 2520 2989 Sicque
2553 2934 2676 2972 cum
2715 2916 2969 2979 Evilasio,
3009 2923 3063 2969 et
3098 2913 3354 2984 praefecto
3380 2914 3432 2966 in
3473 2925 3708 2967 tormen-

2126 3014 2195 3067 tis
2224 3013 2509 3068 constituta
2531 3052 2545 3077 ,
2578 3009 2807 3065 reddidit
2851 3008 3096 3078 spiritum
3125 3023 3139 3061 :
3171 3007 3349 3077 populi
3392 3022 3521 3062 vero
3558 3008 3709 3062 Chri-

2128 3105 2283 3159 stiani
2320 3107 2432 3159 hinc
2458 3103 2739 3158 audientes
2759 3101 3088 3171 sepelierunt
3116 3114 3343 3166 corpora
3373 3108 3703 3152 sanctorum.

444 3198 529 3243 est
552 3188 637 3241 via
674 3187 865 3257 Appia.
898 3186 1119 3242 Parisiis
1161 3188 1404 3253 civitate,
1447 3190 1711 3258 depositio
1741 3190 2026 3245 Genofeva:
2055 3194 2099 3253 C
2202 3195 2267 3250 Vl
2304 3194 2380 3248 In.
2424 3193 2813 3265 Augustoduno
2846 3191 3107 3261 depositio
3133 3188 3410 3260 Egemouii
3438 3188 3704 3257 episcopi;

442 3278 681 3347 virginis,
713 3292 871 3347 quam
900 3288 1119 3332 sanctus
1147 3276 1449 3333 Germanus
1480 3278 1715 3347 ejusdem
1743 3280 1891 3333 urbis
1916 3279 2024 3348 epi-

444 3382 639 3437 scopus
680 3369 731 3420 in
766 3366 987 3420 infantia
1020 3368 1130 3421 Deo
1156 3370 1414 3439 virginem
1443 3372 1799 3423 consecravit.
1823 3371 1881 3423 In
1916 3369 2021 3422 To-

442 3458 545 3511 mis
571 3457 808 3520 civitate,
838 3458 1090 3512 nativitas
1130 3459 1234 3513 Titi
1260 3460 1517 3530 episcopi,
1547 3462 1636 3529 qui
1668 3463 1767 3516 sub
1798 3462 2020 3517 Lucinio

442 3548 584 3601 inter
623 3548 826 3601 tirones
869 3550 1307 3617 comprehensus,
1359 3566 1479 3604 cum
1529 3550 1694 3605 nollet
1750 3552 2015 3615 militare,

442 3653 617 3693 exesus
664 3639 728 3692 ad
772 3649 1001 3692 mortem
1048 3654 1264 3694 carcere
1313 3642 1673 3711 mancipatus,
1721 3644 1918 3697 missus
1966 3644 2019 3697 in

446 3729 603 3798 cippo
630 3737 731 3789 est,
767 3728 937 3782 donec
965 3728 1225 3782 relatione
1270 3739 1415 3784 esset
1455 3747 1791 3801 responsum,
1833 3732 2025 3785 dimer—

446 3835 613 3888 soque
643 3821 694 3873 in
720 3835 885 3882 mare,
920 3821 1092 3874 delato
1119 3835 1342 3890 corpore
1373 3822 1488 3891 ejus
1535 3824 1585 3875 in
1617 3823 1817 3887 littore,
1843 3840 1870 3877 a
1900 3825 2022 3877 reli—

442 3912 763 3981 giosissimis
790 3911 923 3964 viris
954 3911 1251 3979 depositum
1290 3922 1371 3965 est
1410 3913 1461 3965 in
1495 3913 1618 3965 villa
1645 3913 1873 3966 Amandi
1903 3914 2024 3967 reli-

442 4002 577 4070 giosi
602 4002 723 4064 viri,
755 4002 843 4054 ubi
880 3999 1011 4053 ﬁunt
1038 4002 1345 4053 curationes
1372 4017 1596 4070 magum.

513 4090 555 4143 ll
581 4090 714 4144 Non.
747 4089 1010 4143 Nativitas
1039 4090 1338 4158 Theogenis
1388 4090 1658 4159 martyris,
1688 4091 1779 4159 qui
1805 4091 1904 4144 sub
1930 4090 2023 4143 Li-

444 4184 586 4238 cinio
629 4181 840 4236 Cinsare
889 4196 985 4248 per
1016 4179 1367 4232 Telicentium
1399 4179 1666 4232 tribunum
1715 4182 2019 4247 passionem

443 4273 730 4340 complevit
758 4272 810 4323 in
840 4268 1182 4337 Hellesponto
1207 4287 1219 4321 :
1249 4269 1477 4337 primum
1512 4270 1651 4322 inter
1680 4280 1911 4337 quatuor
1931 4287 2023 4325 ρος

446 4366 655 4418 lumnas
685 4372 870 4418 tensus
897 4362 1128 4416 fustibus
1172 4378 1341 4415 Caesus
1370 4372 1482 4424 est;
1517 4364 1707 4416 deinde
1746 4364 1796 4416 in
1839 4379 2021 4418 carce-

446 4470 559 4509 rem
586 4455 799 4511 missus.
827 4462 887 4506 ut
912 4453 981 4506 ibi
1016 4452 1155 4505 fame
1186 4453 1406 4521 periret,
1434 4453 1526 4505 sed
1570 4452 1778 4506 Domini
1820 4454 2018 4523 pietate

446 4542 699 4597 invisibili
726 4544 845 4597 cibo
869 4543 939 4596 ibi
970 4557 1064 4611 per
1093 4559 1158 4595 ιι
1188 4542 1302 4596 dies
1333 4550 1536 4610 pastus,
1565 4543 1618 4595 in
1646 4544 1891 4597 laudibus
1920 4542 2011 4598 Dei
2042 4544 2094 4602 D

444 4634 657 4688 assidue
684 4633 964 4697 manebat;
996 4632 1061 4686 ad
1093 4632 1337 4685 ultimum
1367 4647 1494 4685 vero
1533 4632 1585 4685 in
1627 4648 1775 4686 mare
1818 4635 2016 4689 missus

446 4725 821 4795 martyrizavit
843 4724 892 4786 ι’,
919 4737 1074 4793 quem
1119 4723 1364 4785 Euricus,
1398 4732 1453 4777 et
1480 4722 1818 4789 Eustokhius,
1849 4724 2019 4778 tho—

447 4815 581 4876 zius,
615 4823 777 4882 atque
821 4811 1140 4875 Germanus,
1189 4812 1431 4865 tollentes
1474 4813 1539 4866 de
1577 4814 1711 4865 mari
1756 4815 2017 4873 miserunt

449 4906 501 4959 in
546 4905 799 4967 loculum,
829 4913 884 4957 et
922 4903 1249 4972 sepelierunt
1293 4904 1344 4956 in
1388 4902 1504 4956 foro
1534 4902 1879 4973 Hellesponti.
1921 4903 2019 4957 Ea-

447 4998 567 5052 dem
598 4998 683 5051 dic
711 4996 891 5066 passio
931 4995 1100 5057 Petri,
1127 4996 1215 5063 qui
1242 5004 1296 5047 et
1334 4994 1588 5058 Balsami,
1614 4994 1888 5064 martyris,
1918 4996 2017 5050 sub

448 5089 828 5145 Maximiniano
872 5089 1226 5156 imperatore,
1274 5094 1462 5156 agente
1505 5081 1706 5140 Severo
1750 5086 2014 5155 praeside,

448 5245 669 5317 paganis
718 5243 818 5317 sub
856 5242 1098 5317 principe
1120 5239 1445 5317 Christiano
1485 5238 1710 5317 necari“?
1753 5237 2015 5317 Differunt

449 5308 568 5383 quin
606 5314 672 5367 de
722 5308 1009 5368 Alinachio
1034 5308 1218 5363 'refert
1244 5308 1633 5383 Tlieodoretus.
1658 5308 1767 5383 Nec
1807 5309 2011 5383 scioan

449 5377 517 5439 ab
541 5385 881 5451 imperatore,
916 5400 933 5430 ι
964 5390 1258 5451 martyrum
1289 5380 1454 5431 choro
1483 5379 1716 5451 potuerit
1740 5377 1957 5432 ascribi.
1989 5395 2008 5427 ι

450 5452 575 5509 Haec
602 5449 744 5505 enim
767 5466 871 5504 non
894 5458 1019 5503 sunt
1056 5449 1459 5516 imperatorum.
1488 5449 1798 5503 BASNAGIUS.

521 5534 545 5561 ι
577 5520 727 5573 Nulla
758 5529 887 5573 tunc
911 5519 1232 5587 persecutio.
1266 5517 1421 5571 Basa'.

522 5590 549 5629 δ
577 5590 699 5654 Pro,
732 5586 983 5657 martyrio
1009 5589 1225 5655 a/fcrtus
1250 5597 1342 5639 est.
1372 5588 1461 5640 Sic
1482 5588 1675 5656 sa‘pius
1698 5586 1940 5657 inferius:

524 5670 545 5697 ε
584 5660 707 5728 Leg.
736 5655 975 5728 Epicteti,
1011 5658 1099 5726 qui
1145 5670 1331 5724 passus
1361 5666 1444 5711 est
1484 5659 1535 5709 in
1568 5657 1744 5709 Africa
1776 5658 1874 5709 sub
1913 5655 2016 5709 Dc-

453 5731 554 5785 cio.
586 5731 738 5788 BLSN.

2125 3295 2179 3341 et
2224 3286 2400 3340 Mcttis
2428 3285 2691 3352 depositio
2727 3282 2894 3337 sancti
2926 3280 3186 3334 Patientis
3232 3279 3492 3348 episcopi.

2179 3377 2216 3428 ν
2231 3375 2571 3429 In.Nativitas
2589 3373 2806 3442 Epistici
2826 3383 2868 3431 ε,
2886 3369 3395 3431 Jocundi,Secundi,
3412 3368 3707 3429 Saturnini,

2132 3465 2337 3529 Vitalis,
2364 3463 2821 3527 Fclicis,Rustici,
2851 3461 3054 3528 Quinti,
3084 3460 3375 3521 Etartaxis,
3402 3458 3705 3514 Fortunati.

2196 3554 2261 3608 IV
2307 3556 2381 3609 In.
2413 3555 2676 3609 Nativitas
2708 3553 2881 3616 Pauli,
2926 3552 3085 3622 primi
3137 3552 3504 3616 anachore'ac,
3557 3553 3708 3621 cujus

2123 3648 2289 3699 vitam
2348 3646 2537 3699 beatus
2600 3644 2956 3713 Ilieronymus
3010 3644 3256 3711 scripsit,
3318 3643 3409 3711 qui
3470 3658 3501 3695 a
3554 3654 3705 3697 sexto

2126 3739 2334 3792 decimo
2356 3737 2530 3790 uitatis
2559 3750 2699 3789 anno
2739 3750 2907 3803 usque
2936 3734 3001 3788 ad
3048 3733 3403 3788 centesimum
3438 3734 3704 3787 decimum

2128 3828 2345 3882 tertium
2386 3827 2531 3881 solus
2562 3827 2613 3879 in
2645 3841 2828 3880 eremo
2874 3823 3187 3894 permansit.
3255 3822 3360 3879 Sed
3407 3840 3437 3877 a
3480 3824 3707 3877 Domino

2125 3935 2223 3989 per
2256 3932 2475 3973 corvum
2506 3925 2708 3986 pastus,
2743 3916 2920 3969 tunica
2950 3914 3247 3984 palmarum
3286 3915 3428 3971 foliis
3456 3925 3706 3969 contexta

2124 4027 2253 4065 usus
2284 4018 2388 4073 est,
2428 4006 2580 4076 cujus
2619 4008 2763 4061 inter
2815 4007 3176 4075 apostolorum
3210 4013 3264 4060 et
3312 4008 3704 4076 prophetarum

2120 4102 2316 4157 choros
2345 4100 2576 4153 animam
2608 4099 2673 4151 ad
2713 4096 2906 4151 creltun
2945 4094 3069 4149 ferri
3102 4096 3168 4149 ab
3194 4094 3399 4163 angelis
3441 4096 3708 4150 Antonius

2121 4191 2272 4244 vidit.
2305 4190 2502 4243 Eodem
2527 4189 2613 4242 die
2645 4187 2825 4240 llomre
2865 4187 2917 4239 in
2952 4186 3263 4239 cmmeterio
3293 4184 3500 4238 Callisti
3530 4186 3707 4240 natale

2123 4282 2379 4335 Miltiadis
2417 4281 2649 4349 episcopi
2683 4288 2737 4333 et
2790 4276 3135 4337 confessoris,
3192 4276 3281 4345 qui
3322 4278 3599 4330 consuluit
3653 4278 3703 4329 in

2120 4373 2358 4427 Ecclesia
2388 4387 2414 4423 a
2458 4371 2706 4424 ﬁdelibus
2767 4368 2913 4422 nulla
2944 4367 3149 4420 ratione
3183 4367 3235 4420 in
3264 4366 3558 4421 Dominicis
3589 4368 3701 4421 die-

2120 4466 2221 4519 bus
2254 4464 2623 4534 jejunandum.

2191 4556 2251 4609 III
2300 4556 2374 4608 In.
2411 4553 2635 4609 Eductio
2684 4552 2898 4607 Domini
2928 4552 2993 4607 de
3050 4550 3300 4620 Egypto,
3357 4556 3413 4603 et
3446 4549 3702 4603 nativitas

2121 4646 2293 4699 sancti
2350 4645 2513 4699 Salvii
2572 4643 2915 4707 confessoris,
2977 4641 3029 4694 in
3078 4639 3231 4708 cujus
3279 4640 3446 4693 natali
3480 4648 3699 4694 sauc'us

2120 4736 2449 4805 Augustinus
2501 4736 2720 4787 verbum
2752 4732 2878 4787 fecit
2901 4732 2966 4785 ad
2996 4730 3249 4801 populum
3288 4729 3624 4799 Carthagini.

2191 4826 2233 4881 II
2290 4828 2364 4881 lo.
2411 4827 2469 4881 In
2528 4825 2730 4879 Achaia
2781 4824 3037 4877 nativitas
3100 4830 3413 4876 sanctorum
3460 4819 3692 4889 Cyriaci,

2120 4919 2399 4976 Moscentii
2434 4917 2460 4958 ά
2494 4924 2547 4971 et
2593 4914 2771 4969 Saturi
2805 4925 2852 4978 ε,
2888 4914 3019 4967 civis
3063 4911 3269 4975 Arahéi,
3312 4910 3402 4979 qui
3433 4912 3697 4965 transiens

2122 5021 2251 5066 ante
2281 5007 2535 5077 templum
2558 5003 2837 5074 cujusdam
2871 5003 3017 5066 idoli,
3048 5000 3324 5057 iusulllans
3347 5014 3467 5054 cum
3494 5001 3692 5069 signas-

2121 5108 2207 5157 set
2248 5098 2481 5153 frontem
2526 5096 2765 5161 corruit;
2813 5102 3055 5149 tenentes
3104 5108 3227 5149 eum
3266 5093 3461 5147 ibidem
3512 5092 3694 5146 obser-

2191 5250 2219 5291 d
2254 5250 2381 5321 Leg.
2440 5249 2753 5321 Innocentii.
2785 5247 2971 5303 Nullus
3020 5256 3199 5321 tamen
3253 5245 3597 5321 Innocentius
3641 5246 3693 5298 in

2120 5314 2515 5389 martyrologiis
2542 5333 2732 5389 passus
2755 5328 2839 5389 est
2866 5331 3049 5389 mense
3071 5314 3348 5389 Januario.
3372 5315 3445 5368 lo.

2197 5336 2261 5373 ιη
2302 5336 2515 5389 rotogns
2542 5336 2732 5388 passus
2755 5336 2839 5372 es:
2866 5336 3049 5371 mense
3071 5336 3348 5369 Januario.
3374 5336 3445 5368 ID.

2197 5402 2219 5429 θ
2250 5336 2470 5459 ἔρευναί
2500 5388 2802 5465 celebratur
2830 5385 3281 5465 in_Martyrologio
3307 5384 3550 5465 Romano
3576 5391 3690 5465 tan.

2121 5475 2283 5529 quam
2306 5453 2497 5527 passus
2521 5459 2574 5511 in
2598 5457 2833 5529 Achaia;
2856 5458 2944 5529 b_ic
2962 5453 3158 5529 dicitur
3173 5453 3308 5529 civis
3327 5454 3540 5529 Αναὺρρε
3564 5453 3700 5529 Ara-

2121 5523 2242 5605 bius
2289 5523 2467 5605 autem
2495 5534 2581 5580 est
2625 5527 2771 5605 urbs.
2796 5528 2848 5579 in
2878 5525 3081 5605 Per-sia,
3110 5540 3215 5578 non
3246 5524 3406 5605 longe
3448 5523 3634 5605 dissita
3662 5536 3697 5575 τι

2121 5597 2282 5651 fluvio
2307 5596 2541 5663 ejusdem
2572 5596 2822 5649 nominis.
2866 5595 2949 5649 An
2977 5594 3140 5649 Persa
3166 5596 3318 5649 venit
3346 5591 3407 5648 in
3436 5591 3699 5651 Achaiam

2123 5678 2177 5722 et
2200 5668 2270 5722 ibi
2301 5667 2399 5721 fuit
2429 5664 2685 5720 necatus?
2716 5665 2791 5721 In.
