3924 6336
160 334 300 387 1ιὲἲί

1471 323 2093 381 MARTYROLOGIUM.

3285 331 3419 388 “26

154 455 346 501 ωηερε
394 447 664 499 duxerunt
708 442 774 497 ad
803 442 1018 507 ducem,
1065 450 1119 497 ct
1163 440 1461 496 indicantes
1505 441 1729 505 laetum,
1762 442 1809 501 Α
1838 437 2107 502 dentibus,
2138 437 2204 491 ad
2232 445 2533 492 extremum
2560 437 2753 508 gladiis
2786 437 3155 506 trucidantur;
3184 443 3253 497 ad
3289 461 3423 514 quo-

156 535 453 589 tlecnllatus
473 543 574 589 est.

224 625 301 679 In.
332 623 579 681 Jamuanu
620 624 852 679 Octabas
890 620 1137 694 [Octava]
1187 622 1568 691 Theophamaa,
1592 629 1646 675 et
1680 622 1733 675 in

154 713 392 769 Pictavis
442 714 706 784 depositio
763 713 951 767 Ililarii
1014 712 1252 781 episcopi
1304 721 1358 767 et
1410 713 1735 767 confessoris

155 805 377 874 egregii,
418 804 508 874 qui
558 805 657 859 sub
687 802 1003 859 Constantio
1039 803 1281 872 Angusto
1308 803 1578 867 lucretico,
1610 817 1737 872 pro-

156 901 276 961 pter
316 893 473 947 ﬁdem
493 895 815 949 catholicam
844 896 895 949 in
940 896 1227 969 Phrygiam
1259 896 1314 949 in
1340 893 1587 949 exsilium
1618 891 1734 962 pul-

157 998 248 1037 sus
288 991 389 1037 est.
429 984 504 1039 De
534 1000 641 1054 quo
688 986 829 1040 inter
879 988 1011 1042 alias
1056 989 1287 1041 virtutes
1336 984 1570 1039 refertur
1595 982 1735 1052 quod

156 1076 363 1127 orando
385 1086 657 1131 mortuum
682 1079 1041 1133 suscitaverit.

214 1168 429 1235 ~Eodem
475 1168 558 1223 die
590 1170 764 1223 sancti
811 1170 1004 1240 Agrieii
1057 1169 1312 1239 episcopi,
1359 1176 1414 1222 et
1446 1168 1498 1221 in
1550 1165 1737 1219 Antio-

156 1257 277 1309 chia
311 1257 529 1327 Egypti
558 1259 733 1327 passio
763 1269 1070 1313 sanctorum
1107 1256 1323 1320 Juliani,
1372 1263 1427 1315 et
1472 1255 1738 1309 Basilissa:

156 1347 401 1417 conjugis
448 1364 589 1414 sum;
627 1352 718 1420 qui
754 1350 998 1404 Julianus
1038 1350 1367 1418 temporibus
1423 1346 1737 1401 Diocletiani

155 1448 206 1490 et
241 1440 516 1494 Maximini
548 1439 941 1513 [Maximiani]
984 1441 1147 1495 nobili
1178 1440 1428 1510 prosapia
1476 1438 1737 1493 oriundus

157 1529 276 1590 fuit,
294 1530 839 1600 phiIOSOphorumque
862 1530 1156 1600 disciplinis
1178 1530 1437 1595 imbutus,
1461 1529 1739 1585 catholicae

155 1616 279 1669 ﬁdei
331 1616 612 1685 religiosus
639 1627 851 1672 amator
877 1618 994 1671 fuit.
1025 1617 1195 1684 Quem
1234 1633 1354 1672 cum
1377 1624 1630 1686 parentes
1653 1617 1737 1670 sui

154 1705 222 1757 ad
246 1707 498 1760 connubii
518 1704 640 1774 jura
672 1708 1110 1776 persuasionibus
1150 1707 1343 1762 validis
1368 1708 1737 1772 attraxissent,

1837 542 1955 581 rum
1983 527 2245 582 tumulum
2279 543 2404 582 mox
2434 529 2619 583 decem
2649 529 2844 600 leprosi
2878 539 3155 598 curantur,
3187 534 3422 601 proban~

1837 626 1918 673 tes
1948 619 2122 687 qualis
2145 619 2216 672 sit
2244 627 2542 688 martyrum
2571 621 2762 690 gloria.

1908 706 2065 761 XVIII
2110 714 2236 762 ΚΜ..
2267 709 2569 764 Februarii.
2603 711 2659 765 In
2691 712 2982 781 Campania
3012 715 3192 771 natale
3228 714 3427 774 Felicio

1834 798 2135 869 presbyteri
2186 806 2243 852 et
2271 798 2614 865 confessoris,
2663 803 2729 855 de
2766 818 2874 872 quo
2914 805 3057 859 inter
3087 807 3192 860 alia
3235 809 3424 863 scribit

1835 885 2093 942 Paulinus
2112 889 2396 957 episcopus
2420 907 2432 942 :
2461 890 2549 958 qui
2576 905 2697 945 cum
2714 908 2740 943 a
2767 896 3199 961 persecutoribus
3224 896 3277 950 in
3303 913 3426 952 car-

1836 992 2013 1032 cerem
2046 980 2370 1045 mitteretur,
2394 990 2448 1035 et
2474 981 2714 1036 cochleis
2742 997 2806 1036 ac
2836 985 3048 1039 testulis
3077 987 3289 1040 vinctus
3329 1005 3422 1042 su-

1840 1071 2140 1140 perpositus
2184 1072 2412 1141 jaceret,
2465 1088 2566 1142 per
2613 1084 2825 1129 noctem
2875 1077 2943 1131 ab
2989 1079 3183 1148 angelo
3217 1080 3425 1135 solutus

1838 1169 1999 1227 atque
2050 1161 2274 1215 eductus
2312 1171 2418 1216 est.
2466 1164 2666 1219 Eadem
2716 1165 2801 1219 die
2851 1168 3045 1223 natalis
3078 1177 3162 1223 est
3208 1170 3419 1237 Felicis,

1837 1251 2078 1321 germani
2111 1251 2299 1320 ipsius,
2324 1268 2483 1321 quem
2509 1253 2712 1309 Dracus
2759 1254 2917 1311 Urbis
2951 1258 3240 1326 prmfectus
3264 1261 3421 1317 idolis

1838 1337 2117 1392 immolare
2149 1340 2345 1410 coegit,
2386 1348 2441 1394 et
2468 1340 2698 1397 fustibus
2736 1345 2956 1410 cecidit,
2990 1354 3150 1415 atque
3182 1349 3235 1401 in
3275 1349 3419 1404 exsi-

1837 1425 1968 1480 lium
1992 1427 2277 1498 deportare
2296 1430 2477 1499 jussit,
2510 1431 2600 1486 ubi
2640 1441 2696 1485 et
2737 1433 3029 1503 quadratos
3064 1436 3265 1506 lapides
3312 1453 3419 1494 ca:-

1839 1517 2008 1582 deret,
2040 1506 2133 1573 sed
2158 1533 2256 1587 per
2295 1521 2554 1576 virtutem
2602 1523 2696 1577 Dei
2725 1525 2909 1593 plures
2938 1525 3012 1581 ibi
3054 1530 3321 1584 convertit
3354 1531 3421 1584 ad

1838 1607 2021 1674 ﬁdem,
2052 1609 2153 1663 hoc
2179 1616 2284 1675 est,
2311 1610 2547 1667 Probum
2573 1614 2851 1670 tribunum
2876 1625 2932 1672 et
2956 1632 3051 1672 eos
3091 1620 3184 1688 qui
3234 1634 3415 1675 secum

1841 1708 2015 1753 erant.
2061 1698 2263 1756 Deinde
2311 1700 2509 1755 idolum
2557 1702 2819 1773 Apollinis
2873 1707 3171 1774 destruxit;
3214 1706 3267 1763 in
3317 1725 3425 1779 quo

153 1796 495 1864 respondisse
531 1794 738 1852 fertur:
775 1815 794 1846 ‹
826 1796 935 1852 Nec
968 1797 1255 1852 voluntatis
1279 1806 1381 1863 est,
1410 1813 1510 1852 nec
1535 1797 1730 1860 mlatis,
1764 1784 1809 1842 Β
1836 1791 1955 1844 loco
1996 1790 2178 1847 ﬁdeles
2203 1800 2389 1861 postea
2414 1794 2668 1863 templum
2698 1795 2807 1850 Deo
2827 1808 3263 1852 construxerunt.
3289 1800 3420 1854 Post

151 1893 214 1938 ut
234 1883 430 1940 faciam
457 1901 575 1956 qure
596 1888 908 1943 hortamini.
932 1909 949 1940 ι
995 1889 1125 1943 Item
1175 1906 1297 1945 cum
1325 1898 1736 1958 perseverarent

149 1976 503 2045 pertinaciter
531 1977 583 2031 in
619 1979 906 2048 precibus:
939 1978 1075 2034 «Nec
1116 1980 1460 2049 permittendi
1502 1981 1629 2035 mihi
1653 1988 1736 2035 est

151 2067 400 2131 facultas,
446 2083 543 2124 nec
572 2070 800 2140 negandi
830 2080 1088 2139 potestas,
1117 2072 1257 2140 quod
1284 2071 1591 2125 hortamini.
1641 2072 1734 2125 Dei

151 2156 257 2210 mei
289 2157 539 2224 potestati
566 2159 865 2224 committo,
905 2168 961 2213 et
996 2160 1260 2230 relinquo.
1287 2181 1306 2212 ›
1347 2160 1512 2215 Unius
1556 2170 1734 2215 tamen

150 2245 503 2301 hebdomadis
528 2248 767 2304 inducias
792 2265 820 2303 a
842 2252 1156 2319 parentibus
1180 2252 1443 2321 poposcit,
1467 2258 1527 2305 ut
1550 2260 1734 2306 nutum

150 2350 401 2405 superna:
438 2335 737 2404 majestatis
784 2341 1114 2410 argumentis
1145 2340 1481 2395 evidentibus
1522 2339 1735 2409 experi-

150 2434 337 2492 retur;
366 2440 470 2495 qua
501 2436 740 2496 peracta,
774 2428 1173 2499 intercapedine
1201 2444 1390 2485 somno
1420 2430 1647 2501 sopitus,
1684 2438 1738 2486 et

150 2530 350 2586 sopore
390 2518 692 2588 depressus,
722 2520 856 2577 vidit
900 2520 1173 2576 Christum
1200 2522 1253 2576 in
1296 2523 1576 2578 horomate
1606 2535 1632 2563 ι
1660 2522 1741 2578 di-

152 2610 300 2663 xisse
322 2628 332 2662 :
357 2628 374 2659 ‹
403 2610 663 2679 Exsurge,
692 2628 758 2667 ne
781 2614 991 2677 timeas,
1008 2628 1109 2669 nec
1135 2614 1412 2669 suasiones
1428 2613 1738 2680 verborum,

150 2714 254 2753 nec
286 2700 618 2756 voluntatem
652 2713 937 2771 parentum
969 2704 1277 2758 horrescas.
1323 2703 1571 2773 Accipies
1597 2704 1743 2758 enim‘

151 2787 458 2861 coiijugem,
492 2808 611 2861 qua:
637 2799 689 2847 te
733 2808 838 2847 non
883 2793 1167 2863 polluendo
1198 2808 1227 2847 a
1260 2810 1344 2849 me
1387 2802 1623 2864 separet,
1646 2794 1740 2850 sed
1774 2778 1775 2781 η

150 2888 318 2950 perte
344 2881 494 2951 virgo
510 2892 848 2952 perseveret;
886 2903 904 2936 ι
931 2882 1173 2939 etinfra:
1204 2904 1221 2935 ‹
1252 2884 1401 2939 multi
1422 2883 1667 2953 juvenes,
1689 2894 1743 2939 et

154 2973 393 3043 virgines
433 2989 528 3043 per
550 2982 784 3029 vestram
816 2976 1137 3039 doctrinam,
1183 2975 1268 3030 vel
1297 2977 1463 3030 vitam
1507 2976 1743 3031 caelestis

153 3055 429 3116 exercitus
474 3063 862 3132 probabuntur,
888 3083 905 3115 ι
945 3072 999 3118 et
1026 3064 1250 3134 reliqua.
1300 3063 1495 3134 Sicque
1543 3065 1740 3119 factum

153 3161 238 3208 est
268 3162 349 3217 ut,
379 3153 675 3223 opitulante
713 3153 952 3221 Christo,
1000 3157 1053 3211 in
1105 3156 1405 3212 Antiochia:
1450 3156 1740 3226 municipio

156 3232 485 3297 monasteria
536 3244 690 3315 plura
726 3254 1125 3313 construerent,
1171 3248 1245 3301 ita
1290 3255 1347 3301 ut
1393 3248 1491 3302 sub
1543 3246 1741 3303 Juliani

158 3333 422 3404 regimine
473 3333 655 3389 decem
704 3334 869 3389 millia
915 3338 1303 3391 monachorum
1357 3344 1742 3391 conversarent

158 3423 681 3496 [convcrsarentur].
718 3423 829 3481 Sub
860 3426 1128 3481 Basilissa:
1158 3442 1286 3482 vero
1314 3427 1460 3482 mille
1506 3428 1742 3499 virgines

158 3515 255 3568 Dei
284 3514 508 3569 servitio
535 3515 853 3586 mancipata:
884 3516 1095 3572 ﬁerent.

233 3603 429 3659 Postea
457 3613 636 3659 autem
663 3606 802 3661 idem
830 3605 1073 3664 Julianus
1116 3623 1240 3664 cum
1288 3609 1742 3665 commilitonibus

158 3695 274 3749 suis
300 3694 403 3749 sub
431 3694 702 3751 Marciano
730 3697 972 3766 principe
998 3712 1096 3767 pro
1135 3697 1336 3753 Christi
1362 3699 1585 3753 nomine
1601 3714 1742 3753 mar-

161 3785 433 3854 tyrizavit.
487 3784 726 3838 Primum
766 3784 1003 3841 fustibus
1042 3802 1233 3853 caesus,
1285 3788 1374 3857 qui
1410 3791 1742 3857 percussoris

160 3892 243 3929 SUI
275 3874 489 3929 oculum
517 3875 758 3931 evulsum
790 3878 1044 3933 restituit.
1088 3879 1312 3950 Insuper
1342 3889 1398 3936 et
1431 3882 1550 3951 plus
1580 3897 1741 3951 quam

161 3968 487 4037 quingentas
526 3968 934 4025 simulacrorum
965 3970 1224 4041 imagines
1251 3974 1317 4027 ad
1347 3974 1519 4028 solum
1544 3976 1738 4030 diruit:

160 4069 283 4127 post
308 4061 423 4115 haec
454 4060 507 4115 in
544 4076 816 4117 carcerem
855 4064 1199 4118 tenebrosum
1228 4074 1407 4120 trusus
1432 4081 1553 4120 cum
1605 4081 1743 4135 pra:-

161 4152 297 4207 sidis
328 4151 437 4208 ﬁlio
467 4152 752 4210 Hircicallo
779 4154 977 4223 juvene
1002 4172 1172 4227 nuper
1191 4160 1257 4212 ad
1280 4157 1437 4213 ﬁdem
1459 4173 1739 4225 converso,

162 4242 253 4297 ubi
308 4244 683 4298 damnatorum
740 4260 966 4317 corpora
1017 4247 1403 4318 putreﬁebant;
1458 4250 1551 4303 sed
1607 4250 1743 4303 mira

164 4331 339 4401 gratia
377 4331 576 4387 Christi
606 4334 800 4391 fetidus
846 4336 982 4391 odor
1008 4337 1061 4390 in
1092 4338 1376 4393 ambrosiae
1407 4338 1743 4393 dulcedinem

164 4436 357 4477 versus
387 4436 507 4476 cum
557 4422 679 4480 luce
728 4425 946 4495 limpida
984 4436 1202 4483 sanctos
1251 4438 1517 4499 martyres
1568 4430 1741 4484 laniﬁ-

166 4512 349 4567 cabat.
391 4514 615 4581 Dehinc,
671 4526 895 4588 rogante
928 4519 1177 4587 prazside,
1225 4520 1460 4575 defuncti
1514 4524 1744 4575 cadaver

166 4604 405 4658 nondum
436 4604 642 4660 humati
670 4621 703 4660 a
733 4616 905 4663 morte
928 4609 1240 4676 suscitavit;
1275 4612 1367 4665 sed
1392 4612 1613 4664 tortoris
1635 4627 1740 4666 nsn

166 4704 420 4749 cessante
447 4697 686 4762 vesania,
724 4697 1107 4767 imperatorum
1137 4702 1352 4755 decreto
1383 4701 1435 4756 in
1467 4702 1595 4757 circi
1620 4718 1742 4772 Spe-

166 4784 381 4840 ctacqu
421 4788 591 4841 sancti
622 4797 890 4859 martyres
938 4790 1173 4845 terdenis
1216 4806 1474 4861 cuparum
1525 4792 1744 4861 gremiis

167 4877 536 4942 includuntur,
569 4893 687 4948 quae
713 4879 1035 4935 intrinsecus
1058 4889 1189 4935 atra:
1213 4883 1349 4952 picis
1374 4897 1549 4938 massa
1578 4892 1633 4939 et
1659 4884 1741 4939 bi-

168 4966 393 5020 tuminis
422 4965 625 5030 fomite,
658 4967 1034 5037 sulphurisque
1071 4968 1242 5025 fetore
1280 4970 1598 5034 farciuntur,
1630 4987 1744 5027 sar—

168 5058 369 5112 mentis
399 5072 516 5111 eum
546 5059 666 5127 igne
707 5058 1016 5127 suppositis,
1048 5058 1101 5112 in
1151 5068 1381 5127 tantum,
1424 5070 1485 5115 ut
1525 5061 1739 5116 flamma

170 5151 391 5219 triginta
425 5150 618 5203 cubitis
650 5150 703 5202 in
733 5149 899 5203 altum
930 5165 988 5204 se
1013 5151 1345 5221 porrigeret;
1393 5152 1487 5207 sed
1527 5153 1650 5206 inde
1678 5152 1743 5206 il-

167 5240 285 5293 lazsi
336 5238 693 5308 egredientes,
740 5254 925 5293 rursus
976 5239 1156 5308 digitis
1184 5256 1436 5295 manuum
1471 5249 1526 5295 et
1551 5241 1745 5310 pedum

167 5329 367 5383 licinus
393 5328 587 5383 ardens
611 5328 718 5383 olei
744 5327 950 5397 liquore
980 5327 1229 5399 perfusus
1254 5337 1499 5400 aptatur;
1527 5330 1620 5384 sed
1644 5331 1745 5385 hoc

167 5416 454 5471 conamine
484 5415 702 5478 delusus
736 5418 858 5471 exin
883 5418 1070 5475 bestiis
1097 5419 1165 5473 ad
1208 5419 1572 5475 devorandum
1614 5434 1744 5489 pro-

1836 1893 1913 1932 χιι
1950 1893 2079 1933 vero
2100 1893 2280 1952 annos.
2315 1880 2429 1949 ipsa
2460 1882 2546 1936 die
2570 1881 2845 1938 Dominica
2874 1884 3132 1941 confectis
3156 1889 3425 1958 mysteriis

1835 1970 2074 2038 perrexit
2122 1972 2190 2026 ad
2245 1972 2532 2026 Dominum
2576 1973 2761 2030 Jesum
2828 1975 3123 2031 Christum.
3187 1979 3243 2032 In
3287 1978 3424 2047 Spo-

1836 2060 2010 2116 Ietana
2043 2063 2260 2117 civitate
2292 2064 2469 2118 natale
2506 2063 2751 2120 Pontiani
2779 2068 3057 2138 martyris,
3093 2069 3185 2139 qui
3227 2085 3420 2140 passu;

1837 2160 1916 2207 est
1968 2152 2306 2223 temporibus
2342 2154 2600 2209 Antonini
2634 2156 2993 2225 imperatoris,
3042 2159 3141 2213 sub
3180 2159 3422 2213 Fabiano

1830 2244 2040 2316 judice;
2070 2245 2314 2313 quicum
2346 2245 2510 2300 nollet
2547 2246 2703 2301 idolis
2748 2247 3079 2313 sacriﬁcare,
3110 2247 3275 2315 jussit
3302 2265 3422 2305 eum

1837 2336 2005 2406 virgis
2028 2336 2159 2391 cazdi
2186 2336 2588 2403 crudelissime;
2623 2336 2813 2392 deinde
2842 2338 2998 2393 nudis
3018 2339 3243 2408 pedibus
3264 2354 3426 2409 super

1840 2432 2106 2485 carbones
2145 2431 2397 2485 ardentes
2426 2430 2724 2496 ambulare,
2747 2438 2934 2501 postea
2961 2432 3066 2486 duo
3106 2431 3287 2487 leones
3328 2432 3427 2485 im-

1841 2524 1991 2578 missi
2036 2531 2164 2578 sunt
2214 2531 2275 2578 ut
2306 2539 2428 2579 eum
2459 2523 2805 2589 devorarent,
2847 2523 2940 2578 sed
2970 2523 3025 2577 in
3069 2522 3215 2578 nullo
3264 2525 3424 2578 lzesus

1840 2622 1925 2668 est
1952 2615 2019 2668 ab
2041 2615 2151 2669 eis:
2194 2613 2301 2669 hoc
2334 2614 2521 2669 videns
2542 2613 2707 2684 judex
2745 2612 2905 2681 jussit
2956 2612 3218 2682 liqueﬁeri
3246 2612 3422 2682 plum-

1840 2707 1991 2771 bum,
2018 2714 2073 2761 et
2100 2705 2346 2776 perfundi
2377 2707 2431 2761 in
2454 2707 2670 2761 dorsum
2696 2704 2834 2775 ejus,
2871 2706 2965 2760 sed
2988 2721 3108 2760 cum
3145 2706 3247 2759 hoc
3286 2704 3423 2759 nihil

1842 2814 1964 2852 eum
1992 2799 2237 2864 lzesissct,
2280 2798 2456 2867 capite
2496 2805 2775 2852 truncatus
2801 2804 2905 2851 est.

1911 2888 2071 2945 XVIII
2102 2890 2235 2945 ΚΑι.
2298 2890 2356 2944 In
2400 2889 2685 2943 Palaestina
2728 2888 2992 2958 depositio
3038 2887 3253 2941 Abacuc
3299 2900 3425 2956 pro-

1843 2984 2038 3053 phetae,
2089 2982 2242 3052 cujus
2264 2981 2504 3050 reliquiae
2554 2980 2712 3035 simul
2753 2994 2878 3036 eum
2918 2978 3164 3048 reliquiis
3192 2977 3427 3033 Michaza:

1845 3076 2139 3146 pr0phetze,
2175 3075 2510 3145 temporibus
2538 3073 2756 3129 Arcadii
2797 3082 2852 3127 et
2881 3071 3104 3127 Honorii
3156 3072 3424 3144 Augusto-

1844 3180 1981 3229 rum,
2027 3164 2252 3219 Domiuo
2289 3164 2581 3227 revelante,
2611 3164 2833 3234 proditae
2864 3171 3008 3218 sunt.

1913 3252 2049 3307 XVII
2091 3253 2225 3310 KAL.
2274 3251 2538 3306 Nativitas
2586 3252 2644 3307 S.
2698 3251 2931 3307 Marcelli
2968 3266 3141 3321 papae,
3189 3250 3299 3320 qui,
3333 3248 3426 3319 ju-

1842 3344 2000 3400 bente
2028 3342 2348 3397 Maximiano
2378 3340 2692 3417 [Maxentio]
2716 3342 3059 3410 imperatore,
3091 3343 3267 3412 primo
3309 3342 3424 3399 fus-

1841 3433 1985 3487 tibus
2017 3448 2211 3497 czesus,
2242 3441 2297 3487 et
2338 3449 2367 3486 a
2405 3432 2543 3487 facie
2589 3433 2707 3503 ejus
2734 3447 2891 3502 quem
2935 3432 3281 3503 corripiebat,
3322 3446 3422 3488 ex-

1841 3526 2028 3596 pulsus
2050 3534 2151 3581 est.
2184 3525 2387 3579 Deinde
2414 3525 2635 3579 audiens
2664 3524 2805 3594 quod
2834 3525 3051 3579 domum
3090 3525 3261 3579 beata:
3304 3523 3415 3579 Lu-

1843 3617 1998 3679 cinaz,
2035 3631 2196 3685 quam
2236 3614 2626 3685 proscriptione
2676 3614 3046 3678 damnaverat,
3074 3628 3139 3668 eo
3174 3613 3315 3684 quod
3354 3615 3425 3670 de

1842 3705 2190 3760 facultatibus
2230 3705 2343 3759 suis
2391 3703 2715 3759 Christianis
2775 3704 3075 3766 donaverit,
3136 3702 3420 3758 ecclesiam

1842 3797 2046 3851 faceret
2078 3804 2240 3863 atque
2266 3794 2319 3848 in
2354 3809 2416 3848 ea
2449 3795 2641 3847 missas
2676 3792 2996 3855 celebraret,
3023 3792 3077 3845 in
3099 3792 3269 3846 media
3294 3791 3426 3847 civi-

1846 3892 1953 3940 tate
1986 3882 2151 3952 jussit
2176 3883 2229 3937 in
2272 3884 2459 3938 eadem
2494 3882 2721 3937 ecclesia
2745 3882 2963 3952 plancas
2998 3882 3165 3936 sterni
3200 3882 3266 3936 ad
3300 3882 3415 3937 ani-

1843 3975 2001 4029 maha
2048 3973 2277 4028 catabuli
2306 3971 2548 4044 [stabuli]
2575 3971 2793 4041 publici,
2823 3978 2877 4025 et
2918 3971 3165 4025 eumdem
3214 3970 3424 4040 episco-

1842 4081 1969 4134 pum
1997 4065 2063 4119 ad
2098 4064 2376 4119 servitium
2409 4062 2717 4117 animalium
2746 4062 3018 4131 deputavit
3065 4076 3186 4115 cum
3235 4070 3419 4116 custo-

1844 4157 1928 4211 dia
1961 4155 2193 4224 publica,
2230 4155 2323 4209 ubi
2356 4154 2517 4208 etiam
2553 4161 2673 4223 post
2705 4153 2903 4207 multos
2939 4166 3107 4205 annos
3134 4153 3416 4209 serviendo

1846 4247 2062 4301 indutus
2097 4247 2293 4301 amictu
2329 4245 2539 4301 cilicino
2591 4243 2877 4299 defunctus
2927 4252 3029 4307 est,
3073 4254 3127 4298 et
3170 4245 3418 4299 conditus

1845 4337 2177 4391 aromatibus
2208 4351 2237 4389 a
2291 4334 2496 4390 Joanne
2551 4335 2865 4405 presbytero
2913 4341 2967 4388 et
2994 4332 3055 4387 Β.
3088 4333 3310 4398 Lucina,
3336 4350 3425 4389 se-

1845 4428 2025 4496 pultus
2052 4435 2135 4481 est
2165 4427 2219 4482 in
2245 4425 2555 4481 coemeterio
2592 4423 2865 4478 Priscillae.
2903 4422 3118 4477 Arelato
3159 4423 3423 4491 depositio

1847 4518 2019 4574 sancti
2053 4517 2307 4573 Honorati
2338 4516 2574 4586 episcopi
2602 4524 2654 4570 et
2686 4512 3033 4577 confessoris,
3080 4510 3230 4579 cujus
3279 4512 3424 4566 inter

1845 4620 2037 4664 caetera
2076 4606 2331 4662 miracula
2375 4605 2546 4660 fertur
2573 4605 2713 4675 quod
2762 4605 3047 4657 draconem
3073 4603 3138 4657 de
3185 4602 3422 4657 Ililarina

1844 4698 2019 4754 insula
2066 4697 2271 4753 orando
2327 4694 2613 4767 fugaverit,
2666 4701 2721 4749 et
2768 4692 3149 4746 monasterium
3190 4692 3262 4746 ibi
3295 4691 3420 4745 fun-

1844 4790 2070 4844 daverit.
2218 4792 2225 4799 ’
2250 4810 2253 4811 ν
2283 4834 2311 4883 \

1925 4881 1981 4935 In
2026 4896 2162 4952 pago
2205 4876 2333 4952 vero
2379 4878 2677 4941 blandinse,
2728 4878 2780 4931 in
2808 4876 3016 4932 Perona
3069 4877 3418 4944 monasterio,

1847 4970 2110 5040 depositio
2140 4970 2309 5024 sancti
2342 4968 2532 5023 Fursei
2561 4966 2903 5032 confessoris,
2940 4966 3029 5037 qui
3073 4967 3127 5019 in
3163 4966 3418 5021 Hibernia

1848 5067 2005 5112 natus
2035 5066 2090 5111 et
2128 5057 2383 5118 nutritus,
2428 5055 2655 5125 patriam
2703 5064 3059 5123 parentesque
3090 5053 3415 5122 relinquens,

1848 5160 2016 5201 sacra:
2047 5143 2337 5214 Scriptura:
2366 5143 2559 5198 studiis
2590 5142 2793 5211 aliquot
2822 5142 3043 5197 vacabat
3068 5144 3252 5205 annis;
3280 5145 3420 5197 tunde

1849 5238 2235 5293 monasterium
2284 5236 2337 5290 in
2368 5235 2599 5305 quodam
2642 5235 2940 5289 construxit
2966 5233 3082 5288 loco
3111 5250 3126 5298 ;
3173 5234 3265 5288 sed
3292 5234 3417 5287 dum

1844 5327 2073 5398 patriam
2096 5334 2451 5397 parentesque
2463 5324 2680 5379 visitare
2693 5326 3032 5394 properabat,
3050 5333 3109 5377 ut
3134 5324 3273 5378 inter
3300 5324 3418 5377 illos

1846 5417 1985 5472 sacri
2018 5416 2167 5470 verbi
2199 5415 2401 5470 semina
2432 5412 2801 5483 spiritualibus
2843 5413 3131 5467 seminaret
3169 5412 3417 5481 eloquiis,

168 5513 462 5575 ponuntur,
494 5505 689 5574 quibus
742 5522 895 5562 sacra
939 5509 1183 5564 membra
1232 5508 1471 5565 lacerare
1496 5525 1602 5565 non
1648 5526 1747 5564 au-
1846 5508 2074 5578 quadam
2109 5506 2193 5562 die
2219 5504 2463 5575 corporis
2493 5503 2804 5575 aegrotantis
2834 5502 3075 5557 molestia
3104 5502 3415 5570 corripitur,

242 5648 269 5676 ι
303 5633 359 5689 Id
376 5641 467 5709 est
496 5635 709 5690 visione.
741 5635 831 5692 Sic
858 5637 913 5693 in
938 5636 1193 5694 Passione
1251 5637 1528 5709 Perpetua:
1565 5648 1621 5694 et
1676 5637 2001 5695 Felicitatis:
2032 5656 2051 5689 ι
2079 5636 2398 5707 Priusquam
2457 5649 2833 5705 pugnaremus.
2857 5637 3010 5691 video
3060 5636 3115 5695 in
3140 5636 3415 5698 borumate

172 5708 297 5762 hoc.
329 5724 347 5757 ι
376 5704 530 5759 ΒΑεικ.
