3924 6328
473 346 606 402 1127

1110 344 1172 399 Β.
1213 341 1465 398 ΡιΑΒΑΝι
1503 339 1721 397 MAURI
1763 336 2051 394 AliClllEP

2167 333 2422 390 OGUNT.
2466 331 2747 388 OPERUM
2788 332 2964 386 PARS
3002 334 3061 387 ll.

3595 332 3724 385 ΗΕΒ

469 475 534 516 ac
569 468 690 530 post
713 463 893 520 subito
915 460 972 514 in
996 460 1196 515 exstasi
1227 466 1431 529 raptus,
1468 455 1640 528 jacuit
1661 453 1814 524 quasi
1855 451 2042 507 exani-
2069 452 2118 511 A
2148 446 2547 517 prmdicandum
2602 453 2790 516 postea
2834 445 3084 515 gentibus
3129 447 3330 500 missus
3378 441 3724 500 Antiochiam

468 550 573 606 mis
606 565 638 604 a
677 551 982 618 vespertina
1010 550 1140 605 hora
1181 562 1358 618 usque
1403 547 1482 601 ad
1500 546 1622 616 galli
1659 553 1916 608 cantum;
1950 541 2043 597 sed

469 639 593 695 dum
614 641 684 697 ad
709 655 768 694 se
788 641 1009 706 rediret,
1038 641 1256 710 agnovit
1285 637 1578 711 angelicam
1608 649 1728 691 esse
1758 635 2043 698 visionem,

468 739 522 784 et
550 713 760 800 sumpto
781 745 1008 799 eorpore
1029 743 1094 783 ac
1120 729 1383 798 sanguine
1423 726 1645 790 Christi,
1686 724 1858 795 iacuit
1893 722 2045 777 inﬁr-

469 835 589 874 mus
615 821 729 890 ipso
758 820 843 874 die
876 829 930 874 et
962 820 1159 885 altera;
1193 819 1352 874 tertia
1394 832 1524 873 vero
1560 825 1717 870 nocte
1755 814 1950 868 iterum
1982 812 2051 866 ab

470 908 674 978 angelis
702 908 943 963 sublatus
972 906 1245 963 mirabiles
1271 906 1406 961 vidit
1434 905 1690 969 visiones,
1725 902 1868 958 sicut
1911 899 2049 954 liber

473 997 792 1069 Vitabipslus
823 1009 1065 1054 testatur.
1093 999 1196 1054 Sed
1225 1008 1506 1069 postquam
1530 996 1596 1050 ad
1627 1011 1684 1051 se
1710 995 1884 1058 rediit,
1916 995 2049 1049 duo-

468 1091 644 1146 decim
686 1105 855 1146 annos
907 1092 958 1145 in
990 1091 1371 1160 prtedicatione
1396 1088 1546 1145 verbi
1573 1088 1692 1152 Dei,
1719 1097 1775 1143 et
1812 1086 2051 1141 miracu—

466 1180 642 1253 lorum
677 1181 1008 1238 clarescebat
1047 1183 1243 1254 signis:
1285 1181 1576 1236 novissime
1607 1195 1736 1235 vero
1775 1179 1827 1234 in
1874 1177 2048 1234 Gallia

468 1273 812 1328 monasteriis
852 1274 1201 1338 constructis,
1254 1275 1369 1344 ipse
1421 1273 1576 1327 bonis
1607 1280 1798 1326 auctus
1839 1270 2048 1326 meritis

468 1363 595 1417 inde
629 1363 879 1435 migravit
907 1365 972 1419 ad
1003 1364 1296 1419 Christum.
1329 1363 1537 1434 Corpus
1564 1376 1696 1418 vero
1718 1363 1835 1434 ejus
1855 1364 1922 1417 ab
1950 1364 2048 1418 Er-

468 1453 746 1516 canwaltlo
769 1452 906 1509 duce
927 1462 981 1508 et
1004 1455 1213 1508 steteris
1245 1453 1494 1509 lidellbus
1522 1453 1576 1507 in
1620 1451 1828 1507 Perona
1859 1467 2048 1506 mona-

467 1542 633 1596 sterio
655 1542 708 1596 in
722 1541 948 1598 ecclesia
979 1542 1037 1597 S.
1080 1542 1224 1597 Petri
1246 1542 1471 1612 apostoli
1492 1549 1546 1597 et
1574 1550 1891 1597 cteterorum
1914 1555 2044 1611 apo-

467 1633 728 1688 stolorum
764 1631 920 1701 juxta
973 1632 1142 1687 altare
1191 1632 1486 1688 honoriﬁce
1527 1633 1802 1688 conditum
1842 1641 1945 1688 est.
1987 1633 2043 1686 in

467 1725 796 1781 inoriasterio
829 1738 1042 1794 quoque
1083 1722 1266 1778 Fuldae
1292 1723 1571 1779 dedicatio
1597 1724 1838 1780 ecclesia:
1870 1725 2043 1780 sancti

465 1814 742 1870 Michaelis
768 1816 826 1870 in
851 1817 1165 1870 cmmeten'o
1186 1814 1433 1870 fratrum.

542 1905 660 1962 XVI
708 1906 843 1962 ΚΑιι.
874 1907 932 1962 1η
962 1907 1192 1976 IEgypto
1223 1906 1494 1962 Thebaida
1535 1910 1799 1978 depositio
1824 1908 2042 1964 Antonii

467 1997 741 2061 monachi,
785 1996 939 2066 cujus
984 1999 1096 2050 vita
1144 1995 1432 2052 virtutibus
1481 1997 1638 2067 plena
1695 2007 1750 2053 et
1783 1999 2045 2054 miracula

470 2105 591 2160 qua:
619 2087 774 2153 fecit,
819 2089 1037 2159 scriptis
1071 2097 1126 2145 et
1168 2087 1314 2144 fama
1341 2105 1480 2161 pene
1526 2092 1581 2146 in
1608 2093 1862 2148 universo
1916 2097 2046 2151 orbe

461 2179 853 2248 praedicantur.
888 2177 1034 2234 Obiit
1085 2189 1264 2233 autem
1309 2179 1369 2235 in
1397 2194 1532 2249 pace
1577 2181 1677 2235 sub
1712 2175 2045 2254 imperatore

465 2267 821 2324 Constantino
851 2308 866 2332 ,
919 2282 1060 2322 anno
1101 2269 1278 2324 artatis
1319 2285 1433 2325 sum
1468 2259 1788 2333 centesimo
1833 2274 2043 2343 quinto,

465 2368 520 2414 et
547 2358 790 2428 sepultus
829 2358 883 2411 in
918 2372 1103 2413 eremo
1139 2374 1169 2413 a
1216 2359 1504 2431 discipulis
1549 2362 1686 2426 suis,
1739 2363 1881 2419 sicut
1929 2365 2045 2433 ipse

470 2449 1032 2518 vivenspraeceperat,
1053 2448 1354 2506 occultatus
1375 2458 1460 2507 est
1486 2468 1500 2506 :
1524 2461 1646 2523 post
1665 2454 1834 2508 multa
1865 2464 2043 2510 autem

468 2552 733 2594 annorum
780 2538 1072 2604 curricula,
1102 2539 1215 2595 hoc
1253 2548 1338 2596 est
1378 2539 1670 2597 Justiniaui
1699 2542 2046 2613 imperatoris

471 2630 823 2700 temporibus,
855 2630 947 2697 qui
1001 2629 1098 2684 t'uit
1131 2628 1329 2686 Justini
1375 2646 1444 2687 ex
1472 2647 1659 2688 sorore
1685 2647 1871 2702 nepos,
1915 2647 2044 2689 cor-

468 2737 567 2792 pus
617 2719 740 2790 ejus
781 2722 958 2776 divina
989 2722 1317 2779 revelatione
1363 2733 1638 2794 repertum
1667 2725 2043 2782 Alexandriam

468 2811 749 2880 defertur,
776 2821 830 2867 et
882 2817 936 2866 in
997 2799 1219 2871 ecclesia
1269 2813 1525 2896 Baptista:
1563 2815 1787 2876 Joannis
1849 2819 2045 2879 prima-

468 2919 572 2964 tur.
636 2910 889 2966 Bituricis
938 2910 1206 2980 depositio
1264 2916 1321 2968 S.
1381 2914 1599 2986 Sulpitli
1641 2957 1656 2982 ,
1705 2917 1940 2987 episcopi
1991 2929 2047 2974 et

469 3000 815 3057 confessuris.
857 3002 1012 3070 Apud
1052 3001 1320 3073 Lingonas
1369 3014 1547 3060 autem
1586 3009 1837 3062 nativitas
1873 3009 2046 3077 gemi-

469 3107 660 3145 norum
708 3092 1012 3162 Speusippi,
1067 3092 1305 3165 Elasippi
1357 3094 1709 3167 etblelasippi
1747 3098 2044 3170 [Eleusippi

470 3190 522 3237 et
561 3181 918 3254 Meleusippi],
957 3183 1048 3252 qui
1089 3199 1211 3238 cum
1243 3196 1426 3240 essent
1448 3187 1634 3258 viginti
1683 3189 1921 3258 quinque
1950 3204 2046 3244 an-

471 3289 687 3337 norum,
710 3289 834 3328 cum
873 3275 992 3329 avia
1037 3290 1136 3329 sua
1169 3275 1408 3332 Leonilla
1436 3286 1487 3332 et
1514 3279 1727 3345 Janilla,
1776 3289 1830 3336 et
1863 3281 2046 3338 Neonc

473 3364 736 3432 martyrio
765 3365 1009 3419 coronati
1041 3375 1185 3428 sunt,
1221 3375 1463 3438 tempore
1506 3369 1781 3425 Aureliani
1813 3372 2049 3441 impera-

472 3455 624 3508 toris.
657 3453 868 3509 Gemini
902 3455 1120 3524 quidem
1151 3457 1204 3510 in
1241 3473 1344 3512 una
1374 3460 1569 3515 arbore
1597 3463 1844 3530 suspensi
1869 3463 2047 3534 ligatis

472 3544 720 3599 manibus
743 3561 982 3610 sursum,
1012 3546 1234 3615 pedibus
1262 3562 1392 3604 vero
1416 3550 1686 3616 deorsum,
1720 3552 1793 3606 ita
1817 3554 2045 3618 extenti,

473 3645 530 3688 ut
565 3643 885 3704 putarentur
934 3651 1072 3706 pene
1128 3638 1196 3692 ab
1232 3638 1346 3709 ipsa
1381 3642 1745 3705 membrorum
1790 3658 2049 3716 compage

473 3725 732 3793 separari,
787 3735 841 3780 et
881 3735 1004 3795 post
1059 3727 1185 3782 haec
1227 3728 1280 3781 iu
1334 3729 1512 3798 ignem
1558 3731 1902 3799 prtccipitati,
1947 3747 2049 3787 nec

475 3827 654 3872 tamen
685 3817 920 3875 flammis
955 3820 1090 3885 laesi,
1147 3821 1288 3876 inter
1317 3823 1482 3877 verba
1534 3823 1841 3878 orationum
1891 3823 2050 3878 simul

475 3910 779 3979 inigrabant
820 3911 886 3965 ad
926 3911 1231 3965 Dominum.
1264 3911 1477 3976 Janilla,
1514 3913 1628 3968 haec
1665 3913 1877 3978 videns,
1922 3927 2052 3968 con—

476 3997 616 4052 fessa
640 4008 725 4054 est
751 4015 810 4054 se
832 4000 996 4055 etiam
1022 4000 1408 4067 Christianam,
1434 4011 1488 4057 et
1515 4017 1642 4057 mox
1665 4004 2053 4073 comprehensa

477 4108 506 4145 a
538 4091 789 4173 turbisha
812 4091 1022 4161 capillis
1050 4107 1334 4162 suspensa,
1381 4107 1448 4147 ac
1479 4093 1665 4148 multis
1712 4092 1907 4147 amicta
1928 4108 2056 4163 sup-

479 4182 680 4251 pliciis,
700 4197 824 4236 cum
851 4181 1124 4237 Christum
1152 4198 1348 4253 negare
1370 4183 1787 4248 noluisset,cum
1817 4181 2056 4237 Leouilla

479 4271 640 4326 simul
682 4279 768 4326 est
793 4271 971 4341 gladio
1009 4281 1303 4342 perempta.
1338 4272 1484 4328 Neon
1509 4288 1636 4328 vero
1685 4281 1941 4343 exceptor
1967 4287 2060 4343 ge-

481 4371 713 4425 storum,
761 4369 816 4415 et
847 4362 960 4430 ipse
990 4360 1190 4416 Christi
1232 4379 1427 4418 nomen
1477 4363 1755 4419 confessus
1797 4365 2058 4436 martyrio

486 4460 777 4504 coronatus
815 4459 917 4506 est.
950 4450 1144 4507 Docuit
1173 4460 1352 4507 autem
1403 4462 1461 4508 et
1495 4454 1788 4524 baptizavit
1813 4455 2058 4527 geminos

487 4542 585 4597 hos
611 4541 880 4611 Benignus
904 4542 1206 4613 presbyter,
1233 4559 1390 4613 quem
1425 4545 1572 4600 misit
1597 4546 1666 4600 ab
1688 4543 1906 4601 Oriente
1930 4545 2059 4601 bea-

485 4641 571 4687 tus
614 4631 962 4704 Polycarpus,
1011 4632 1232 4689 Joannis
1275 4635 1504 4704 apostoli
1529 4636 1781 4700 auditor,
1829 4634 1884 4689 in
1932 4632 2059 4691 Gal-

486 4722 635 4787 liam,
667 4738 787 4777 cum
815 4722 1132 4778 Mandochio
1156 4727 1621 4797 comprcsbytero,
1663 4727 1716 4780 in
1743 4725 1916 4799 Tyrso
1942 4726 2059 4782 dia-

488 4829 647 4868 cono.
678 4811 882 4882 Sepulti
912 4822 1039 4868 sunt
1057 4824 1236 4869 autem
1283 4816 1444 4871 iidem
1496 4817 1698 4888 gemini
1742 4817 1797 4871 in
1824 4816 2063 4874 secundo

490 4903 744 4962 milliaria
769 4904 838 4960 ab
860 4905 992 4958 urbe
1027 4904 1320 4975 Lingonas.

562 4993 656 5049 XV
687 4994 820 5049 KAL.
859 4994 1136 5050 Dedicatio
1149 4996 1206 5049 S.
1224 4995 1370 5051 Petri
1385 4997 1629 5067 apostoli,
1655 4997 1937 5067 quipritno
1952 4995 2051 5053 Ro-

492 5106 594 5147 mae
617 5090 773 5146 sedit.
806 5088 941 5144 Cum
963 5098 1140 5143 autem
1165 5089 1307 5144 idem
1337 5091 1587 5160 princeps
1611 5089 1976 5159 apostolon
2010 5091 2067 5147 in

497 5181 883 5253 Hierosolymis
909 5190 964 5235 et
985 5181 1037 5233 in
1062 5179 1327 5246 Caesarea,
1355 5188 1520 5250 atque
1551 5181 1604 5235 in
1635 5184 1846 5237 caeteris
1872 5182 2066 5238 civita-

495 5267 979 5333 tibusJudaeorum,
996 5268 1341 5337 Evangelium
1358 5268 1589 5339 primum
1606 5270 1968 5340 praedicasset,
2001 5271 2070 5326 ad

569 5394 593 5423 ιι
621 5383 852 5453 Agnetis.
874 5382 1006 5438 Eam
1023 5381 1282 5453 prostitui
1305 5380 1474 5436 voluit
1505 5382 1605 5453 sub
1628 5382 1823 5453 theatri
1862 5381 2068 5437 fornice

497 5451 1128 5523 pricfectuspsecundum
1153 5466 1389 5523 rnorem;
1413 5451 1776 5523 acclamabant
1810 5454 1952 5506 enim
1975 5467 2069 5522 pa-

499 5513 619 5648 gani
652 5541 665 5576 :
698 5542 714 5572 α
743 5513 1035 5604 Christiani
1062 5522 1135 5602 ad.
1161 5513 1627 5604 leones,'yirgines
1655 5521 1720 5575 ad
1751 5513 2003 5577 lenones'!
2043 5542 2062 5574 ι

524 5595 621 5646 ιιεο
656 5592 1018 5647 Tertullitlnus
1032 5592 1316 5648 obncrebat
1336 5591 1439 5647 illis
1467 5609 1479 5644 :
1509 5611 1526 5643 ‹
1564 5593 1630 5646 ad
1652 5592 1893 5647 lenonem
1918 5594 2062 5647 dam-

524 5595 621 5646 σιεο
656 5592 1018 5647 Tertullitlnus
1032 5591 1316 5661 objiciebat
1336 5591 1439 5647 illis
1467 5591 1526 5644 ί(
1564 5593 1630 5646 ad
1652 5592 1893 5647 lenonem
1918 5594 2070 5647 dam—

502 5663 616 5716 nari
648 5661 1028 5724 Christianam,
1083 5662 1260 5730 potius
1295 5677 1453 5730 quam
1482 5661 1547 5714 ad
1586 5661 1817 5726 leonem,
1843 5662 2072 5716 confessi

506 5732 635 5788 estis
662 5732 836 5790 labem
859 5731 1128 5793 pudicitiae
1149 5733 1288 5788 aoud
1315 5748 1413 5788 nos
1435 5732 1697 5788 acriorem
1720 5732 1864 5788 omni
1894 5747 2071 5799 omna,

2146 538 2314 603 venit,
2334 538 2516 607 ibique
2532 535 2830 590 Ecclesiam
2847 533 3048 589 Christi
3073 532 3342 586 fundavit.
3373 530 3501 585 lude
3514 544 3726 596 quoque

2145 645 2378 701 pergens
2426 629 2655 685 Romam
2715 627 2894 692 venit,
2947 625 3184 680 secundo
3228 622 3439 678 Claudii
3498 619 3728 674 Czcsat'is

2148 736 2311 785 almo,
2355 719 2538 790 ibique
2570 716 2920 786 Evangelium
2964 713 3354 770 instantissime
3402 709 3725 779 pra-dicaris,

2147 812 2338 883 viginti
2381 819 2434 864 et
2486 811 2727 879 quinque
2772 806 2932 860 annis
2961 803 3204 872 ejusdem
3237 801 3389 854 urbis
3439 798 3725 869 cpiscopus

2147 901 2533 974 perseveravit.
2568 899 2771 954 Eodem
2793 897 2884 952 die
2933 893 3114 951 natale
3137 892 3194 947 S.
3220 892 3420 946 Priscae
3446 886 3724 955 martyris.

2219 992 2337 1048 XIV
2388 992 2523 1046 KAL.
2555 986 2925 1056 Hierosolyma
2967 982 3146 1038 natale
3195 981 3417 1035 Martha
3445 988 3500 1032 et
3525 976 3720 1038 Mariae,

2149 1099 2397 1143 sororum
2415 1081 2637 1138 .Lazat'i.

2219 1175 2334 1233 Ilii
2359 1175 2492 1230 ΚΑι.
2549 1171 2733 1227 Roma:
2771 1167 2993 1223 Fabiani
3040 1161 3301 1234 episcopi,
3343 1160 3436 1229 qui
3465 1172 3588 1211 cum
3620 1169 3728 1207 xxv

2150 1267 2308 1323 annis
2327 1262 2581 1320 Ecclesite
2608 1266 2888 1331 praeesset,
2913 1270 3104 1327 passus
3132 1261 3217 1308 est
3235 1248 3558 1320 martyrium
3591 1253 3724 1298 tem-

2146 1373 2280 1430 pore
2304 1355 2473 1421 Decii,
2521 1362 2576 1408 ct
2603 1353 2661 1407 in
2696 1347 3009 1406 cmmeterio
3036 1343 3250 1400 Callisti
3303 1339 3565 1410 sepultus.
3627 1333 3723 1430 llic

2148 1424 2401 1520 regiones
2428 1442 2616 1499 divisit
2649 1438 2986 1502 diaeouihus,
3027 1445 3084 1491 et
3123 1433 3252 1488 fecit
3285 1440 3344 1485 ut
3368 1435 3578 1498 septem
3610 1424 3724 1478 dia-

2149 1551 2312 1593 cones
2357 1541 2561 1604 septem
2599 1529 2826 1584 notariis
2852 1525 3215 1586 imminerent,
3261 1527 3320 1574 ut
3357 1525 3511 1589 gesta
3573 1528 3719 1568 mar-

2150 1635 2330 1698 tyrum
2378 1624 2434 1678 in
2479 1623 2747 1691 integrum
2778 1617 3112 1687 colligerent,
3153 1621 3208 1667 et
3243 1611 3444 1665 multas
3486 1605 3719 1698 fabricas

2147 1696 2247 1786 per
2273 1712 2585 1770 cmmeteria
2615 1710 2732 1765 ﬁeri
2769 1706 3044 1778 praecepit.
3083 1702 3284 1758 Eodem
3333 1700 3423 1754 die
3467 1696 3720 1751 nativitas

2147 1808 2319 1865 sancti
2349 1804 2650 1861 Sebastiani
2682 1803 2748 1858 de
2777 1800 3096 1862 Mediolano,
3127 1797 3218 1867 qui
3249 1796 3303 1850 in
3336 1804 3550 1848 tantum
3592 1790 3719 1844 cha-

2147 1915 2242 1956 rus
2265 1907 2385 1954 erat
2434 1895 2856 1966 imperatoribus
2889 1889 3223 1946 Diocletiano
3257 1895 3312 1942 et
3370 1882 3717 1944 Maximiano,

2122 1998 2205 2044 *ut
2233 1987 2594 2058 principatum
2641 1983 2690 2037 ei
2719 1981 2908 2052 prima:
2936 1977 3176 2033 cohortis
3227 1974 3528 2037 traderent,
3564 1984 3718 2038 quem

2145 2077 2533 2139 Diocletianus,
2582 2074 2672 2129 ubi
2706 2071 3071 2128 Christianum
3122 2065 3374 2136 cognovit
3417 2077 3519 2119 nec
3568 2077 3598 2115 a
3623 2059 3720 2115 ﬁde

2145 2184 2306 2241 posse
2332 2166 2600 2230 revocari,
2629 2163 2799 2232 jussit
2839 2160 2997 2232 ligari
3034 2161 3090 2215 in
3121 2159 3300 2223 medio
3350 2168 3546 2225 campo
3571 2152 3718 2222 quasi

2147 2262 2360 2330 signum
2418 2259 2484 2312 ad
2515 2256 2800 2326 sagittam,
2843 2265 2899 2308 et
2951 2250 3194 2322 saginari
3223 2265 3254 2303 a
3279 2246 3582 2303 militibus:
3630 2243 3716 2313 qui

2147 2366 2292 2416 cum,
2349 2347 2562 2419 sagittis
2587 2345 2776 2417 plenus
2801 2387 2815 2410 ,
2847 2343 3003 2415 quasi
3045 2341 3242 2397 ericius
3291 2344 3483 2402 staret,
3520 2345 3718 2406 putan-

2148 2453 2229 2498 tes
2276 2455 2402 2495 eum
2427 2445 2720 2503 mortuum,
2762 2435 3033 2490 abierunt.
3077 2431 3247 2487 Nocte
3281 2437 3462 2484 autem
3500 2427 3720 2481 veniens

2148 2530 2395 2600 quaedam
2447 2526 2643 2582 mulier
2667 2566 2681 2591 ,
2737 2524 2954 2579 neruine
2994 2522 3226 2587 liereue,
3279 2519 3472 2600 tollere
3505 2532 3716 2586 corpus,

2148 2619 2356 2678 invenit
2388 2633 2516 2674 eum
2540 2618 2830 2681 viventem,
2862 2623 2916 2670 et
2937 2612 3160 2668 adduxit
3190 2612 3243 2665 in
3283 2610 3502 2665 domum
3551 2620 3720 2671 suam,

2150 2729 2206 2770 et
2222 2726 2416 2769 curam
2443 2707 2561 2779 ejus
2588 2709 2696 2780 egit
2726 2725 2738 2760 :
2772 2707 2862 2777 qui
2885 2705 2976 2760 ubi
2997 2702 3289 2767 convaluit,
3310 2701 3512 2777 multos
3537 2701 3590 2754 in
3623 2699 3723 2753 title

2149 2800 2494 2860 contortavit.
2515 2796 2628 2854 Nec
2655 2813 2808 2859 num
2837 2793 2967 2874 ipsis
2997 2793 3412 2872 imperatoribus
3437 2805 3724 2871 apparens,

2148 2903 2269 2966 hos,
2299 2912 2460 2971 prout
2483 2898 2630 2970 digni
2660 2906 2837 2961 erant,
2895 2894 3159 2964 corripuit
3187 2910 3201 2958 ;
3246 2903 3377 2946 tunc
3403 2890 3568 2960 jussit
3604 2904 3726 2943 eum

2148 2994 2516 3051 Diocletianus
2547 2992 2602 3046 in
2629 2989 2982 3060 hippodromo
3009 2985 3196 3055 palatii
3219 2984 3358 3047 duci,
3412 2994 3463 3037 et
3492 2982 3726 3053 fatigari,

2151 3092 2322 3146 donec
2345 3087 2642 3152 deﬁceret;
2666 3099 2829 3154 quem
2858 3089 3129 3135 mortuum
3176 3078 3230 3132 in
3276 3077 3518 3132 cloacam
3556 3075 3727 3129 niaxi-

2154 3197 2295 3238 mam
2326 3181 2623 3243 miserunt;
2664 3176 2757 3232 sed
2783 3174 2872 3229 ille
2914 3172 3163 3244 apparuit
3201 3172 3252 3223 in
3301 3170 3507 3224 somnis
3533 3178 3729 3222 sancti!

2152 3280 2413 3327 matronae
2440 3269 2673 3332 Lucium,
2716 3265 2904 3320 dicens
2933 3280 2944 3315 :
2987 3280 3004 3311 ‹
3033 3258 3193 3315 Juxta
3221 3260 3438 3314 ‘cireutu
3491 3258 3731 3311 invenies

2152 3377 2349 3433 corpus
2381 3375 2559 3416 meum
2589 3357 2828 3428 pendens
2851 3355 2906 3409 in
2936 3367 3094 3407 unco.
3134 3349 3248 3404 Hoc
3291 3349 3479 3403 sordes
3510 3363 3615 3401 non
3649 3354 3728 3399 te-

2154 3455 2410 3524 tigerunt,
2459 3459 2513 3505 et
2541 3450 2664 3504 dum
2712 3445 2999 3510 levavcrls,
3048 3441 3311 3513 perduces
3337 3438 3406 3492 ad
3437 3436 3478 3493 C
3518 3445 3722 3524 tacum-

2153 3522 2278 3611 bas,
2302 3538 2616 3612 et‘sepelies
2645 3554 2732 3594 me
2758 3540 2811 3593 in
2843 3545 3028 3608 crypta
3064 3535 3220 3605 juxta
3247 3530 3474 3602 vestigia
3514 3522 3729 3596 aposzo-

2154 3637 2364 3702 lorum;
2398 3631 2583 3703 iquod
2621 3631 2737 3700 ipsa
2784 3636 2942 3682 noctu
2981 3625 3205 3679 veniens
3243 3629 3414 3676 totum
3471 3621 3546 3674 ita
3580 3636 3731 3674 coni-

2155 3726 2342 3797 plevit.
2398 3723 2599 3778 Eolem
2663 3720 2749 3774 die
2801 3717 3055 3771 uativitas
3105 3718 3417 3768 sanctorum
3469 3709 3624 3763 Marii
3678 3718 3733 3761 et

2156 3816 2399 3879 Martha,
2426 3827 2556 3869 cum
2590 3810 2713 3866 ﬂlils
2743 3811 2855 3864 suis
2881 3805 3112 3862 Audifax
3154 3813 3210 3858 et
3237 3803 3535 3858 Ambacum
3577 3801 3735 3873 [Abas

2157 3903 2359 3977 chum].
2385 3903 2648 3959 nobilium
2670 3901 2734 3956 de
2757 3897 2994 3962 Perside,
3026 3897 3118 3968 qui
3147 3896 3213 3950 ad
3250 3895 3620 3950 adorationem
3653 3910 3738 3949 ve-

2158 4007 2352 4054 nerant
2382 3997 2630 4057 Romam,
2655 4004 2898 4064 tempore
2919 3990 3130 4047 Claudii
3152 3990 3435 4059 principis,
3482 4004 3514 4044 e
3539 3989 3736 4059 quibus

2157 4095 2280 4160 post
2315 4085 2571 4141 toleratos
2599 4082 2790 4146 fustes,
2819 4081 3126 4151 equuleum,
3157 4080 3327 4149 ignes,
3355 4093 3586 4150 ungues,
3624 4093 3738 4130 ma-

2160 4193 2326 4232 nuum
2351 4175 2687 4246 pensionem,
2726 4171 2935 4227 Martha
2963 4172 3018 4227 in
3052 4170 3286 4242 nympha
3313 4178 3528 4235 necata,
3557 4168 3738 4224 exteri

2158 4283 2291 4324 vero
2328 4265 2582 4322 decollati
2608 4273 2752 4320 sunt.

2231 4356 2322 4412 Xll
2377 4355 2512 4410 Κλι..
2566 4355 2753 4410 Romae
2804 4354 3064 4411 nativitas
3097 4363 3298 4409 sanctae
3349 4354 3517 4424 Agnae
3543 4365 3591 4415 ι.
3622 4369 3747 4424 quae.

2162 4453 2263 4507 sub
2281 4450 2538 4522 praefecto
2561 4447 2721 4505 Urbis
2749 4445 3110 4518 Symphronio
3142 4443 3354 4516 ignibus
3384 4442 3604 4514 injecta,
3648 4445 3741 4498 sed

2165 4541 2251 4597 his
2289 4557 2387 4612 per
2413 4540 2715 4596 orationem
2755 4539 2871 4609 ejus
2909 4536 3232 4601 exstinctis,
3264 4534 3442 4604 gladio
3485 4549 3741 4604 percussa

2167 4639 2268 4686 est.
2327 4630 2396 4684 Et
2430 4631 2484 4684 in
2544 4629 2796 4698 Hispanis
2864 4626 3087 4698 civitate
3148 4625 3428 4680 Taracona
3489 4623 3741 4678 nativitas

2167 4721 2338 4778 sancti
2366 4718 2671 4782 Fructuosi,
2705 4717 2942 4787 episcopi
2981 4710 3037 4770 et
3075 4715 3352 4785 martyris,
3397 4714 3491 4783 qui
3527 4713 3744 4782 scripsit

2168 4810 2428 4882 Regulam
2455 4808 2862 4862 monachorum.
2894 4806 3082 4864 Passio
3123 4805 3299 4860 sancti
3328 4803 3565 4861 PatrocI-i
3595 4821 3742 4861 mar-

2183 4902 2324 4973 lyris.

2240 4993 2310 5048 Xl
2373 4993 2508 5048 KAL.
2553 4992 2611 5047 in
2669 4991 2941 5061 Hispaniis
2987 4989 3203 5046 civitate
3254 4989 3519 5056 Valentia,
3565 4991 3746 5059 passio

2171 5085 2231 5140 S.
2272 5083 2467 5139 Valerii
2491 5083 2750 5154 episcopi,
2780 5092 2836 5137 et
2856 5081 3124 5137 Vincentii
3147 5081 3355 5135 diaconi
3380 5091 3436 5135 et
3465 5083 3742 5152 martyris,

2172 5177 2261 5246 qui
2291 5175 2436 5247 passi
2459 5185 2586 5230 sunt
2609 5175 2709 5229 sub
2729 5173 2966 5228 Daciano
2988 5171 3230 5242 praside.
3268 5172 3581 5230 Vincentius
3606 5176 3746 5230 enim

2174 5268 2302 5322 dum
2327 5265 2530 5322 Christi
2573 5279 2770 5321 nomen
2799 5263 3011 5335 publice
3053 5265 3420 5336 proﬁteretur,
3454 5282 3487 5320 a
3510 5266 3748 5324 Daciano

2175 5392 2230 5437 et
2252 5381 2398 5435 omni
2419 5388 2593 5434 morte
2617 5378 2871 5447 reputari.
2913 5397 2931 5430 ι
2963 5375 3203 5433 Celebris
3237 5376 3325 5433 illa
3356 5377 3456 5433 fuit
3482 5378 3636 5448 virgo
3669 5380 3753 5433 .ιὶ-

2176 5451 2484 5507 hilominus.
2508 5448 2633 5518 Quo
2651 5458 2892 5518 tempore
2917 5449 3233 5518 martyrium
3255 5449 3325 5502 sit
3352 5464 3530 5518 passa,
3563 5450 3751 5504 hacte-

2177 5537 2280 5576 nus
2330 5517 2995 5590 ignotum.Virglnitatem
3046 5517 3161 5588 ejus
3196 5517 3382 5590 angeli
3432 5534 3543 5590 ope
3574 5518 3750 5590 illiba-

2180 5599 2292 5668 tam
2344 5587 2506 5642 fuisse
2541 5587 2755 5668 dicitur
2783 5603 2797 5640 :
2828 5606 2854 5668 ,ι
2887 5587 3136 5668 ingressa
3178 5587 3357 5668 Agnes
3407 5588 3756 5668 turpitudinis

2177 5660 2372 5722 locum,
2402 5658 2647 5728 angelum
2690 5657 2899 5710 Demini
2936 5656 3290 5728 purpuratum
3332 5656 3554 5728 invenit.
3591 5678 3607 5707 ι
3642 5656 3755 5712 Sub

2180 5725 2514 5786 Diocletiano
2540 5735 2847 5784 coronatam
2872 5725 3089 5796 coiijicit
3117 5727 3398 5785 Batonius.
3426 5727 3582 5781 Bssx.
