3924 6336
140 406 277 461 "‘29

1446 397 1636 454 MART
1647 396 1989 455 YROLOGIU
1998 395 2066 453 Μ.

3238 398 3373 452 “50

132 523 314 591 jussus
339 525 421 572 cst
468 516 522 569 in
564 512 849 586 equuleum
900 511 1137 575 extendi,
1186 511 1365 581 ibique
1408 510 1709 565 diutissime
1736 510 1787 570 Α
1884 508 1995 563 \‘lll
2032 508 2162 564 KAL.
2192 508 2375 565 Romae
2400 510 2680 565 translatio
2718 509 2868 565 Pauli
2895 511 3141 582 apostoli,
3172 521 3227 568 et
3244 528 3372 570 con-

133 606 374 679 torqucri
401 624 413 660 :
441 604 567 659 hinc
590 603 658 659 ad
684 600 984 673 patibulum
1009 608 1217 671 raptus,
1250 599 1357 654 imo
1386 614 1451 655 ex
1478 597 1706 669 equuleo

129 696 410 768 depositus
431 703 665 750 tortores
696 706 823 748 suos
860 692 975 761 ipse
1015 704 1355 761 praecurrens
1389 703 1570 744 moras
1589 702 1710 743 car-

132 788 309 844 nilicis
368 785 585 856 arguit:
629 788 911 853 torquetur
955 782 1027 838 ibi
1073 788 1295 837 sanctus
1348 779 1443 835 Dei
1484 788 1707 851 martyr,

134 878 399 944 tunditu,
420 874 744 946 ﬂagellatur,
772 872 1037 937 exuritur,
1079 879 1135 927 et
1166 868 1418 926 distentis
1449 868 1711 925 membris

131 966 326 1023 crescit
367 965 434 1021 ad
484 977 721 1035 ptenam.
765 962 1152 1033 lmprimuntur
1204 960 1456 1016 ardentes
1500 960 1710 1030 pectori

130 1056 365 1121 laminae,
418 1062 476 1111 et
530 1053 818 1125 liquelacto
869 1052 1010 1107 inter
1048 1051 1196 1122 ipsas
1236 1049 1530 1106 candentes
1577 1048 1707 1103 ferri

129 1146 280 1202 acies
333 1145 541 1215 liquore
577 1152 850 1214 guttarum
896 1141 1129 1197 stridens
1177 1141 1392 1196 ﬂamma
1434 1140 1709 1211 respergi-

132 1246 243 1302 tur,
270 1236 498 1291 vulnera
521 1231 837 1288 vulneribus
865 1230 1267 1302 imprimuntur,
1302 1236 1571 1285 tormenta
1600 1236 1712 1283 tor-

130 1326 332 1382 mentis
370 1322 685 1386 desaeviunt,
714 1320 853 1377 sales
886 1320 1099 1391 ignibus
1125 1320 1298 1391 sparsi
1328 1316 1714 1389 crepitantibus

130 1416 358 1473 minutis
386 1413 570 1489 [Forte
589 1410 920 1484 minutatim]
946 1425 1045 1482 per
1076 1410 1314 1466 membra
1341 1408 1631 1475 dissiliunt,
1658 1416 1714 1463 et

129 1512 238 1582 iam
254 1526 361 1567 non
388 1510 455 1565 ad
469 1517 641 1573 artus,
656 1506 750 1562 sed
767 1506 835 1561 ad
852 1506 969 1576 ipsa
992 1505 1199 1561 viscera
1215 1502 1592 1574 suppliciorum
1611 1500 1713 1556 tela

128 1592 437 1673 iaciuntur.
468 1597 598 1653 Post
619 1597 734 1651 haec
762 1594 817 1649 in
842 1593 1019 1649 locum
1044 1591 1487 1648 obscurissimum
1511 1604 1576 1645 ac
1600 1588 1711 1643 fra-

128 1689 371 1761 gmentis
404 1685 726 1742 testularum
751 1696 1041 1753 aspersum
1070 1680 1327 1744 truditur,
1356 1678 1451 1734 sed
1473 1678 1546 1733 ibi
1576 1676 1710 1733 lucis

128 1783 450 1839 amoenitate
472 1791 527 1837 et
556 1779 753 1851 quietis
775 1793 870 1849 per
889 1776 1190 1849 angelicum
1219 1773 1581 1829 ministerium
1611 1787 1681 1842 po

1812 600 1990 656 versio
2012 600 2066 655 in
2096 600 2377 655 Damasco.
2420 598 2681 677 Nativitas
2713 601 2885 656 sancti
2923 600 3167 672 Gregorii
3200 600 3370 659 Theo-

1813 689 1939 759 logi,
1962 698 2017 744 et
2046 690 2301 745 nativitas
2326 687 2556 756 Projecti
2586 691 2855 761 martyris.

1882 781 1973 836 Vll
2021 780 2153 837 ΚΑι..
2178 781 2361 837 Sancti
2391 780 2693 853 Polycarpi,
2721 784 2957 854 episcopi
2984 783 3246 857 Smyrna,
3278 787 3373 857 qui

1810 871 1913 927 sub
1942 870 2123 927 Marco
2160 871 2447 934 Antonino,
2498 880 2553 927 et
2583 869 2748 926 Lucio
2789 871 3004 927 Aurelio
3057 873 3381 939 Commodo,

1810 960 2032 1017 sedente
2086 960 2331 1032 Smyrna:
2384 960 2723 1032 proconsule,
2774 960 3091 1030 conjurante
3138 964 3191 1019 in
3248 980 3369 1022 eum

1809 1047 1957 1105 omni
1994 1048 2212 1120 populo,
2240 1048 2349 1120 igni
2396 1048 2625 1105 traditus
2652 1056 2754 1105 est.
2790 1049 3103 1105 Bethlehem
3132 1050 3371 1116 civitate,

1811 1148 2013 1195 sancta:
2056 1137 2252 1205 Paulae,
2286 1138 2439 1209 cujus
2475 1138 2874 1208 precationibus
2900 1154 3142 1195 annuens
3183 1140 3373 1196 beatus

1811 1230 2173 1301 Hieronymus
2191 1228 2345 1299 plura
2374 1227 2607 1284 confecit
2630 1227 2907 1298 opuscula.

1882 1319 1950 1376 Vi
2004 1317 2137 1374 ΚΑι..
2183 1316 2240 1372 in
2278 1314 2458 1372 Africa
2486 1317 2741 1372 nativitas
2768 1329 2795 1357 ι
2823 1316 2964 1383 Dati,
3012 1316 3210 1374 Juliani
3241 1320 3371 1375 Vin-

1811 1409 2023 1472 centize.
2053 1416 2108 1463 et
2160 1405 2387 1461 aliorum
2441 1405 2655 1477 triginta
2704 1405 2929 1461 duorum
2976 1406 3202 1480 [viginti
3250 1426 3371 1480 sep-

1814 1498 1967 1571 tem],
1997 1507 2051 1553 et
2090 1496 2343 1553 nativitas
2387 1496 2559 1552 sancti
2604 1495 2836 1567 Sulpitii,
2884 1497 3115 1570 episcopi
3144 1510 3199 1555 et
3245 1517 3372 1557 con-

1813 1590 2051 1647 tesseris.

1884 1683 1927 1737 V
1996 1682 2132 1736 ΚΑΙ..
2188 1680 2371 1735 Romae
2422 1689 2623 1736 sancta:
2676 1680 2900 1753 Agnetis
2939 1682 3160 1755 virginis
3207 1686 3372 1758 gemi-

1813 1790 1940 1827 num
1968 1769 2272 1844 [secundo],
2310 1771 2410 1827 hoc
2429 1780 2533 1837 cst,
2554 1773 2620 1827 de
2649 1772 2944 1828 nativitate.
2961 1772 3106 1830 Obiit
3128 1774 3370 1832 Carolus.

131 1875 266 1930 titus
297 1882 381 1929 est
410 1889 424 1926 :
459 1870 585 1926 inde
624 1881 860 1940 quoque,
894 1865 1122 1935 jubente
1159 1861 1406 1935 praeside,
1433 1862 1487 1916 in
1512 1860 1710 1917 lectulo
1744 1883 1785 1940 Β
1882 1864 1949 1918 lV
1988 1864 2123 1917 KAL.
2154 1862 2337 1917 Romae
2372 1863 2625 1918 nativitas
2653 1863 2831 1933 Papia:
2856 1875 2913 1920 et
2938 1864 3106 1919 Mauri
3143 1866 3373 1922 militum

128 1971 464 2034 asportatus,
495 1960 564 2015 ad
608 1958 899 2014 Dominum
927 1970 1049 2012 cum
1086 1953 1264 2023 palma
1313 1951 1560 2022 martyrii
1612 1950 1712 2004 mi-

128 2055 333 2127 gravit.
360 2052 553 2109 Postea
583 2064 777 2121 corpus
810 2047 926 2117 ejus
953 2047 1007 2103 in
1036 2060 1186 2101 mare
1218 2044 1355 2099 mitti
1381 2042 1709 2114 praecipitur,

131 2146 233 2203 sed
258 2144 561 2200 immissum
591 2141 822 2197 celerius
848 2145 972 2210 post
1002 2135 1219 2202 ﬂuctus,
1252 2135 1361 2191 Deo
1388 2133 1618 2200 volente,
1645 2134 1713 2189 ad

127 2236 288 2293 littus
332 2234 631 2299 reducitur,
673 2232 814 2302 quod
854 2228 1106 2302 religiosa
1135 2227 1380 2299 quaedam
1411 2226 1575 2283 vidua
1611 2240 1710 2281 no-

129 2329 283 2384 mine
328 2325 519 2383 Jonica
564 2323 853 2396 sepultura:
900 2320 1132 2393 primum
1184 2318 1437 2383 tradidit,
1493 2316 1713 2373 Christo

130 2418 467 2490 triumphum
497 2414 613 2485 ejus
657 2411 935 2469 miraculis
967 2410 1251 2482 probante.
1291 2408 1492 2464 Eodem
1523 2407 1611 2463 die
1644 2406 1713 2463 ad

126 2510 318 2581 Aquas
346 2506 556 2565 Salvius
590 2504 845 2561 nativitas
869 2501 1042 2558 sancti
1075 2499 1347 2577 Anastasii
1378 2497 1629 2554 monachi
1658 2504 1713 2551 et

129 2598 391 2670 martyris
439 2598 507 2652 de
554 2596 794 2660 Perside,
845 2594 937 2663 qui
995 2600 1117 2662 post
1160 2590 1391 2661 plurima
1421 2596 1709 2654 tormenta,

127 2692 392 2755 carceris,
426 2688 711 2745 verborum
748 2694 804 2742 et
836 2682 1196 2748 vinculorum,
1234 2696 1355 2751 qua:
1382 2682 1437 2736 in
1464 2680 1710 2737 Casarea

126 2781 435 2838 Palaestinae
477 2793 767 2852 perpessus
815 2775 1010 2841 fuerat,
1041 2791 1072 2827 a
1110 2773 1295 2828 Persis
1338 2780 1611 2844 postremo
1657 2772 1712 2827 in

126 2872 357 2929 Perside
386 2872 552 2927 multa
578 2883 737 2941 ptena
767 2864 1019 2929 allectus,
1061 2874 1224 2933 atque
1250 2862 1316 2917 ad
1356 2860 1603 2916 ultimum
1620 2860 1711 2915 de-

125 2962 358 3019 collatus
385 2970 467 3015 est
508 2973 540 3014 a
589 2973 713 3029 rege
736 2971 925 3011 eorum
957 2953 1257 3010 Chosdroe.

200 3049 252 3105 X
304 3047 437 3103 ΚΜ..
487 3045 672 3101 Romae
716 3043 973 3099 nativitas
1031 3050 1235 3096 sanctae
1281 3038 1708 3103 Emerentianm,

126 3136 360 3209 virginis
414 3134 615 3191 Christi
657 3141 711 3188 et
737 3129 1012 3202 martyris,
1064 3142 1183 3199 qua:
1226 3136 1344 3182 erat
1382 3126 1710 3184 collactanea

1815 1965 2053 2025 tempore
2095 1952 2429 2018 Diocletiani,
2459 1955 2547 2023 qui
2588 1953 2829 2010 videntes
2866 1956 3224 2011 constantiam
3272 1957 3373 2014 Sa-

1813 2045 2013 2099 turnini
2037 2052 2090 2099 et
2115 2042 2337 2099 Sisiunii
2358 2052 2677 2115 martyrum,
2699 2046 2943 2101 conversi
2966 2058 3093 2102 sunt
3118 2048 3187 2103 ad
3210 2047 3371 2107 ﬁdem

1812 2134 2102 2204 statimque
2123 2132 2333 2202 jussum
2362 2142 2442 2189 est
2478 2147 2507 2188 a
2546 2133 2797 2190 Laodicio
2824 2134 3077 2206 praefecto
3131 2138 3286 2196 Urbis
3313 2149 3374 2196 ut

1811 2238 1872 2279 os
1904 2238 2114 2289 eorum,
2144 2238 2250 2293 quo
2301 2223 2574 2280 Christum
2617 2224 3037 2292 confitebantur,
3093 2242 3214 2283 cum
3238 2228 3376 2300 lapi-

1810 2315 1967 2371 dihus
1994 2314 2434 2379 contunderetur,
2463 2324 2515 2369 et
2554 2315 2957 2373 retruderentur
3004 2317 3055 2372 in
3101 2333 3376 2376 carcerem

1810 2404 1899 2459 ubi
1929 2404 2183 2475 baptizati
2202 2413 2358 2459 erant
2379 2419 2409 2459 a
2438 2404 2595 2459 beato
2622 2420 2757 2476 papa
2786 2405 3065 2472 Marcello;
3097 2423 3231 2478 quos
3254 2419 3377 2481 post

1811 2494 1927 2549 dies
1956 2493 2204 2549 undecim
2225 2494 2389 2564 jussit
2418 2494 2583 2549 sterni
2614 2494 2667 2549 in
2692 2502 2859 2561 terra,
2883 2504 2938 2551 et
2964 2496 3192 2553 fustibus
3218 2499 3375 2565 caedi,

1812 2583 1985 2640 donec
2016 2584 2369 2655 exspirarent.
2401 2584 2637 2651 Quorum
2664 2599 2888 2655 corpora
2924 2586 3180 2657 colligens
3210 2597 3375 2645 noctu

1810 2677 2045 2733 Joannes
2063 2676 2349 2747 presbyter
2382 2674 2629 2747 sepelivit
2651 2676 2734 2731 via
2764 2675 3099 2733 Numentana
3125 2678 3378 2751 [Nomen-

1814 2764 1959 2839 tana]
1974 2766 2041 2821 ad
2055 2766 2319 2838 nymphas
2338 2765 2477 2820 beati
2501 2765 2665 2830 Petri,
2684 2766 3210 2837 ubibaptizabautur.
3230 2770 3377 2827 Scri-

1812 2866 1958 2926 ptum
1987 2856 2040 2910 in
2064 2856 2230 2925 gestis
2250 2854 2389 2911 beati
2409 2869 2559 2924 papae
2589 2853 2845 2911 Marcelli.
2870 2856 3127 2926 Treviris,
3156 2860 3369 2931 deposi-

1814 2944 1888 2997 tio
1917 2942 2058 2998 bcati
2084 2942 2282 2998 Valerii
2306 2942 2561 3012 episcopi.

1883 3032 2102 3088 ιιιΚΑι..
2142 3031 2406 3088 hialbodio
2434 3034 2757 3089 monasterio
2810 3036 3062 3094 nativitas
3108 3038 3376 3111 Aldcgun-

1812 3125 1893 3180 da:
1914 3123 2284 3198 [Aldegundis]
2322 3123 2561 3195 virginis,
2597 3139 2715 3195 qua:
2738 3128 3067 3199 temporibus
3093 3121 3375 3203 Dagoherti

126 3234 339 3284 sanctae
393 3222 559 3293 Agna:
600 3217 887 3294 [Agnetis],
915 3226 971 3273 et
1016 3216 1143 3271 dum
1189 3223 1373 3271 oraret
1428 3214 1497 3269 ad
1530 3213 1709 3284 sepul-
1737 3232 1783 3295 ρ
1816 3216 1955 3286 regis
1989 3215 2319 3270 Francorum
2349 3228 2415 3269 ex
2448 3215 2607 3270 nobili
2638 3228 2833 3285 genere
2872 3220 3172 3287 progenita,
3214 3221 3375 3294 virgi-

125 3330 285 3373 crum
313 3312 449 3384 ejus,
475 3327 540 3367 ac
561 3310 723 3366 simul
751 3316 971 3363 orantes
998 3320 1029 3361 a
1059 3304 1342 3376 gentilium
1369 3303 1586 3359 laesione
1617 3302 1712 3357 de-

124 3403 397 3469 fenderet,
437 3401 671 3472 lapidata
704 3408 790 3454 est
816 3396 886 3451 ab
927 3396 1025 3450 eis.
1054 3394 1258 3449 Eodem
1289 3392 1375 3448 die
1405 3391 1586 3461 passio
1622 3404 1709 3445 cc-

128 3496 376 3551 lebratur
402 3499 713 3547 sanctorum
752 3493 1051 3556 martyrum
1084 3482 1343 3537 Macharii
1384 3489 1439 3536 et
1465 3480 1709 3551 Eugenii,

125 3587 219 3656 qui
238 3586 341 3640 sub
355 3582 568 3639 Juliano
588 3579 770 3650 judice
788 3578 953 3633 multa
979 3582 1247 3631 tormenta
1264 3572 1408 3644 passi
1436 3581 1583 3637 sunt,
1611 3572 1713 3627 hoc

125 3685 238 3740 est,
280 3670 601 3729 craticulam
646 3667 901 3731 incendii,
958 3666 1012 3720 in
1042 3679 1147 3734 qua
1194 3664 1283 3733 pix
1324 3671 1488 3732 atque
1533 3660 1710 3715 oleum

126 3761 419 3834 superfusa
461 3767 607 3823 sunt,
637 3757 731 3813 sed
772 3772 877 3811 nou
904 3769 999 3809 eos
1030 3753 1170 3824 ignis
1208 3752 1381 3816 laesit;
1411 3750 1605 3805 deinde
1633 3750 1709 3801 vi-

127 3861 276 3930 peris
301 3854 643 3928 serpentibus
663 3853 841 3909 traditi
869 3860 1013 3917 sunt,
1042 3851 1137 3906 sed
1160 3848 1304 3905 nullo
1327 3850 1485 3903 modo
1509 3846 1576 3901 ab
1604 3846 1709 3900 illis

127 3958 257 4005 sunt
285 3946 432 4011 laesi;
472 3952 656 4014 postea
704 3942 991 3996 draconem
1046 3940 1317 4009 ingentem
1366 3936 1709 3992 orationibus

128 4034 530 4099 exstinxerunt,
563 4031 629 4085 ad
671 4038 971 4084 extremum
998 4040 1125 4080 vero
1165 4025 1427 4095 martyrio
1464 4024 1708 4079 coronati

130 4134 283 4183 sunt.

202 4216 278 4275 IX
332 4214 466 4271 KAL.
495 4213 768 4269 Nativitas
799 4212 971 4267 sancti
994 4209 1259 4266 Timothei
1296 4208 1545 4280 apostoli,
1569 4216 1624 4263 et
1654 4208 1708 4263 in

131 4308 419 4364 Antiochia
444 4306 615 4361 sancti
647 4305 861 4375 Babyla:
888 4304 1125 4375 episcopi
1168 4313 1224 4358 et
1270 4303 1432 4359 trium
1456 4303 1707 4373 parvulo-

130 4414 253 4453 rum
290 4395 512 4462 Urbani,
545 4395 826 4465 Prilidaui_,
856 4402 911 4449 et
962 4393 1210 4463 Eupolini
1264 4392 1579 4465 [Epolonii],
1610 4392 1705 4462 qui

132 4434 253 4453 ιν...
292 4434 512 4462 υ.υ.....,
545 4434 801 4451 .....υ.....
857 4434 911 4449 ν.
962 4434 1210 4463 -..,,.,.....
1264 4434 1579 4465 L_,..,..,....,,
1612 4434 1705 4462 η...

131 4504 325 4560 passus
344 4496 426 4542 est
449 4502 545 4557 pro
574 4434 1013 4542 nomineﬁhristi
1055 4487 1158 4541 sub
1186 4484 1513 4541 Numeriano
1538 4484 1707 4553 impe-

1814 3306 1997 3361 nitatis
2034 3306 2363 3376 propositum
2392 3305 2567 3375 elegit.
2614 3305 2669 3359 In
2697 3321 2804 3376 quo
2839 3316 2894 3362 et
2934 3310 3248 3379 permansit,
3274 3327 3374 3367 sae-

1811 3400 2037 3469 piusque
2087 3398 2162 3451 illi
2205 3397 2443 3469 angclica
2492 3399 2626 3453 visio
2667 3398 2900 3453 revelata
2929 3398 3051 3466 fuit,
3081 3401 3371 3459 exhortans

1810 3502 1928 3541 eam
1953 3497 2013 3541 ut
2038 3486 2090 3540 in
2120 3486 2391 3556 proposito
2411 3493 2773 3555 permaneret:
2795 3488 3090 3545 novissime
3101 3506 3228 3546 vero
3246 3506 3370 3563 cum

1812 3591 2003 3646 magna
2044 3576 2289 3631 claritate
2316 3577 2545 3633 caelestis
2582 3578 2794 3633 luminis
2828 3580 2894 3634 ad
2934 3580 3092 3635 vitam
3124 3582 3375 3654 migravit

1812 3674 2090 3721 mternatn.

1880 3755 1921 3809 il
1950 3755 2082 3810 ΚΑι.
2102 3756 2157 3811 lu
2184 3757 2505 3812 Alexandria
2534 3760 2784 3817 nativitas
2808 3761 3010 3818 Tarsici
3036 3760 3369 3838 [Tharsicii],

1812 3846 1979 3902 Zotici
2006 3847 2100 3919 [Cy
2109 3847 2261 3921 riaci]
2277 3856 2330 3902 et
2343 3849 2669 3905 Amminoni.
2688 3851 2743 3905 ln
2757 3850 2936 3907 Africa
2953 3850 3184 3909 Victoris
3196 3852 3371 3911 Publii

1810 3938 2025 4009 [Thyrsi
2040 3938 2074 4007 Ι,
2098 3937 2392 3994 Saturnini.

2268 4082 2930 4163 FEBRUARIUS.

1879 4216 2010 4270 KAL.
2048 4215 2361 4272 anauaan.
2392 4216 2447 4270 In
2469 4215 2675 4272 Graecia
2701 4216 2981 4290 Polycarpi
3010 4216 3191 4292 [Forte
3216 4219 3367 4291 lgna-

1808 4307 1891 4381 tii]
1927 4307 2183 4377 episcopi,
2215 4315 2269 4362 et
2305 4308 2357 4362 in
2385 4307 2637 4363 Ravenna
2667 4311 2838 4365 sancti
2871 4310 3054 4366 Severi
3086 4312 3322 4383 episcopi
3353 4332 3364 4365 :

1809 4398 1861 4452 in
1895 4397 2145 4452 Hibernia
2172 4411 2386 4466 quoque
2433 4400 2686 4454 nativitas
2718 4398 2947 4470 Brigida:
2968 4400 3209 4471 virginis,
3250 4416 3369 4471 qua:

1809 4486 2061 4541 nativitas
2105 4501 2420 4555 magnorum
2466 4490 2777 4543 meritorum
2814 4499 2868 4544 et
2901 4490 3204 4546 sanctitatis
3248 4504 3369 4546 esse

132 4588 338 4642 ratore,
376 4578 491 4645 ipse
518 4585 569 4631 et
591 4576 743 4646 pueri
774 4574 889 4644 ejus
922 4589 1127 4639 secum,
1156 4583 1279 4645 post
1302 4575 1405 4630 alia
1435 4583 1701 4629 tormenta
1730 4568 1782 4627 D
1809 4577 2148 4647 prazdimtur.

130 4667 422 4739 capitalem
445 4666 765 4722 sententiam
792 4668 1045 4721 ferentes.

202 4792 229 4819 ι
284 4778 479 4843 Dativi,
538 4776 813 4833 Vincentii.
873 4777 1112 4832 Laudata
1154 4787 1278 4832 sunt
1314 4779 1367 4833 in
1418 4776 1703 4833 collatione

130 4847 545 4930 carthaginensi
582 4848 931 4930 a‘D'o‘natistis
962 4848 1149 4928 horum
1188 4856 1482 4930 martyrum
1520 4846 1696 4930 Acta;

130 4927 189 4976 et
210 4916 402 4973 revera
430 4916 647 4971 fuerunt
682 4917 970 4971 Donatistze
1001 4917 1051 4970 in
1083 4916 1455 4986 persecutione
1500 4926 1699 4986 marty-

134 4989 220 5045 rio
247 4987 529 5051 coronati;
558 4986 781 5055 ideoque
818 4986 936 5042 illos
962 4986 1306 5041 venditabant
1348 4986 1698 5040 schismatici.

131 5055 479 5125 Contendant
503 5054 717 5125 quidem
744 5056 993 5110 Baluzius
1017 5064 1071 5110 et
1098 5063 1217 5125 posit
1242 5071 1365 5109 cum
1388 5054 1697 5125 Ruinartus,

134 5142 164 5181 a
196 5124 492 5179 Donatistis
520 5123 708 5179 'l‘uisse
758 5125 1062 5194 depravata,
1099 5123 1351 5191 adjuncta
1390 5124 1705 5194 prmfatione

133 5194 289 5249 brevi
309 5202 364 5248 et
386 5194 444 5263 in
467 5194 571 5248 line
595 5194 819 5263 longiori
844 5195 1152 5263 appendice,
1181 5195 1233 5247 in
1258 5207 1362 5263 qua
1394 5193 1587 5248 inultas
1616 5210 1705 5247 ca-

134 5262 370 5318 lumnias
385 5261 639 5319 adversus
654 5261 836 5318 Mensu
845 5261 979 5316 rium
1001 5261 1332 5332 ceterasque
1347 5262 1701 5317 inseruerunt.

134 5332 367 5401 Fallitur
392 5332 481 5386 hic
506 5333 834 5387 ltuinartus'.
866 5333 977 5401 ipsa
1001 5346 1120 5401 quae
1147 5331 1289 5387 nunc
1319 5331 1542 5401 legimus
1572 5332 1703 5401 Acta

134 5418 246 5458 non
274 5400 493 5457 {uerunt
537 5402 869 5471 acatholicis
894 5400 983 5471 in
1012 5400 1299 5471 collatione
1348 5400 1528 5471 agnita
1558 5400 1703 5455 velut

170 5471 390 5536 enuina,
427 5469 621 5525 deinde
656 5487 687 5525 a
732 5470 1020 5527 Donatistis
1052 5470 1359 5540 depravata.
1391 5469 1702 5538 ‘Utrumque

157 5539 300 5599 ‘acile
342 5540 638 5611 probatur:
680 5541 953 5611 primum,
1013 5539 1157 5611 quod
1184 5539 1704 5611 indicatamfueruut

136 5608 361 5668 illorum
378 5608 698 5681 martyrum“
716 5609 849 5665 Acta
878 5625 908 5663 a
931 5608 1227 5681 Donatistis
1245 5649 1261 5681 ,
1294 5624 1357 5665 ea
1382 5608 1587 5681 scilicet
1615 5623 1701 5681 ra-

137 5684 309 5749 tione,
326 5679 469 5749 quod
496 5676 565 5733 ab
590 5679 825 5749 ipsorum
867 5679 1108 5749 partibus
1135 5680 1410 5734 stetissent
1454 5676 1701 5749 Saturni-

138 5767 259 5817 nus,
285 5746 505 5804 Dativus
528 5746 833 5818 ceterique.
860 5746 1121 5803 Catholici
1161 5764 1290 5803 vero
1336 5750 1400 5803 de
1434 5747 1700 5803 authenti-

375 5843 647 5903 Ριτιιοι..
694 5841 828 5901 CX.

1881 4665 1948 4719 lV
1972 4664 2103 4719 Non.
2136 4665 2444 4723 Puriﬁcatio
2487 4677 2686 4723 sancte
2741 4668 2945 4734 Mariae,
2993 4667 3206 4739 quando
3248 4684 3367 4724 cum

1811 4780 1971 4852 citate
1991 4778 2216 4852 Actutum
2245 4794 2579 4852 nequaquam
2600 4779 2980 4852 disceptantes,
2995 4787 3367 4852 argumentum

1812 4849 1877 4903 ad
1908 4850 2175 4904 hominem
2206 4850 2346 4918 quod
2389 4858 2603 4911 vocant,
2649 4849 2767 4905 inde
2813 4850 3130 4913 eduxerunt,
3176 4850 3368 4918 proba-

1812 4918 1915 4972 turi
1951 4918 2154 4973 scilicet
2172 4932 2238 4971 ex
2269 4919 2399 4987 ipsis
2426 4919 2819 4973 Donatistarum
2847 4918 2998 4973 Actis
3021 4932 3368 4974 numerosum

1807 4996 2007 5058 cretum
2056 4988 2443 5058 persecutionis
2489 4998 2729 5058 tempore
2777 4988 3058 5058 convocari
3108 4988 3362 5058 potuisse.

1808 5056 2015 5126 Quippe
2037 5065 2302 5126 martyres
2327 5056 2723 5111 Donatistarum
2742 5056 3201 5126 conﬁtebanturse
3222 5073 3240 5107 ι
3265 5057 3369 5126 col-

1810 5124 2001 5181 lectam
2028 5133 2083 5179 et
2111 5124 2446 5180 Dominicum
2499 5126 2692 5195 egisse.
2728 5144 2757 5195 t
2777 5125 3018 5195 Alterum
3058 5125 3243 5179 eadem
3280 5124 3369 5195 [fa-

1810 5196 2013 5276 cilitate
2047 5196 2330 5276 probatur,
2351 5194 2555 5276 quippe
2570 5196 2688 5276 ipsa
2711 5194 2960 5276 clausula
2995 5208 3024 5248 a
3049 5204 3234 5276 sancto
3261 5194 3370 5276 Au-

1851 5264 2025 5319 ustiuo
2049 5262 2285 5319 indicata
2317 5262 2385 5318 ini
2405 5262 2689 5319 collatione
2708 5263 3141 5332 Carthaginiensi,
3173 5262 3370 5332 legitur

1835 5331 2087 5403 hodierno
2125 5334 2212 5403 die
2240 5334 2292 5387 in
2318 5334 2613 5403 appendice
2653 5348 2815 5403 quam
2851 5349 2881 5403 a
2906 5331 3200 5387 Donatistis
3215 5331 3373 5403 [adje-

1808 5412 1950 5457 ctam
1974 5402 2193 5472 coniicit
2216 5400 2544 5467 Ruinartus;
2584 5400 2726 5457 unde
2749 5401 3002 5472 coniicias
3024 5400 3371 5472 appendicem

1810 5472 1974 5553 illam,
2003 5467 2493 5553 quam‘integram;
2507 5472 2673 5553 edidit
2713 5467 2942 5553 ingenue
2961 5467 3372 5553 Balit'zius,jam

1808 5540 2136 5613 temporibus
2156 5540 2438 5613 Auguitini
2469 5541 2633 5597 fuisse
2675 5540 2995 5613 coniectam,
3034 5540 3262 5613 ideoque
3286 5552 3374 5611 ge-

1807 5607 2046 5682 nuinam.
2099 5607 2318 5682 Dativ'us
2357 5611 2536 5682 igitur
2579 5619 2633 5665 et
2689 5610 2819 5665 socii
2878 5611 3019 5665 inter
3066 5607 3372 5664 Don’atistas

1807 5680 1999 5735 debent
2027 5680 2324 5736 amandari.
2356 5680 2513 5735 BASN.

2866 5832 2943 5890 36
