  <div class='ocr_page' id='page_1' title='image "/cluster/home/n/w/nwhite01/storage/ocr_20150623/110/uva.x000827066/573.png"; bbox 0 0 3924 6354; ppageno 0'>
   <div class='ocr_carea' id='block_1_1' title="bbox 498 422 622 476">
    <p class='ocr_par' dir='ltr' id='par_1_1' title="bbox 498 422 622 476">
     <span class='ocr_line' id='line_1_1' title="bbox 498 422 622 476; baseline 0 0"><span class='ocrx_word' id='word_1_1' title='bbox 498 422 622 476; x_wconf 67' lang='grc' dir='ltr'><strong>ςγδι</strong></span> 
     </span>
    </p>
   </div>
   <div class='ocr_carea' id='block_1_2' title="bbox 1126 398 3069 475">
    <p class='ocr_par' dir='ltr' id='par_1_2' title="bbox 1126 398 3069 475">
     <span class='ocr_line' id='line_1_2' title="bbox 1126 398 3069 475; baseline 0.003 -6"><span class='ocrx_word' id='word_1_2' title='bbox 1126 417 1188 472; x_wconf 81' lang='grc' dir='ltr'><strong>Β.</strong></span> <span class='ocrx_word' id='word_1_3' title='bbox 1233 417 1481 472; x_wconf 70' lang='lat' dir='ltr'><strong>RABANI</strong></span> <span class='ocrx_word' id='word_1_4' title='bbox 1524 417 1739 473; x_wconf 74' lang='lat' dir='ltr'><strong>MAURI</strong></span> <span class='ocrx_word' id='word_1_5' title='bbox 1777 416 2090 472; x_wconf 76' lang='lat' dir='ltr'><strong>ARCIIIEP.</strong></span> <span class='ocrx_word' id='word_1_6' title='bbox 2132 415 2439 472; x_wconf 65' lang='lat' dir='ltr'><strong>MOGITNT.</strong></span> <span class='ocrx_word' id='word_1_7' title='bbox 2480 398 2762 475; x_wconf 72' lang='lat' dir='ltr'><strong>OPERUM</strong></span> <span class='ocrx_word' id='word_1_8' title='bbox 2794 419 2971 475; x_wconf 80' lang='lat' dir='ltr'><strong>PARS</strong></span> <span class='ocrx_word' id='word_1_9' title='bbox 3008 421 3069 475; x_wconf 89' lang='lat' dir='ltr'><strong>II.</strong></span> 
     </span>
    </p>
   </div>
   <div class='ocr_carea' id='block_1_3' title="bbox 3615 420 3739 476">
    <p class='ocr_par' dir='ltr' id='par_1_3' title="bbox 3615 420 3739 476">
     <span class='ocr_line' id='line_1_3' title="bbox 3615 420 3739 476; baseline -0.024 0"><span class='ocrx_word' id='word_1_10' title='bbox 3615 420 3739 476; x_wconf 68' lang='lat'><strong>“52</strong></span> 
     </span>
    </p>
   </div>
   <div class='ocr_carea' id='block_1_4' title="bbox 490 527 3732 601">
    <p class='ocr_par' dir='ltr' id='par_1_4' title="bbox 490 527 3732 601">
     <span class='ocr_line' id='line_1_4' title="bbox 490 527 3732 601; baseline -0.002 -8"><span class='ocrx_word' id='word_1_11' title='bbox 490 539 694 594; x_wconf 80' lang='lat' dir='ltr'><strong>infante</strong></span> <span class='ocrx_word' id='word_1_12' title='bbox 722 533 846 590; x_wconf 71' lang='lat' dir='ltr'><strong>Iesu</strong></span> <span class='ocrx_word' id='word_1_13' title='bbox 878 538 1259 601; x_wconf 64' lang='lat' dir='ltr'><strong>repraesentata</strong></span> <span class='ocrx_word' id='word_1_14' title='bbox 1311 539 1395 584; x_wconf 90' lang='lat' dir='ltr'><strong>est</strong></span> <span class='ocrx_word' id='word_1_15' title='bbox 1422 531 1475 584; x_wconf 93' lang='lat' dir='ltr'><strong>in</strong></span> <span class='ocrx_word' id='word_1_16' title='bbox 1504 528 1700 599; x_wconf 89' lang='lat' dir='ltr'><strong>templo</strong></span> <span class='ocrx_word' id='word_1_17' title='bbox 1749 528 1838 583; x_wconf 89' lang='lat' dir='ltr'><strong>ubi</strong></span> <span class='ocrx_word' id='word_1_18' title='bbox 1887 529 2057 598; x_wconf 86' lang='lat' dir='ltr'><strong>ipsum</strong></span> <span class='ocrx_word' id='word_1_19' title='bbox 2089 540 2133 597; x_wconf 78' lang='grc' dir='ltr'><strong>Α</strong></span> <span class='ocrx_word' id='word_1_20' title='bbox 2166 530 2270 594; x_wconf 90' lang='lat' dir='ltr'><strong>nii;</strong></span> <span class='ocrx_word' id='word_1_21' title='bbox 2296 538 2351 583; x_wconf 90' lang='lat' dir='ltr'><strong>et</strong></span> <span class='ocrx_word' id='word_1_22' title='bbox 2373 527 2660 584; x_wconf 84' lang='lat' dir='ltr'><strong>Sanetonis</strong></span> <span class='ocrx_word' id='word_1_23' title='bbox 2688 530 2910 586; x_wconf 88' lang='lat' dir='ltr'><strong>civitate</strong></span> <span class='ocrx_word' id='word_1_24' title='bbox 2948 531 3207 601; x_wconf 91' lang='lat' dir='ltr'><strong>depositio</strong></span> <span class='ocrx_word' id='word_1_25' title='bbox 3260 533 3439 588; x_wconf 90' lang='lat' dir='ltr'><strong>sancti</strong></span> <span class='ocrx_word' id='word_1_26' title='bbox 3494 532 3732 601; x_wconf 87' lang='lat' dir='ltr'><strong>Trojani,</strong></span> 
     </span>
    </p>
   </div>
   <div class='ocr_carea' id='block_1_5' title="bbox 492 622 2057 691">
    <p class='ocr_par' dir='ltr' id='par_1_5' title="bbox 492 622 2057 691">
     <span class='ocr_line' id='line_1_5' title="bbox 492 622 2057 691; baseline -0.006 -6"><span class='ocrx_word' id='word_1_27' title='bbox 492 630 772 685; x_wconf 88' lang='lat' dir='ltr'><strong>Dominum</strong></span> <span class='ocrx_word' id='word_1_28' title='bbox 796 623 976 680; x_wconf 80' lang='lat' dir='ltr'><strong>Jesum</strong></span> <span class='ocrx_word' id='word_1_29' title='bbox 1000 638 1162 678; x_wconf 78' lang='lat' dir='ltr'><strong>senex</strong></span> <span class='ocrx_word' id='word_1_30' title='bbox 1195 622 1415 678; x_wconf 89' lang='lat' dir='ltr'><strong>Simeon</strong></span> <span class='ocrx_word' id='word_1_31' title='bbox 1440 624 1493 677; x_wconf 93' lang='lat' dir='ltr'><strong>in</strong></span> <span class='ocrx_word' id='word_1_32' title='bbox 1519 623 1670 677; x_wconf 88' lang='lat' dir='ltr'><strong>ulnas</strong></span> <span class='ocrx_word' id='word_1_33' title='bbox 1688 638 1813 677; x_wconf 87' lang='lat' dir='ltr'><strong>snas</strong></span> <span class='ocrx_word' id='word_1_34' title='bbox 1830 623 2057 691; x_wconf 87' lang='lat' dir='ltr'><strong>accepit,</strong></span> 
     </span>
    </p>
   </div>
   <div class='ocr_carea' id='block_1_6' title="bbox 489 711 2059 780">
    <p class='ocr_par' dir='ltr' id='par_1_6' title="bbox 489 711 2059 780">
     <span class='ocr_line' id='line_1_6' title="bbox 489 711 2059 780; baseline -0.006 -6"><span class='ocrx_word' id='word_1_35' title='bbox 489 730 543 774; x_wconf 87' lang='lat' dir='ltr'><strong>ct</strong></span> <span class='ocrx_word' id='word_1_36' title='bbox 572 716 860 773; x_wconf 79' lang='lat' dir='ltr'><strong>benedixit.</strong></span> <span class='ocrx_word' id='word_1_37' title='bbox 929 712 1130 768; x_wconf 86' lang='lat' dir='ltr'><strong>Eodem</strong></span> <span class='ocrx_word' id='word_1_38' title='bbox 1174 712 1260 767; x_wconf 89' lang='lat' dir='ltr'><strong>die</strong></span> <span class='ocrx_word' id='word_1_39' title='bbox 1305 712 1481 767; x_wconf 92' lang='lat' dir='ltr'><strong>natale</strong></span> <span class='ocrx_word' id='word_1_40' title='bbox 1532 711 1701 766; x_wconf 78' lang='lat' dir='ltr'><strong>sancti</strong></span> <span class='ocrx_word' id='word_1_41' title='bbox 1766 711 2059 780; x_wconf 88' lang='lat' dir='ltr'><strong>Aproniani</strong></span> 
     </span>
    </p>
   </div>
   <div class='ocr_carea' id='block_1_7' title="bbox 489 798 2060 872">
    <p class='ocr_par' dir='ltr' id='par_1_7' title="bbox 489 798 2060 872">
     <span class='ocr_line' id='line_1_7' title="bbox 489 798 2060 872; baseline -0.006 -10"><span class='ocrx_word' id='word_1_42' title='bbox 489 802 1018 867; x_wconf 83' lang='lat' dir='ltr'><strong>Commentaricnsis,</strong></span> <span class='ocrx_word' id='word_1_43' title='bbox 1063 801 1158 872; x_wconf 89' lang='lat' dir='ltr'><strong>qui</strong></span> <span class='ocrx_word' id='word_1_44' title='bbox 1197 817 1227 855; x_wconf 88' lang='lat' dir='ltr'><strong>a</strong></span> <span class='ocrx_word' id='word_1_45' title='bbox 1269 800 1505 856; x_wconf 91' lang='lat' dir='ltr'><strong>Sisinnie</strong></span> <span class='ocrx_word' id='word_1_46' title='bbox 1555 800 1781 855; x_wconf 82' lang='lat' dir='ltr'><strong>diacono</strong></span> <span class='ocrx_word' id='word_1_47' title='bbox 1826 798 2060 853; x_wconf 84' lang='lat' dir='ltr'><strong>Marcelli</strong></span> 
     </span>
    </p>
   </div>
   <div class='ocr_carea' id='block_1_8' title="bbox 491 889 2062 968">
    <p class='ocr_par' dir='ltr' id='par_1_8' title="bbox 491 889 2062 968">
     <span class='ocr_line' id='line_1_8' title="bbox 491 889 2062 968; baseline -0.004 -16"><span class='ocrx_word' id='word_1_48' title='bbox 491 913 641 968; x_wconf 78' lang='lat' dir='ltr'><strong>papae</strong></span> <span class='ocrx_word' id='word_1_49' title='bbox 699 895 1048 966; x_wconf 84' lang='lat' dir='ltr'><strong>baptizatus,</strong></span> <span class='ocrx_word' id='word_1_50' title='bbox 1112 895 1180 947; x_wconf 89' lang='lat' dir='ltr'><strong>ab</strong></span> <span class='ocrx_word' id='word_1_51' title='bbox 1242 892 1494 947; x_wconf 89' lang='lat' dir='ltr'><strong>Laodicio</strong></span> <span class='ocrx_word' id='word_1_52' title='bbox 1563 889 1818 962; x_wconf 80' lang='lat' dir='ltr'><strong>praefecto</strong></span> <span class='ocrx_word' id='word_1_53' title='bbox 1886 890 2062 959; x_wconf 85' lang='lat' dir='ltr'><strong>capite</strong></span> 
     </span>
    </p>
   </div>
   <div class='ocr_carea' id='block_1_9' title="bbox 492 980 2054 1053">
    <p class='ocr_par' dir='ltr' id='par_1_9' title="bbox 492 980 2054 1053">
     <span class='ocr_line' id='line_1_9' title="bbox 492 980 2054 1053; baseline -0.004 -13"><span class='ocrx_word' id='word_1_54' title='bbox 492 996 773 1041; x_wconf 88' lang='lat' dir='ltr'><strong>truncatus</strong></span> <span class='ocrx_word' id='word_1_55' title='bbox 839 994 968 1049; x_wconf 88' lang='lat' dir='ltr'><strong>est,</strong></span> <span class='ocrx_word' id='word_1_56' title='bbox 1043 982 1373 1053; x_wconf 86' lang='lat' dir='ltr'><strong>temporibus</strong></span> <span class='ocrx_word' id='word_1_57' title='bbox 1443 980 1748 1035; x_wconf 76' lang='lat' dir='ltr'><strong>Maxhnimi</strong></span> <span class='ocrx_word' id='word_1_58' title='bbox 1809 981 2054 1050; x_wconf 76' lang='lat' dir='ltr'><strong>Augusti.</strong></span> 
     </span>
    </p>
   </div>
   <div class='ocr_carea' id='block_1_10' title="bbox 492 1070 2059 1145">
    <p class='ocr_par' dir='ltr' id='par_1_10' title="bbox 492 1070 2059 1145">
     <span class='ocr_line' id='line_1_10' title="bbox 492 1070 2059 1145; baseline -0.006 -12"><span class='ocrx_word' id='word_1_59' title='bbox 492 1079 674 1133; x_wconf 67' lang='lat' dir='ltr'><strong>Ilemze</strong></span> <span class='ocrx_word' id='word_1_60' title='bbox 705 1074 1110 1130; x_wconf 82' lang='lat' dir='ltr'><strong>Forosimfrenii</strong></span> <span class='ocrx_word' id='word_1_61' title='bbox 1152 1072 1315 1145; x_wconf 82' lang='lat' dir='ltr'><strong>[Foro</strong></span> <span class='ocrx_word' id='word_1_62' title='bbox 1358 1070 1704 1142; x_wconf 81' lang='lat' dir='ltr'><strong>Sempronii],</strong></span> <span class='ocrx_word' id='word_1_63' title='bbox 1743 1071 1827 1125; x_wconf 90' lang='lat' dir='ltr'><strong>via</strong></span> <span class='ocrx_word' id='word_1_64' title='bbox 1862 1071 2059 1124; x_wconf 79' lang='lat' dir='ltr'><strong>Flami-</strong></span> 
     </span>
    </p>
   </div>
   <div class='ocr_carea' id='block_1_11' title="bbox 491 1160 2061 1235">
    <p class='ocr_par' dir='ltr' id='par_1_11' title="bbox 491 1160 2061 1235">
     <span class='ocr_line' id='line_1_11' title="bbox 491 1160 2061 1235; baseline -0.007 -11"><span class='ocrx_word' id='word_1_65' title='bbox 491 1170 614 1235; x_wconf 90' lang='lat' dir='ltr'><strong>nia,</strong></span> <span class='ocrx_word' id='word_1_66' title='bbox 665 1167 915 1223; x_wconf 88' lang='lat' dir='ltr'><strong>milliarie</strong></span> <span class='ocrx_word' id='word_1_67' title='bbox 982 1166 1049 1219; x_wconf 89' lang='lat' dir='ltr'><strong>ab</strong></span> <span class='ocrx_word' id='word_1_68' title='bbox 1111 1164 1244 1217; x_wconf 87' lang='lat' dir='ltr'><strong>urbe</strong></span> <span class='ocrx_word' id='word_1_69' title='bbox 1302 1162 1596 1217; x_wconf 83' lang='lat' dir='ltr'><strong>centesimo</strong></span> <span class='ocrx_word' id='word_1_70' title='bbox 1663 1160 2061 1231; x_wconf 81' lang='lat' dir='ltr'><strong>septuagesimo</strong></span> 
     </span>
    </p>
   </div>
   <div class='ocr_carea' id='block_1_12' title="bbox 490 1250 2059 1331">
    <p class='ocr_par' dir='ltr' id='par_1_12' title="bbox 490 1250 2059 1331">
     <span class='ocr_line' id='line_1_12' title="bbox 490 1250 2059 1331; baseline -0.006 -17"><span class='ocrx_word' id='word_1_71' title='bbox 490 1270 706 1331; x_wconf 84' lang='lat' dir='ltr'><strong>quarto,</strong></span> <span class='ocrx_word' id='word_1_72' title='bbox 742 1257 1013 1312; x_wconf 84' lang='lat' dir='ltr'><strong>Laurentii</strong></span> <span class='ocrx_word' id='word_1_73' title='bbox 1052 1264 1107 1310; x_wconf 89' lang='lat' dir='ltr'><strong>et</strong></span> <span class='ocrx_word' id='word_1_74' title='bbox 1147 1253 1416 1324; x_wconf 86' lang='lat' dir='ltr'><strong>Ilippelyti</strong></span> <span class='ocrx_word' id='word_1_75' title='bbox 1445 1294 1457 1317; x_wconf 95' lang='lat'><strong>,</strong></span> <span class='ocrx_word' id='word_1_76' title='bbox 1505 1260 1560 1307; x_wconf 92' lang='lat' dir='ltr'><strong>ct</strong></span> <span class='ocrx_word' id='word_1_77' title='bbox 1602 1252 1854 1305; x_wconf 89' lang='lat' dir='ltr'><strong>nativitas</strong></span> <span class='ocrx_word' id='word_1_78' title='bbox 1888 1250 2059 1305; x_wconf 87' lang='lat' dir='ltr'><strong>sancti</strong></span> 
     </span>
    </p>
   </div>
   <div class='ocr_carea' id='block_1_13' title="bbox 492 1341 2062 1415">
    <p class='ocr_par' dir='ltr' id='par_1_13' title="bbox 492 1341 2062 1415">
     <span class='ocr_line' id='line_1_13' title="bbox 492 1341 2062 1415; baseline -0.007 -10"><span class='ocrx_word' id='word_1_79' title='bbox 492 1350 788 1405; x_wconf 85' lang='lat' dir='ltr'><strong>Fortunati.</strong></span> <span class='ocrx_word' id='word_1_80' title='bbox 812 1347 1114 1402; x_wconf 82' lang='lat' dir='ltr'><strong>Aurelianis</strong></span> <span class='ocrx_word' id='word_1_81' title='bbox 1137 1344 1398 1415; x_wconf 80' lang='lat' dir='ltr'><strong>depositio</strong></span> <span class='ocrx_word' id='word_1_82' title='bbox 1426 1341 1647 1401; x_wconf 66' lang='lat' dir='ltr'><strong>Sicariae</strong></span> <span class='ocrx_word' id='word_1_83' title='bbox 1680 1342 1788 1397; x_wconf 91' lang='lat' dir='ltr'><strong>Deo</strong></span> <span class='ocrx_word' id='word_1_84' title='bbox 1834 1349 2062 1395; x_wconf 84' lang='lat' dir='ltr'><strong>saeratae</strong></span> 
     </span>
    </p>
   </div>
   <div class='ocr_carea' id='block_1_14' title="bbox 492 1444 739 1513">
    <p class='ocr_par' dir='ltr' id='par_1_14' title="bbox 492 1444 739 1513">
     <span class='ocr_line' id='line_1_14' title="bbox 492 1444 739 1513; baseline -0.012 -17"><span class='ocrx_word' id='word_1_85' title='bbox 492 1444 739 1513; x_wconf 79' lang='lat' dir='ltr'><strong>virginis.</strong></span> 
     </span>
    </p>
   </div>
   <div class='ocr_carea' id='block_1_15' title="bbox 564 1521 2063 1600">
    <p class='ocr_par' dir='ltr' id='par_1_15' title="bbox 564 1521 2063 1600">
     <span class='ocr_line' id='line_1_15' title="bbox 564 1521 2063 1600; baseline -0.008 -14"><span class='ocrx_word' id='word_1_86' title='bbox 564 1533 625 1586; x_wconf 92' lang='lat' dir='ltr'><strong>lll</strong></span> <span class='ocrx_word' id='word_1_87' title='bbox 651 1532 782 1587; x_wconf 70' lang='lat' dir='ltr'><strong>Nox.</strong></span> <span class='ocrx_word' id='word_1_88' title='bbox 812 1528 1071 1600; x_wconf 85' lang='lat' dir='ltr'><strong>Lugdune</strong></span> <span class='ocrx_word' id='word_1_89' title='bbox 1105 1527 1366 1598; x_wconf 79' lang='lat' dir='ltr'><strong>depositio</strong></span> <span class='ocrx_word' id='word_1_90' title='bbox 1394 1524 1538 1581; x_wconf 83' lang='lat' dir='ltr'><strong>beati</strong></span> <span class='ocrx_word' id='word_1_91' title='bbox 1568 1523 1815 1592; x_wconf 89' lang='lat' dir='ltr'><strong>Lupicini</strong></span> <span class='ocrx_word' id='word_1_92' title='bbox 1850 1521 2063 1592; x_wconf 89' lang='lat' dir='ltr'><strong>episco-</strong></span> 
     </span>
    </p>
   </div>
   <div class='ocr_carea' id='block_1_16' title="bbox 494 1609 2062 1692">
    <p class='ocr_par' dir='ltr' id='par_1_16' title="bbox 494 1609 2062 1692">
     <span class='ocr_line' id='line_1_16' title="bbox 494 1609 2062 1692; baseline -0.009 -16"><span class='ocrx_word' id='word_1_93' title='bbox 494 1625 565 1692; x_wconf 90' lang='lat' dir='ltr'><strong>pi.</strong></span> <span class='ocrx_word' id='word_1_94' title='bbox 599 1622 655 1675; x_wconf 90' lang='lat' dir='ltr'><strong>In</strong></span> <span class='ocrx_word' id='word_1_95' title='bbox 705 1619 949 1675; x_wconf 85' lang='lat' dir='ltr'><strong>Sehastia</strong></span> <span class='ocrx_word' id='word_1_96' title='bbox 998 1616 1238 1673; x_wconf 84' lang='lat' dir='ltr'><strong>civitate</strong></span> <span class='ocrx_word' id='word_1_97' title='bbox 1267 1613 1616 1685; x_wconf 63' lang='lat' dir='ltr'><strong>Cappadociae</strong></span> <span class='ocrx_word' id='word_1_98' title='bbox 1654 1610 1833 1682; x_wconf 90' lang='lat' dir='ltr'><strong>passio</strong></span> <span class='ocrx_word' id='word_1_99' title='bbox 1890 1609 2062 1664; x_wconf 86' lang='lat' dir='ltr'><strong>sancti</strong></span> 
     </span>
    </p>
   </div>
   <div class='ocr_carea' id='block_1_17' title="bbox 494 1698 2063 1782">
    <p class='ocr_par' dir='ltr' id='par_1_17' title="bbox 494 1698 2063 1782">
     <span class='ocr_line' id='line_1_17' title="bbox 494 1698 2063 1782; baseline -0.01 -16"><span class='ocrx_word' id='word_1_100' title='bbox 494 1712 749 1782; x_wconf 76' lang='lat' dir='ltr'><strong>martyris</strong></span> <span class='ocrx_word' id='word_1_101' title='bbox 779 1709 980 1765; x_wconf 90' lang='lat' dir='ltr'><strong>Christi</strong></span> <span class='ocrx_word' id='word_1_102' title='bbox 1024 1706 1187 1761; x_wconf 88' lang='lat' dir='ltr'><strong>Blasii</strong></span> <span class='ocrx_word' id='word_1_103' title='bbox 1226 1704 1483 1776; x_wconf 90' lang='lat' dir='ltr'><strong>episcopi,</strong></span> <span class='ocrx_word' id='word_1_104' title='bbox 1532 1702 1622 1772; x_wconf 89' lang='lat' dir='ltr'><strong>qui</strong></span> <span class='ocrx_word' id='word_1_105' title='bbox 1652 1702 1751 1757; x_wconf 92' lang='lat' dir='ltr'><strong>sub</strong></span> <span class='ocrx_word' id='word_1_106' title='bbox 1776 1698 2063 1770; x_wconf 84' lang='lat' dir='ltr'><strong>Agricolae</strong></span> 
     </span>
    </p>
   </div>
   <div class='ocr_carea' id='block_1_18' title="bbox 492 1789 2064 1873">
    <p class='ocr_par' dir='ltr' id='par_1_18' title="bbox 492 1789 2064 1873">
     <span class='ocr_line' id='line_1_18' title="bbox 492 1789 2064 1873; baseline -0.008 -16"><span class='ocrx_word' id='word_1_107' title='bbox 492 1802 717 1873; x_wconf 81' lang='lat' dir='ltr'><strong>praeside</strong></span> <span class='ocrx_word' id='word_1_108' title='bbox 769 1800 945 1869; x_wconf 84' lang='lat' dir='ltr'><strong>capite</strong></span> <span class='ocrx_word' id='word_1_109' title='bbox 998 1804 1315 1862; x_wconf 88' lang='lat' dir='ltr'><strong>truncatus,</strong></span> <span class='ocrx_word' id='word_1_110' title='bbox 1370 1809 1494 1850; x_wconf 90' lang='lat' dir='ltr'><strong>cum</strong></span> <span class='ocrx_word' id='word_1_111' title='bbox 1551 1793 1758 1849; x_wconf 90' lang='lat' dir='ltr'><strong>duobus</strong></span> <span class='ocrx_word' id='word_1_112' title='bbox 1822 1789 2064 1861; x_wconf 88' lang='lat' dir='ltr'><strong>puerulis</strong></span> 
     </span>
    </p>
   </div>
   <div class='ocr_carea' id='block_1_19' title="bbox 2163 620 3734 692">
    <p class='ocr_par' dir='ltr' id='par_1_19' title="bbox 2163 620 3734 692">
     <span class='ocr_line' id='line_1_19' title="bbox 2163 620 3734 692; baseline 0.004 -21"><span class='ocrx_word' id='word_1_113' title='bbox 2163 620 2394 688; x_wconf 75' lang='lat' dir='ltr'><strong>episcopi</strong></span> <span class='ocrx_word' id='word_1_114' title='bbox 2410 620 2820 685; x_wconf 86' lang='lat' dir='ltr'><strong>cteonfesseris,</strong></span> <span class='ocrx_word' id='word_1_115' title='bbox 2839 632 2893 676; x_wconf 90' lang='lat' dir='ltr'><strong>ct</strong></span> <span class='ocrx_word' id='word_1_116' title='bbox 2912 621 3268 692; x_wconf 82' lang='lat' dir='ltr'><strong>Baldegnndis</strong></span> <span class='ocrx_word' id='word_1_117' title='bbox 3282 624 3517 677; x_wconf 65' lang='lat' dir='ltr'><strong>abbatis.</strong></span> <span class='ocrx_word' id='word_1_118' title='bbox 3535 624 3734 691; x_wconf 72' lang='grc' dir='ltr'><strong>Βοιιιςυ,</strong></span> 
     </span>
    </p>
   </div>
   <div class='ocr_carea' id='block_1_20' title="bbox 2163 710 3737 786">
    <p class='ocr_par' dir='ltr' id='par_1_20' title="bbox 2163 710 3737 786">
     <span class='ocr_line' id='line_1_20' title="bbox 2163 710 3737 786; baseline 0.003 -24"><span class='ocrx_word' id='word_1_119' title='bbox 2163 710 2356 775; x_wconf 83' lang='lat' dir='ltr'><strong>Zetici,</strong></span> <span class='ocrx_word' id='word_1_120' title='bbox 2413 710 2640 765; x_wconf 85' lang='lat' dir='ltr'><strong>llcrenei</strong></span> <span class='ocrx_word' id='word_1_121' title='bbox 2700 710 2958 784; x_wconf 68' lang='lat' dir='ltr'><strong>[Irenazi],</strong></span> <span class='ocrx_word' id='word_1_122' title='bbox 3000 711 3232 767; x_wconf 83' lang='lat' dir='ltr'><strong>Jaeinthi</strong></span> <span class='ocrx_word' id='word_1_123' title='bbox 3285 714 3645 786; x_wconf 80' lang='lat' dir='ltr'><strong>[Hyacinthi],</strong></span> <span class='ocrx_word' id='word_1_124' title='bbox 3688 725 3737 768; x_wconf 90' lang='lat' dir='ltr'><strong>et</strong></span> 
     </span>
    </p>
   </div>
   <div class='ocr_carea' id='block_1_21' title="bbox 2160 800 3736 873">
    <p class='ocr_par' dir='ltr' id='par_1_21' title="bbox 2160 800 3736 873">
     <span class='ocr_line' id='line_1_21' title="bbox 2160 800 3736 873; baseline 0.003 -20"><span class='ocrx_word' id='word_1_125' title='bbox 2160 800 2417 854; x_wconf 89' lang='lat' dir='ltr'><strong>Amantii.</strong></span> <span class='ocrx_word' id='word_1_126' title='bbox 2468 800 2669 855; x_wconf 84' lang='lat' dir='ltr'><strong>Eodem</strong></span> <span class='ocrx_word' id='word_1_127' title='bbox 2715 803 2801 856; x_wconf 86' lang='lat' dir='ltr'><strong>die</strong></span> <span class='ocrx_word' id='word_1_128' title='bbox 2844 804 3104 873; x_wconf 83' lang='lat' dir='ltr'><strong>depositio</strong></span> <span class='ocrx_word' id='word_1_129' title='bbox 3145 814 3343 859; x_wconf 66' lang='lat' dir='ltr'><strong>sancte</strong></span> <span class='ocrx_word' id='word_1_130' title='bbox 3386 803 3736 858; x_wconf 75' lang='lat' dir='ltr'><strong>Scholastic-e</strong></span> 
     </span>
    </p>
   </div>
   <div class='ocr_carea' id='block_1_22' title="bbox 2161 891 3739 963">
    <p class='ocr_par' dir='ltr' id='par_1_22' title="bbox 2161 891 3739 963">
     <span class='ocr_line' id='line_1_22' title="bbox 2161 891 3739 963; baseline 0.002 -19"><span class='ocrx_word' id='word_1_131' title='bbox 2161 891 2386 961; x_wconf 83' lang='lat' dir='ltr'><strong>virginis</strong></span> <span class='ocrx_word' id='word_1_132' title='bbox 2416 900 2469 945; x_wconf 92' lang='lat' dir='ltr'><strong>ct</strong></span> <span class='ocrx_word' id='word_1_133' title='bbox 2501 892 2925 947; x_wconf 85' lang='lat' dir='ltr'><strong>sanctimonialis</strong></span> <span class='ocrx_word' id='word_1_134' title='bbox 2947 894 3172 957; x_wconf 61' lang='lat' dir='ltr'><strong>feminae,</strong></span> <span class='ocrx_word' id='word_1_135' title='bbox 3204 895 3356 963; x_wconf 88' lang='lat' dir='ltr'><strong>cujus</strong></span> <span class='ocrx_word' id='word_1_136' title='bbox 3379 894 3619 947; x_wconf 85' lang='lat' dir='ltr'><strong>animam</strong></span> <span class='ocrx_word' id='word_1_137' title='bbox 3638 893 3739 947; x_wconf 80' lang='lat' dir='ltr'><strong>Ira-</strong></span> 
     </span>
    </p>
   </div>
   <div class='ocr_carea' id='block_1_23' title="bbox 2166 979 3737 1052">
    <p class='ocr_par' dir='ltr' id='par_1_23' title="bbox 2166 979 3737 1052">
     <span class='ocr_line' id='line_1_23' title="bbox 2166 979 3737 1052; baseline 0.004 -21"><span class='ocrx_word' id='word_1_138' title='bbox 2166 988 2246 1033; x_wconf 91' lang='lat' dir='ltr'><strong>ter</strong></span> <span class='ocrx_word' id='word_1_139' title='bbox 2281 979 2397 1048; x_wconf 84' lang='lat' dir='ltr'><strong>ejus</strong></span> <span class='ocrx_word' id='word_1_140' title='bbox 2453 990 2675 1036; x_wconf 89' lang='lat' dir='ltr'><strong>sanctus</strong></span> <span class='ocrx_word' id='word_1_141' title='bbox 2700 981 3018 1035; x_wconf 84' lang='lat' dir='ltr'><strong>Benedictus</strong></span> <span class='ocrx_word' id='word_1_142' title='bbox 3037 982 3170 1034; x_wconf 88' lang='lat' dir='ltr'><strong>vidit</strong></span> <span class='ocrx_word' id='word_1_143' title='bbox 3189 983 3241 1035; x_wconf 92' lang='lat' dir='ltr'><strong>in</strong></span> <span class='ocrx_word' id='word_1_144' title='bbox 3272 982 3535 1037; x_wconf 74' lang='lat' dir='ltr'><strong>Celtillle</strong></span> <span class='ocrx_word' id='word_1_145' title='bbox 3561 983 3737 1052; x_wconf 85' lang='lat' dir='ltr'><strong>specie</strong></span> 
     </span>
    </p>
   </div>
   <div class='ocr_carea' id='block_1_24' title="bbox 2162 1068 3738 1141">
    <p class='ocr_par' dir='ltr' id='par_1_24' title="bbox 2162 1068 3738 1141">
     <span class='ocr_line' id='line_1_24' title="bbox 2162 1068 3738 1141; baseline 0.002 -19"><span class='ocrx_word' id='word_1_146' title='bbox 2162 1069 2330 1123; x_wconf 66' lang='lat' dir='ltr'><strong>caelos</strong></span> <span class='ocrx_word' id='word_1_147' title='bbox 2370 1079 2575 1139; x_wconf 83' lang='lat' dir='ltr'><strong>petere,</strong></span> <span class='ocrx_word' id='word_1_148' title='bbox 2615 1070 2757 1137; x_wconf 82' lang='lat' dir='ltr'><strong>quod</strong></span> <span class='ocrx_word' id='word_1_149' title='bbox 2800 1068 3059 1123; x_wconf 88' lang='lat' dir='ltr'><strong>fratribus</strong></span> <span class='ocrx_word' id='word_1_150' title='bbox 3099 1072 3485 1125; x_wconf 88' lang='lat' dir='ltr'><strong>matutinorum</strong></span> <span class='ocrx_word' id='word_1_151' title='bbox 3526 1072 3738 1141; x_wconf 77' lang='lat' dir='ltr'><strong>hymnis</strong></span> 
     </span>
    </p>
   </div>
   <div class='ocr_carea' id='block_1_25' title="bbox 2162 1158 3547 1229">
    <p class='ocr_par' dir='ltr' id='par_1_25' title="bbox 2162 1158 3547 1229">
     <span class='ocr_line' id='line_1_25' title="bbox 2162 1158 3547 1229; baseline 0.001 -17"><span class='ocrx_word' id='word_1_152' title='bbox 2162 1158 2390 1228; x_wconf 80' lang='lat' dir='ltr'><strong>expletis</strong></span> <span class='ocrx_word' id='word_1_153' title='bbox 2425 1160 2713 1225; x_wconf 88' lang='lat' dir='ltr'><strong>intimavit,</strong></span> <span class='ocrx_word' id='word_1_154' title='bbox 2747 1168 2801 1215; x_wconf 88' lang='lat' dir='ltr'><strong>et</strong></span> <span class='ocrx_word' id='word_1_155' title='bbox 2830 1159 2939 1213; x_wconf 91' lang='lat' dir='ltr'><strong>Deo</strong></span> <span class='ocrx_word' id='word_1_156' title='bbox 2970 1160 3174 1229; x_wconf 80' lang='lat' dir='ltr'><strong>gratias</strong></span> <span class='ocrx_word' id='word_1_157' title='bbox 3196 1160 3316 1213; x_wconf 77' lang='lat' dir='ltr'><strong>inde</strong></span> <span class='ocrx_word' id='word_1_158' title='bbox 3342 1161 3547 1215; x_wconf 85' lang='lat' dir='ltr'><strong>retulit.</strong></span> 
     </span>
    </p>
   </div>
   <div class='ocr_carea' id='block_1_26' title="bbox 2231 1249 3629 1322">
    <p class='ocr_par' dir='ltr' id='par_1_26' title="bbox 2231 1249 3629 1322">
     <span class='ocr_line' id='line_1_26' title="bbox 2231 1249 3629 1322; baseline -0.001 -17"><span class='ocrx_word' id='word_1_159' title='bbox 2231 1249 2297 1305; x_wconf 91' lang='lat' dir='ltr'><strong>III</strong></span> <span class='ocrx_word' id='word_1_160' title='bbox 2321 1250 2397 1305; x_wconf 82' lang='lat' dir='ltr'><strong>In.</strong></span> <span class='ocrx_word' id='word_1_161' title='bbox 2425 1252 2608 1305; x_wconf 68' lang='lat' dir='ltr'><strong>llomze</strong></span> <span class='ocrx_word' id='word_1_162' title='bbox 2630 1251 2888 1306; x_wconf 88' lang='lat' dir='ltr'><strong>Calecerii</strong></span> <span class='ocrx_word' id='word_1_163' title='bbox 2924 1249 3211 1322; x_wconf 88' lang='lat' dir='ltr'><strong>[Caleccri]</strong></span> <span class='ocrx_word' id='word_1_164' title='bbox 3245 1258 3299 1305; x_wconf 93' lang='lat' dir='ltr'><strong>et</strong></span> <span class='ocrx_word' id='word_1_165' title='bbox 3327 1249 3629 1306; x_wconf 82' lang='lat' dir='ltr'><strong>Parthenii.</strong></span> 
     </span>
    </p>
   </div>
   <div class='ocr_carea' id='block_1_27' title="bbox 2230 1340 3731 1409">
    <p class='ocr_par' dir='ltr' id='par_1_27' title="bbox 2230 1340 3731 1409">
     <span class='ocr_line' id='line_1_27' title="bbox 2230 1340 3731 1409; baseline 0.001 -15"><span class='ocrx_word' id='word_1_166' title='bbox 2230 1340 2272 1394; x_wconf 91' lang='lat' dir='ltr'><strong>ll</strong></span> <span class='ocrx_word' id='word_1_167' title='bbox 2304 1340 2377 1395; x_wconf 84' lang='lat' dir='ltr'><strong>In.</strong></span> <span class='ocrx_word' id='word_1_168' title='bbox 2413 1340 2537 1395; x_wconf 70' lang='lat' dir='ltr'><strong>Fce.</strong></span> <span class='ocrx_word' id='word_1_169' title='bbox 2568 1340 2624 1395; x_wconf 92' lang='lat' dir='ltr'><strong>In</strong></span> <span class='ocrx_word' id='word_1_170' title='bbox 2677 1340 2857 1395; x_wconf 81' lang='lat' dir='ltr'><strong>Africa</strong></span> <span class='ocrx_word' id='word_1_171' title='bbox 2900 1341 3079 1409; x_wconf 82' lang='lat' dir='ltr'><strong>passio</strong></span> <span class='ocrx_word' id='word_1_172' title='bbox 3122 1340 3367 1394; x_wconf 88' lang='lat' dir='ltr'><strong>Damiani</strong></span> <span class='ocrx_word' id='word_1_173' title='bbox 3395 1340 3607 1406; x_wconf 88' lang='lat' dir='ltr'><strong>militis,</strong></span> <span class='ocrx_word' id='word_1_174' title='bbox 3649 1341 3731 1395; x_wconf 87' lang='lat' dir='ltr'><strong>in-</strong></span> 
     </span>
    </p>
   </div>
   <div class='ocr_carea' id='block_1_28' title="bbox 2163 1429 3734 1501">
    <p class='ocr_par' dir='ltr' id='par_1_28' title="bbox 2163 1429 3734 1501">
     <span class='ocr_line' id='line_1_28' title="bbox 2163 1429 3734 1501; baseline 0.001 -17"><span class='ocrx_word' id='word_1_175' title='bbox 2163 1431 2371 1485; x_wconf 87' lang='lat' dir='ltr'><strong>fantum</strong></span> <span class='ocrx_word' id='word_1_176' title='bbox 2424 1431 2649 1485; x_wconf 81' lang='lat' dir='ltr'><strong>Modesti</strong></span> <span class='ocrx_word' id='word_1_177' title='bbox 2704 1439 2758 1485; x_wconf 89' lang='lat' dir='ltr'><strong>et</strong></span> <span class='ocrx_word' id='word_1_178' title='bbox 2806 1431 3083 1485; x_wconf 78' lang='lat' dir='ltr'><strong>Ammonis</strong></span> <span class='ocrx_word' id='word_1_179' title='bbox 3139 1429 3504 1501; x_wconf 86' lang='lat' dir='ltr'><strong>[Ammonii],</strong></span> <span class='ocrx_word' id='word_1_180' title='bbox 3569 1430 3734 1486; x_wconf 88' lang='lat' dir='ltr'><strong>Setici</strong></span> 
     </span>
    </p>
   </div>
   <div class='ocr_carea' id='block_1_29' title="bbox 2165 1521 3736 1595">
    <p class='ocr_par' dir='ltr' id='par_1_29' title="bbox 2165 1521 3736 1595">
     <span class='ocr_line' id='line_1_29' title="bbox 2165 1521 3736 1595; baseline 0.002 -19"><span class='ocrx_word' id='word_1_181' title='bbox 2165 1522 2404 1595; x_wconf 88' lang='lat' dir='ltr'><strong>[Zetiei],</strong></span> <span class='ocrx_word' id='word_1_182' title='bbox 2458 1532 2513 1577; x_wconf 89' lang='lat' dir='ltr'><strong>et</strong></span> <span class='ocrx_word' id='word_1_183' title='bbox 2539 1523 2799 1593; x_wconf 90' lang='lat' dir='ltr'><strong>depositio</strong></span> <span class='ocrx_word' id='word_1_184' title='bbox 2839 1521 3123 1593; x_wconf 89' lang='lat' dir='ltr'><strong>Simplicii,</strong></span> <span class='ocrx_word' id='word_1_185' title='bbox 3160 1523 3398 1594; x_wconf 86' lang='lat' dir='ltr'><strong>episcopi</strong></span> <span class='ocrx_word' id='word_1_186' title='bbox 3428 1533 3483 1579; x_wconf 88' lang='lat' dir='ltr'><strong>et</strong></span> <span class='ocrx_word' id='word_1_187' title='bbox 3527 1523 3736 1579; x_wconf 84' lang='lat' dir='ltr'><strong>confes-</strong></span> 
     </span>
    </p>
   </div>
   <div class='ocr_carea' id='block_1_30' title="bbox 2162 1613 2321 1668">
    <p class='ocr_par' dir='ltr' id='par_1_30' title="bbox 2162 1613 2321 1668">
     <span class='ocr_line' id='line_1_30' title="bbox 2162 1613 2321 1668; baseline -0.013 0"><span class='ocrx_word' id='word_1_188' title='bbox 2162 1613 2321 1668; x_wconf 89' lang='lat' dir='ltr'><strong>seris.</strong></span> 
     </span>
    </p>
   </div>
   <div class='ocr_carea' id='block_1_31' title="bbox 2235 1699 3722 1773">
    <p class='ocr_par' dir='ltr' id='par_1_31' title="bbox 2235 1699 3722 1773">
     <span class='ocr_line' id='line_1_31' title="bbox 2235 1699 3722 1773; baseline -0.001 -17"><span class='ocrx_word' id='word_1_189' title='bbox 2235 1702 2408 1756; x_wconf 80' lang='lat' dir='ltr'><strong>Iolaus</strong></span> <span class='ocrx_word' id='word_1_190' title='bbox 2433 1701 2748 1757; x_wconf 68' lang='lat' dir='ltr'><strong>Fcanuann.</strong></span> <span class='ocrx_word' id='word_1_191' title='bbox 2781 1701 3041 1773; x_wconf 83' lang='lat' dir='ltr'><strong>Lugdune</strong></span> <span class='ocrx_word' id='word_1_192' title='bbox 3058 1700 3320 1773; x_wconf 86' lang='lat' dir='ltr'><strong>depositio</strong></span> <span class='ocrx_word' id='word_1_193' title='bbox 3344 1700 3487 1757; x_wconf 83' lang='lat' dir='ltr'><strong>beati</strong></span> <span class='ocrx_word' id='word_1_194' title='bbox 3515 1699 3722 1771; x_wconf 85' lang='lat' dir='ltr'><strong>Stepha-</strong></span> 
     </span>
    </p>
   </div>
   <div class='ocr_carea' id='block_1_32' title="bbox 2168 1807 2501 1862">
    <p class='ocr_par' dir='ltr' id='par_1_32' title="bbox 2168 1807 2501 1862">
     <span class='ocr_line' id='line_1_32' title="bbox 2168 1807 2501 1862; baseline -0.003 -15"><span class='ocrx_word' id='word_1_195' title='bbox 2168 1810 2218 1847; x_wconf 82' lang='lat' dir='ltr'><strong>nt</strong></span> <span class='ocrx_word' id='word_1_196' title='bbox 2242 1807 2501 1862; x_wconf 77' lang='lat' dir='ltr'><strong>episcopi.</strong></span> 
     </span>
    </p>
   </div>
   <div class='ocr_carea' id='block_1_33' title="bbox 493 1873 3729 1955">
    <p class='ocr_par' dir='ltr' id='par_1_33' title="bbox 493 1873 3729 1955">
     <span class='ocr_line' id='line_1_33' title="bbox 493 1873 3729 1955; baseline -0.002 -8"><span class='ocrx_word' id='word_1_197' title='bbox 493 1894 619 1947; x_wconf 77' lang='lat' dir='ltr'><strong>filiis</strong></span> <span class='ocrx_word' id='word_1_198' title='bbox 646 1891 801 1945; x_wconf 90' lang='lat' dir='ltr'><strong>unius</strong></span> <span class='ocrx_word' id='word_1_199' title='bbox 831 1889 1091 1953; x_wconf 87' lang='lat' dir='ltr'><strong>mulieris,</strong></span> <span class='ocrx_word' id='word_1_200' title='bbox 1120 1887 1186 1943; x_wconf 91' lang='lat' dir='ltr'><strong>de</strong></span> <span class='ocrx_word' id='word_1_201' title='bbox 1222 1887 1324 1942; x_wconf 90' lang='lat' dir='ltr'><strong>illis</strong></span> <span class='ocrx_word' id='word_1_202' title='bbox 1369 1893 1596 1955; x_wconf 86' lang='lat' dir='ltr'><strong>septem,</strong></span> <span class='ocrx_word' id='word_1_203' title='bbox 1643 1899 1763 1954; x_wconf 87' lang='lat' dir='ltr'><strong>quae</strong></span> <span class='ocrx_word' id='word_1_204' title='bbox 1805 1899 1901 1953; x_wconf 88' lang='lat' dir='ltr'><strong>per</strong></span> <span class='ocrx_word' id='word_1_205' title='bbox 1928 1898 2061 1953; x_wconf 69' lang='lat' dir='ltr'><strong>prte-</strong></span> <span class='ocrx_word' id='word_1_206' title='bbox 2092 1873 2135 1933; x_wconf 81' lang='grc' dir='ltr'><strong>Β</strong></span> <span class='ocrx_word' id='word_1_207' title='bbox 2237 1882 2350 1938; x_wconf 76' lang='lat' dir='ltr'><strong>XVI</strong></span> <span class='ocrx_word' id='word_1_208' title='bbox 2380 1883 2511 1939; x_wconf 58' lang='grc' dir='ltr'><strong>Κλι..</strong></span> <span class='ocrx_word' id='word_1_209' title='bbox 2544 1884 2721 1939; x_wconf 61' lang='lat' dir='ltr'><strong>Man-r.</strong></span> <span class='ocrx_word' id='word_1_210' title='bbox 2754 1884 2937 1940; x_wconf 71' lang='lat' dir='ltr'><strong>Roma:</strong></span> <span class='ocrx_word' id='word_1_211' title='bbox 2960 1884 3232 1941; x_wconf 84' lang='lat' dir='ltr'><strong>nativitas</strong></span> <span class='ocrx_word' id='word_1_212' title='bbox 3268 1885 3443 1941; x_wconf 85' lang='lat' dir='ltr'><strong>sancti</strong></span> <span class='ocrx_word' id='word_1_213' title='bbox 3464 1883 3729 1940; x_wconf 79' lang='lat' dir='ltr'><strong>Valentini</strong></span> 
     </span>
    </p>
   </div>
   <div class='ocr_carea' id='block_1_34' title="bbox 487 1975 2056 2048">
    <p class='ocr_par' dir='ltr' id='par_1_34' title="bbox 487 1975 2056 2048">
     <span class='ocr_line' id='line_1_34' title="bbox 487 1975 2056 2048; baseline -0.006 -11"><span class='ocrx_word' id='word_1_214' title='bbox 487 1983 812 2038; x_wconf 84' lang='lat' dir='ltr'><strong>dicationcm</strong></span> <span class='ocrx_word' id='word_1_215' title='bbox 826 1977 940 2048; x_wconf 82' lang='lat' dir='ltr'><strong>ejus</strong></span> <span class='ocrx_word' id='word_1_216' title='bbox 959 1977 1293 2043; x_wconf 71' lang='lat' dir='ltr'><strong>confortatte,</strong></span> <span class='ocrx_word' id='word_1_217' title='bbox 1323 1977 1424 2032; x_wconf 90' lang='lat' dir='ltr'><strong>sub</strong></span> <span class='ocrx_word' id='word_1_218' title='bbox 1448 1976 1636 2031; x_wconf 90' lang='lat' dir='ltr'><strong>eodem</strong></span> <span class='ocrx_word' id='word_1_219' title='bbox 1665 1975 1891 2045; x_wconf 74' lang='lat' dir='ltr'><strong>praeside</strong></span> <span class='ocrx_word' id='word_1_220' title='bbox 1917 1988 2056 2028; x_wconf 83' lang='lat' dir='ltr'><strong>mar-</strong></span> 
     </span>
    </p>
   </div>
   <div class='ocr_carea' id='block_1_35' title="bbox 494 2075 883 2147">
    <p class='ocr_par' dir='ltr' id='par_1_35' title="bbox 494 2075 883 2147">
     <span class='ocr_line' id='line_1_35' title="bbox 494 2075 883 2147; baseline -0.01 -19"><span class='ocrx_word' id='word_1_221' title='bbox 494 2075 883 2147; x_wconf 72' lang='lat' dir='ltr'><strong>tyrizaverunt.</strong></span> 
     </span>
    </p>
   </div>
   <div class='ocr_carea' id='block_1_36' title="bbox 559 2153 2062 2218">
    <p class='ocr_par' dir='ltr' id='par_1_36' title="bbox 559 2153 2062 2218">
     <span class='ocr_line' id='line_1_36' title="bbox 559 2153 2062 2218; baseline -0.006 0"><span class='ocrx_word' id='word_1_222' title='bbox 559 2164 602 2218; x_wconf 91' lang='lat' dir='ltr'><strong>Il</strong></span> <span class='ocrx_word' id='word_1_223' title='bbox 631 2164 763 2218; x_wconf 63' lang='lat' dir='ltr'><strong>Non.</strong></span> <span class='ocrx_word' id='word_1_224' title='bbox 797 2162 852 2216; x_wconf 90' lang='lat' dir='ltr'><strong>In</strong></span> <span class='ocrx_word' id='word_1_225' title='bbox 896 2161 1035 2216; x_wconf 85' lang='lat' dir='ltr'><strong>Fore</strong></span> <span class='ocrx_word' id='word_1_226' title='bbox 1076 2157 1354 2215; x_wconf 88' lang='lat' dir='ltr'><strong>Simfrenii</strong></span> <span class='ocrx_word' id='word_1_227' title='bbox 1393 2156 1647 2212; x_wconf 87' lang='lat' dir='ltr'><strong>nativitas</strong></span> <span class='ocrx_word' id='word_1_228' title='bbox 1696 2153 1926 2218; x_wconf 84' lang='lat' dir='ltr'><strong>Gemini,</strong></span> <span class='ocrx_word' id='word_1_229' title='bbox 1958 2154 2062 2210; x_wconf 87' lang='lat' dir='ltr'><strong>Ge-</strong></span> 
     </span>
    </p>
   </div>
   <div class='ocr_carea' id='block_1_37' title="bbox 492 2244 2059 2322">
    <p class='ocr_par' dir='ltr' id='par_1_37' title="bbox 492 2244 2059 2322">
     <span class='ocr_line' id='line_1_37' title="bbox 492 2244 2059 2322; baseline -0.004 -17"><span class='ocrx_word' id='word_1_230' title='bbox 492 2253 633 2319; x_wconf 88' lang='lat' dir='ltr'><strong>lasii,</strong></span> <span class='ocrx_word' id='word_1_231' title='bbox 664 2252 783 2305; x_wconf 83' lang='lat' dir='ltr'><strong>Mali</strong></span> <span class='ocrx_word' id='word_1_232' title='bbox 809 2248 1305 2322; x_wconf 76' lang='lat' dir='ltr'><strong>[Magni],Aquilini</strong></span> <span class='ocrx_word' id='word_1_233' title='bbox 1326 2245 1571 2319; x_wconf 83' lang='lat' dir='ltr'><strong>[Aquili],</strong></span> <span class='ocrx_word' id='word_1_234' title='bbox 1602 2254 1657 2301; x_wconf 90' lang='lat' dir='ltr'><strong>et</strong></span> <span class='ocrx_word' id='word_1_235' title='bbox 1686 2245 1898 2302; x_wconf 88' lang='lat' dir='ltr'><strong>Donati.</strong></span> <span class='ocrx_word' id='word_1_236' title='bbox 1924 2244 2059 2300; x_wconf 91' lang='lat' dir='ltr'><strong>Item</strong></span> 
     </span>
    </p>
   </div>
   <div class='ocr_carea' id='block_1_38' title="bbox 492 2338 1245 2408">
    <p class='ocr_par' dir='ltr' id='par_1_38' title="bbox 492 2338 1245 2408">
     <span class='ocr_line' id='line_1_38' title="bbox 492 2338 1245 2408; baseline -0.008 -11"><span class='ocrx_word' id='word_1_237' title='bbox 492 2342 707 2408; x_wconf 84' lang='lat' dir='ltr'><strong>Donati,</strong></span> <span class='ocrx_word' id='word_1_238' title='bbox 737 2340 1004 2405; x_wconf 90' lang='lat' dir='ltr'><strong>&#39;I‘hcmeii,</strong></span> <span class='ocrx_word' id='word_1_239' title='bbox 1025 2338 1245 2395; x_wconf 87' lang='lat' dir='ltr'><strong>Gelasii.</strong></span> 
     </span>
    </p>
   </div>
   <div class='ocr_carea' id='block_1_39' title="bbox 562 2425 2061 2496">
    <p class='ocr_par' dir='ltr' id='par_1_39' title="bbox 562 2425 2061 2496">
     <span class='ocr_line' id='line_1_39' title="bbox 562 2425 2061 2496; baseline -0.006 -7"><span class='ocrx_word' id='word_1_240' title='bbox 562 2434 727 2491; x_wconf 69' lang='lat' dir='ltr'><strong>Neres</strong></span> <span class='ocrx_word' id='word_1_241' title='bbox 755 2432 1070 2488; x_wconf 73' lang='lat' dir='ltr'><strong>FEBRUARH.</strong></span> <span class='ocrx_word' id='word_1_242' title='bbox 1103 2430 1159 2485; x_wconf 92' lang='lat' dir='ltr'><strong>In</strong></span> <span class='ocrx_word' id='word_1_243' title='bbox 1186 2429 1363 2485; x_wconf 86' lang='lat' dir='ltr'><strong>Patris</strong></span> <span class='ocrx_word' id='word_1_244' title='bbox 1391 2429 1608 2484; x_wconf 89' lang='lat' dir='ltr'><strong>civitate</strong></span> <span class='ocrx_word' id='word_1_245' title='bbox 1648 2427 1918 2484; x_wconf 88' lang='lat' dir='ltr'><strong>ordinatio</strong></span> <span class='ocrx_word' id='word_1_246' title='bbox 1944 2425 2061 2496; x_wconf 89' lang='lat' dir='ltr'><strong>epi-</strong></span> 
     </span>
    </p>
   </div>
   <div class='ocr_carea' id='block_1_40' title="bbox 490 2515 2060 2595">
    <p class='ocr_par' dir='ltr' id='par_1_40' title="bbox 490 2515 2060 2595">
     <span class='ocr_line' id='line_1_40' title="bbox 490 2515 2060 2595; baseline -0.008 -14"><span class='ocrx_word' id='word_1_247' title='bbox 490 2533 741 2595; x_wconf 80' lang='lat' dir='ltr'><strong>scopatus</strong></span> <span class='ocrx_word' id='word_1_248' title='bbox 766 2523 993 2577; x_wconf 63' lang='lat' dir='ltr'><strong>Andreae</strong></span> <span class='ocrx_word' id='word_1_249' title='bbox 1014 2520 1265 2591; x_wconf 88' lang='lat' dir='ltr'><strong>apostoli,</strong></span> <span class='ocrx_word' id='word_1_250' title='bbox 1289 2527 1343 2574; x_wconf 91' lang='lat' dir='ltr'><strong>et</strong></span> <span class='ocrx_word' id='word_1_251' title='bbox 1368 2519 1423 2573; x_wconf 92' lang='lat' dir='ltr'><strong>in</strong></span> <span class='ocrx_word' id='word_1_252' title='bbox 1448 2517 1634 2573; x_wconf 88' lang='lat' dir='ltr'><strong>Sicilia</strong></span> <span class='ocrx_word' id='word_1_253' title='bbox 1668 2516 1799 2571; x_wconf 89' lang='lat' dir='ltr'><strong>urbe</strong></span> <span class='ocrx_word' id='word_1_254' title='bbox 1820 2515 2060 2571; x_wconf 89' lang='lat' dir='ltr'><strong>Cathena</strong></span> 
     </span>
    </p>
   </div>
   <div class='ocr_carea' id='block_1_41' title="bbox 492 2604 2061 2689">
    <p class='ocr_par' dir='ltr' id='par_1_41' title="bbox 492 2604 2061 2689">
     <span class='ocr_line' id='line_1_41' title="bbox 492 2604 2061 2689; baseline -0.006 -20"><span class='ocrx_word' id='word_1_255' title='bbox 492 2612 741 2689; x_wconf 78' lang='lat' dir='ltr'><strong>[Catena]</strong></span> <span class='ocrx_word' id='word_1_256' title='bbox 765 2612 947 2683; x_wconf 90' lang='lat' dir='ltr'><strong>passio</strong></span> <span class='ocrx_word' id='word_1_257' title='bbox 989 2619 1188 2666; x_wconf 85' lang='lat' dir='ltr'><strong>sanetae</strong></span> <span class='ocrx_word' id='word_1_258' title='bbox 1226 2610 1447 2679; x_wconf 71' lang='lat' dir='ltr'><strong>Agathe:</strong></span> <span class='ocrx_word' id='word_1_259' title='bbox 1496 2607 1739 2678; x_wconf 82' lang='lat' dir='ltr'><strong>virginis,</strong></span> <span class='ocrx_word' id='word_1_260' title='bbox 1787 2622 1905 2675; x_wconf 70' lang='lat' dir='ltr'><strong>qua:</strong></span> <span class='ocrx_word' id='word_1_261' title='bbox 1957 2604 2061 2660; x_wconf 88' lang='lat' dir='ltr'><strong>sub</strong></span> 
     </span>
    </p>
   </div>
   <div class='ocr_carea' id='block_1_42' title="bbox 490 2697 2058 2774">
    <p class='ocr_par' dir='ltr' id='par_1_42' title="bbox 490 2697 2058 2774">
     <span class='ocr_line' id='line_1_42' title="bbox 490 2697 2058 2774; baseline -0.006 -15"><span class='ocrx_word' id='word_1_262' title='bbox 490 2703 781 2774; x_wconf 80' lang='lat' dir='ltr'><strong>Quintiano</strong></span> <span class='ocrx_word' id='word_1_263' title='bbox 809 2700 1029 2757; x_wconf 90' lang='lat' dir='ltr'><strong>consule</strong></span> <span class='ocrx_word' id='word_1_264' title='bbox 1054 2709 1297 2768; x_wconf 85' lang='lat' dir='ltr'><strong>tempore</strong></span> <span class='ocrx_word' id='word_1_265' title='bbox 1311 2698 1625 2753; x_wconf 88' lang='lat' dir='ltr'><strong>Diocletiani</strong></span> <span class='ocrx_word' id='word_1_266' title='bbox 1654 2697 2058 2767; x_wconf 86' lang='lat' dir='ltr'><strong>martyrizavit;</strong></span> 
     </span>
    </p>
   </div>
   <div class='ocr_carea' id='block_1_43' title="bbox 498 2787 2060 2864">
    <p class='ocr_par' dir='ltr' id='par_1_43' title="bbox 498 2787 2060 2864">
     <span class='ocr_line' id='line_1_43' title="bbox 498 2787 2060 2864; baseline -0.004 -16"><span class='ocrx_word' id='word_1_267' title='bbox 498 2795 611 2848; x_wconf 74' lang='lat' dir='ltr'><strong>hmc</strong></span> <span class='ocrx_word' id='word_1_268' title='bbox 646 2800 766 2864; x_wconf 89' lang='lat' dir='ltr'><strong>post</strong></span> <span class='ocrx_word' id='word_1_269' title='bbox 798 2791 1002 2861; x_wconf 87' lang='lat' dir='ltr'><strong>alapas,</strong></span> <span class='ocrx_word' id='word_1_270' title='bbox 1032 2804 1328 2852; x_wconf 86' lang='lat' dir='ltr'><strong>carcerem,</strong></span> <span class='ocrx_word' id='word_1_271' title='bbox 1376 2795 1499 2858; x_wconf 90' lang='lat' dir='ltr'><strong>post</strong></span> <span class='ocrx_word' id='word_1_272' title='bbox 1552 2787 1835 2855; x_wconf 88' lang='lat' dir='ltr'><strong>equuleum</strong></span> <span class='ocrx_word' id='word_1_273' title='bbox 1872 2795 1926 2841; x_wconf 79' lang='lat' dir='ltr'><strong>et</strong></span> <span class='ocrx_word' id='word_1_274' title='bbox 1953 2794 2060 2841; x_wconf 86' lang='lat' dir='ltr'><strong>ter-</strong></span> 
     </span>
    </p>
   </div>
   <div class='ocr_carea' id='block_1_44' title="bbox 493 2878 2057 2954">
    <p class='ocr_par' dir='ltr' id='par_1_44' title="bbox 493 2878 2057 2954">
     <span class='ocr_line' id='line_1_44' title="bbox 493 2878 2057 2954; baseline -0.004 -14"><span class='ocrx_word' id='word_1_275' title='bbox 493 2887 708 2949; x_wconf 87' lang='lat' dir='ltr'><strong>sienes,</strong></span> <span class='ocrx_word' id='word_1_276' title='bbox 758 2892 881 2954; x_wconf 90' lang='lat' dir='ltr'><strong>post</strong></span> <span class='ocrx_word' id='word_1_277' title='bbox 926 2881 1280 2943; x_wconf 88' lang='lat' dir='ltr'><strong>mamillarum</strong></span> <span class='ocrx_word' id='word_1_278' title='bbox 1321 2879 1726 2944; x_wconf 90' lang='lat' dir='ltr'><strong>abseissionem,</strong></span> <span class='ocrx_word' id='word_1_279' title='bbox 1779 2879 1867 2933; x_wconf 70' lang='lat' dir='ltr'><strong>sed</strong></span> <span class='ocrx_word' id='word_1_280' title='bbox 1892 2894 1918 2929; x_wconf 89' lang='lat' dir='ltr'><strong>a</strong></span> <span class='ocrx_word' id='word_1_281' title='bbox 1951 2878 2057 2933; x_wconf 91' lang='lat' dir='ltr'><strong>Do-</strong></span> 
     </span>
    </p>
   </div>
   <div class='ocr_carea' id='block_1_45' title="bbox 495 2966 2060 3040">
    <p class='ocr_par' dir='ltr' id='par_1_45' title="bbox 495 2966 2060 3040">
     <span class='ocr_line' id='line_1_45' title="bbox 495 2966 2060 3040; baseline -0.005 -11"><span class='ocrx_word' id='word_1_282' title='bbox 495 2978 639 3029; x_wconf 89' lang='lat' dir='ltr'><strong>mine</strong></span> <span class='ocrx_word' id='word_1_283' title='bbox 688 2974 1044 3036; x_wconf 87' lang='lat' dir='ltr'><strong>sanationem,</strong></span> <span class='ocrx_word' id='word_1_284' title='bbox 1092 2980 1212 3040; x_wconf 90' lang='lat' dir='ltr'><strong>post</strong></span> <span class='ocrx_word' id='word_1_285' title='bbox 1252 2969 1635 3024; x_wconf 89' lang='lat' dir='ltr'><strong>volutationem</strong></span> <span class='ocrx_word' id='word_1_286' title='bbox 1665 2969 1718 3021; x_wconf 93' lang='lat' dir='ltr'><strong>in</strong></span> <span class='ocrx_word' id='word_1_287' title='bbox 1770 2966 1977 3023; x_wconf 86' lang='lat' dir='ltr'><strong>testulis</strong></span> <span class='ocrx_word' id='word_1_288' title='bbox 2005 2975 2060 3023; x_wconf 86' lang='lat' dir='ltr'><strong>et</strong></span> 
     </span>
    </p>
   </div>
   <div class='ocr_carea' id='block_1_46' title="bbox 494 3061 2052 3133">
    <p class='ocr_par' dir='ltr' id='par_1_46' title="bbox 494 3061 2052 3133">
     <span class='ocr_line' id='line_1_46' title="bbox 494 3061 2052 3133; baseline -0.005 -14"><span class='ocrx_word' id='word_1_289' title='bbox 494 3065 840 3127; x_wconf 69' lang='lat' dir='ltr'><strong>Carbonibus,</strong></span> <span class='ocrx_word' id='word_1_290' title='bbox 887 3061 1104 3115; x_wconf 90' lang='lat' dir='ltr'><strong>tandem</strong></span> <span class='ocrx_word' id='word_1_291' title='bbox 1151 3061 1206 3113; x_wconf 88' lang='lat' dir='ltr'><strong>in</strong></span> <span class='ocrx_word' id='word_1_292' title='bbox 1257 3073 1477 3115; x_wconf 83' lang='lat' dir='ltr'><strong>carcere</strong></span> <span class='ocrx_word' id='word_1_293' title='bbox 1512 3065 1899 3133; x_wconf 79' lang='lat' dir='ltr'><strong>consummata</strong></span> <span class='ocrx_word' id='word_1_294' title='bbox 1949 3066 2052 3112; x_wconf 92' lang='lat' dir='ltr'><strong>est.</strong></span> 
     </span>
    </p>
   </div>
   <div class='ocr_carea' id='block_1_47' title="bbox 500 3151 1603 3223">
    <p class='ocr_par' dir='ltr' id='par_1_47' title="bbox 500 3151 1603 3223">
     <span class='ocr_line' id='line_1_47' title="bbox 500 3151 1603 3223; baseline -0.004 -15"><span class='ocrx_word' id='word_1_295' title='bbox 500 3156 566 3209; x_wconf 74' lang='lat' dir='ltr'><strong>Et</strong></span> <span class='ocrx_word' id='word_1_296' title='bbox 595 3156 646 3208; x_wconf 89' lang='lat' dir='ltr'><strong>in</strong></span> <span class='ocrx_word' id='word_1_297' title='bbox 673 3154 875 3209; x_wconf 77' lang='lat' dir='ltr'><strong>Vienna</strong></span> <span class='ocrx_word' id='word_1_298' title='bbox 899 3152 1161 3223; x_wconf 87' lang='lat' dir='ltr'><strong>depositio</strong></span> <span class='ocrx_word' id='word_1_299' title='bbox 1181 3151 1323 3206; x_wconf 90' lang='lat' dir='ltr'><strong>Aviti</strong></span> <span class='ocrx_word' id='word_1_300' title='bbox 1346 3151 1603 3221; x_wconf 87' lang='lat' dir='ltr'><strong>episcopi.</strong></span> 
     </span>
    </p>
   </div>
   <div class='ocr_carea' id='block_1_48' title="bbox 2160 1979 3731 2050">
    <p class='ocr_par' dir='ltr' id='par_1_48' title="bbox 2160 1979 3731 2050">
     <span class='ocr_line' id='line_1_48' title="bbox 2160 1979 3731 2050; baseline 0.003 -19"><span class='ocrx_word' id='word_1_301' title='bbox 2160 1979 2483 2050; x_wconf 82' lang='lat' dir='ltr'><strong>presbyteri,</strong></span> <span class='ocrx_word' id='word_1_302' title='bbox 2538 1980 2627 2050; x_wconf 92' lang='lat' dir='ltr'><strong>qui</strong></span> <span class='ocrx_word' id='word_1_303' title='bbox 2669 1988 2789 2049; x_wconf 92' lang='lat' dir='ltr'><strong>post</strong></span> <span class='ocrx_word' id='word_1_304' title='bbox 2841 1979 3006 2034; x_wconf 88' lang='lat' dir='ltr'><strong>multa</strong></span> <span class='ocrx_word' id='word_1_305' title='bbox 3055 1981 3348 2035; x_wconf 89' lang='lat' dir='ltr'><strong>sanitatum</strong></span> <span class='ocrx_word' id='word_1_306' title='bbox 3392 1987 3448 2035; x_wconf 88' lang='lat' dir='ltr'><strong>et</strong></span> <span class='ocrx_word' id='word_1_307' title='bbox 3474 1981 3731 2035; x_wconf 75' lang='lat' dir='ltr'><strong>doctrina:</strong></span> 
     </span>
    </p>
   </div>
   <div class='ocr_carea' id='block_1_49' title="bbox 2163 2068 3732 2142">
    <p class='ocr_par' dir='ltr' id='par_1_49' title="bbox 2163 2068 3732 2142">
     <span class='ocr_line' id='line_1_49' title="bbox 2163 2068 3732 2142; baseline 0.001 -18"><span class='ocrx_word' id='word_1_308' title='bbox 2163 2071 2389 2142; x_wconf 86' lang='lat' dir='ltr'><strong>insignia</strong></span> <span class='ocrx_word' id='word_1_309' title='bbox 2429 2068 2658 2126; x_wconf 87' lang='lat' dir='ltr'><strong>fustibus</strong></span> <span class='ocrx_word' id='word_1_310' title='bbox 2705 2086 2897 2137; x_wconf 85' lang='lat' dir='ltr'><strong>caesus,</strong></span> <span class='ocrx_word' id='word_1_311' title='bbox 2934 2079 2987 2126; x_wconf 91' lang='lat' dir='ltr'><strong>ct</strong></span> <span class='ocrx_word' id='word_1_312' title='bbox 3037 2072 3117 2127; x_wconf 91' lang='lat' dir='ltr'><strong>sic</strong></span> <span class='ocrx_word' id='word_1_313' title='bbox 3145 2072 3444 2127; x_wconf 88' lang='lat' dir='ltr'><strong>deeollatus</strong></span> <span class='ocrx_word' id='word_1_314' title='bbox 3471 2078 3578 2137; x_wconf 89' lang='lat' dir='ltr'><strong>est,</strong></span> <span class='ocrx_word' id='word_1_315' title='bbox 3638 2073 3732 2126; x_wconf 90' lang='lat' dir='ltr'><strong>sub</strong></span> 
     </span>
    </p>
   </div>
   <div class='ocr_carea' id='block_1_50' title="bbox 2159 2160 3733 2217">
    <p class='ocr_par' dir='ltr' id='par_1_50' title="bbox 2159 2160 3733 2217">
     <span class='ocr_line' id='line_1_50' title="bbox 2159 2160 3733 2217; baseline -0.001 -2"><span class='ocrx_word' id='word_1_316' title='bbox 2159 2160 2379 2216; x_wconf 88' lang='lat' dir='ltr'><strong>Claudio</strong></span> <span class='ocrx_word' id='word_1_317' title='bbox 2398 2160 2625 2215; x_wconf 68' lang='lat' dir='ltr'><strong>Cmsarc.</strong></span> <span class='ocrx_word' id='word_1_318' title='bbox 2657 2161 2858 2215; x_wconf 85' lang='lat' dir='ltr'><strong>Eodem</strong></span> <span class='ocrx_word' id='word_1_319' title='bbox 2885 2161 2970 2215; x_wconf 90' lang='lat' dir='ltr'><strong>die</strong></span> <span class='ocrx_word' id='word_1_320' title='bbox 3018 2162 3270 2217; x_wconf 81' lang='lat' dir='ltr'><strong>nativitas</strong></span> <span class='ocrx_word' id='word_1_321' title='bbox 3313 2162 3489 2216; x_wconf 88' lang='lat' dir='ltr'><strong>sancti</strong></span> <span class='ocrx_word' id='word_1_322' title='bbox 3544 2162 3733 2216; x_wconf 88' lang='lat' dir='ltr'><strong>Valen-</strong></span> 
     </span>
    </p>
   </div>
   <div class='ocr_carea' id='block_1_51' title="bbox 2162 2250 3733 2321">
    <p class='ocr_par' dir='ltr' id='par_1_51' title="bbox 2162 2250 3733 2321">
     <span class='ocr_line' id='line_1_51' title="bbox 2162 2250 3733 2321; baseline 0.001 -19"><span class='ocrx_word' id='word_1_323' title='bbox 2162 2251 2256 2304; x_wconf 90' lang='lat' dir='ltr'><strong>tini</strong></span> <span class='ocrx_word' id='word_1_324' title='bbox 2287 2250 2709 2306; x_wconf 89' lang='lat' dir='ltr'><strong>lnteramnensis</strong></span> <span class='ocrx_word' id='word_1_325' title='bbox 2737 2250 2995 2321; x_wconf 86' lang='lat' dir='ltr'><strong>episcopi,</strong></span> <span class='ocrx_word' id='word_1_326' title='bbox 3022 2250 3114 2320; x_wconf 89' lang='lat' dir='ltr'><strong>qui</strong></span> <span class='ocrx_word' id='word_1_327' title='bbox 3142 2258 3319 2305; x_wconf 90' lang='lat' dir='ltr'><strong>tentus</strong></span> <span class='ocrx_word' id='word_1_328' title='bbox 3347 2265 3376 2304; x_wconf 91' lang='lat' dir='ltr'><strong>a</strong></span> <span class='ocrx_word' id='word_1_329' title='bbox 3402 2252 3647 2320; x_wconf 78' lang='lat' dir='ltr'><strong>paganis,</strong></span> <span class='ocrx_word' id='word_1_330' title='bbox 3669 2266 3733 2304; x_wconf 90' lang='lat' dir='ltr'><strong>ac</strong></span> 
     </span>
    </p>
   </div>
   <div class='ocr_carea' id='block_1_52' title="bbox 2160 2340 3731 2411">
    <p class='ocr_par' dir='ltr' id='par_1_52' title="bbox 2160 2340 3731 2411">
     <span class='ocr_line' id='line_1_52' title="bbox 2160 2340 3731 2411; baseline 0 -16"><span class='ocrx_word' id='word_1_331' title='bbox 2160 2341 2325 2411; x_wconf 79' lang='lat' dir='ltr'><strong>virgis</strong></span> <span class='ocrx_word' id='word_1_332' title='bbox 2362 2356 2552 2405; x_wconf 82' lang='lat' dir='ltr'><strong>c:esus,</strong></span> <span class='ocrx_word' id='word_1_333' title='bbox 2608 2350 2662 2396; x_wconf 88' lang='lat' dir='ltr'><strong>et</strong></span> <span class='ocrx_word' id='word_1_334' title='bbox 2713 2349 2832 2411; x_wconf 85' lang='lat' dir='ltr'><strong>post</strong></span> <span class='ocrx_word' id='word_1_335' title='bbox 2883 2341 3192 2396; x_wconf 85' lang='lat' dir='ltr'><strong>diuturnam</strong></span> <span class='ocrx_word' id='word_1_336' title='bbox 3230 2340 3431 2396; x_wconf 75' lang='lat' dir='ltr'><strong>caedem</strong></span> <span class='ocrx_word' id='word_1_337' title='bbox 3479 2341 3731 2396; x_wconf 67' lang='lat' dir='ltr'><strong>custodia:</strong></span> 
     </span>
    </p>
   </div>
   <div class='ocr_carea' id='block_1_53' title="bbox 2160 2433 3733 2504">
    <p class='ocr_par' dir='ltr' id='par_1_53' title="bbox 2160 2433 3733 2504">
     <span class='ocr_line' id='line_1_53' title="bbox 2160 2433 3733 2504; baseline 0.002 -18"><span class='ocrx_word' id='word_1_338' title='bbox 2160 2433 2498 2501; x_wconf 88' lang='lat' dir='ltr'><strong>mancipatus</strong></span> <span class='ocrx_word' id='word_1_339' title='bbox 2539 2448 2662 2487; x_wconf 91' lang='lat' dir='ltr'><strong>cum</strong></span> <span class='ocrx_word' id='word_1_340' title='bbox 2692 2434 2935 2503; x_wconf 89' lang='lat' dir='ltr'><strong>superari</strong></span> <span class='ocrx_word' id='word_1_341' title='bbox 2963 2448 3070 2489; x_wconf 90' lang='lat' dir='ltr'><strong>non</strong></span> <span class='ocrx_word' id='word_1_342' title='bbox 3099 2442 3302 2504; x_wconf 87' lang='lat' dir='ltr'><strong>posset,</strong></span> <span class='ocrx_word' id='word_1_343' title='bbox 3334 2433 3516 2489; x_wconf 83' lang='lat' dir='ltr'><strong>medio</strong></span> <span class='ocrx_word' id='word_1_344' title='bbox 3563 2434 3733 2489; x_wconf 76' lang='lat' dir='ltr'><strong>noctis</strong></span> 
     </span>
    </p>
   </div>
   <div class='ocr_carea' id='block_1_54' title="bbox 2160 2524 3730 2594">
    <p class='ocr_par' dir='ltr' id='par_1_54' title="bbox 2160 2524 3730 2594">
     <span class='ocr_line' id='line_1_54' title="bbox 2160 2524 3730 2594; baseline 0.001 -14"><span class='ocrx_word' id='word_1_345' title='bbox 2160 2524 2375 2580; x_wconf 89' lang='lat' dir='ltr'><strong>silentio</strong></span> <span class='ocrx_word' id='word_1_346' title='bbox 2425 2525 2627 2594; x_wconf 88' lang='lat' dir='ltr'><strong>ejectus</strong></span> <span class='ocrx_word' id='word_1_347' title='bbox 2683 2526 2749 2580; x_wconf 91' lang='lat' dir='ltr'><strong>de</strong></span> <span class='ocrx_word' id='word_1_348' title='bbox 2794 2539 3041 2591; x_wconf 86' lang='lat' dir='ltr'><strong>carcere,</strong></span> <span class='ocrx_word' id='word_1_349' title='bbox 3095 2524 3389 2581; x_wconf 86' lang='lat' dir='ltr'><strong>deeollatus</strong></span> <span class='ocrx_word' id='word_1_350' title='bbox 3436 2533 3543 2590; x_wconf 89' lang='lat' dir='ltr'><strong>est,</strong></span> <span class='ocrx_word' id='word_1_351' title='bbox 3580 2524 3730 2594; x_wconf 84' lang='lat' dir='ltr'><strong>jussu</strong></span> 
     </span>
    </p>
   </div>
   <div class='ocr_carea' id='block_1_55' title="bbox 2162 2613 3728 2688">
    <p class='ocr_par' dir='ltr' id='par_1_55' title="bbox 2162 2613 3728 2688">
     <span class='ocr_line' id='line_1_55' title="bbox 2162 2613 3728 2688; baseline 0.001 -20"><span class='ocrx_word' id='word_1_352' title='bbox 2162 2613 2347 2669; x_wconf 86' lang='lat' dir='ltr'><strong>furiosi</strong></span> <span class='ocrx_word' id='word_1_353' title='bbox 2391 2615 2593 2671; x_wconf 78' lang='lat' dir='ltr'><strong>Placidi</strong></span> <span class='ocrx_word' id='word_1_354' title='bbox 2621 2616 2859 2686; x_wconf 58' lang='lat' dir='ltr'><strong>praefecti</strong></span> <span class='ocrx_word' id='word_1_355' title='bbox 2906 2617 3082 2674; x_wconf 88' lang='lat' dir='ltr'><strong>Urbis.</strong></span> <span class='ocrx_word' id='word_1_356' title='bbox 3109 2616 3259 2672; x_wconf 89' lang='lat' dir='ltr'><strong>Tunc</strong></span> <span class='ocrx_word' id='word_1_357' title='bbox 3285 2616 3575 2682; x_wconf 90' lang='lat' dir='ltr'><strong>Proculus,</strong></span> <span class='ocrx_word' id='word_1_358' title='bbox 3611 2617 3728 2688; x_wconf 72' lang='lat' dir='ltr'><strong>Ery-</strong></span> 
     </span>
    </p>
   </div>
   <div class='ocr_carea' id='block_1_56' title="bbox 2160 2700 3728 2775">
    <p class='ocr_par' dir='ltr' id='par_1_56' title="bbox 2160 2700 3728 2775">
     <span class='ocr_line' id='line_1_56' title="bbox 2160 2700 3728 2775; baseline 0.003 -20"><span class='ocrx_word' id='word_1_359' title='bbox 2160 2700 2577 2775; x_wconf 71' lang='lat' dir='ltr'><strong>bulephebus]</strong></span> <span class='ocrx_word' id='word_1_360' title='bbox 2618 2713 2673 2759; x_wconf 89' lang='lat' dir='ltr'><strong>et</strong></span> <span class='ocrx_word' id='word_1_361' title='bbox 2696 2704 3028 2774; x_wconf 80' lang='lat' dir='ltr'><strong>Apollonius,</strong></span> <span class='ocrx_word' id='word_1_362' title='bbox 3065 2705 3312 2775; x_wconf 85' lang='lat' dir='ltr'><strong>discipuli</strong></span> <span class='ocrx_word' id='word_1_363' title='bbox 3336 2706 3476 2774; x_wconf 81' lang='lat' dir='ltr'><strong>ejus,</strong></span> <span class='ocrx_word' id='word_1_364' title='bbox 3508 2705 3728 2761; x_wconf 86' lang='lat' dir='ltr'><strong>transfe-</strong></span> 
     </span>
    </p>
   </div>
   <div class='ocr_carea' id='block_1_57' title="bbox 2161 2795 3723 2863">
    <p class='ocr_par' dir='ltr' id='par_1_57' title="bbox 2161 2795 3723 2863">
     <span class='ocr_line' id='line_1_57' title="bbox 2161 2795 3723 2863; baseline 0.001 -16"><span class='ocrx_word' id='word_1_365' title='bbox 2161 2802 2343 2849; x_wconf 88' lang='lat' dir='ltr'><strong>rentes</strong></span> <span class='ocrx_word' id='word_1_366' title='bbox 2381 2808 2577 2863; x_wconf 69' lang='lat' dir='ltr'><strong>corpus</strong></span> <span class='ocrx_word' id='word_1_367' title='bbox 2601 2796 2667 2849; x_wconf 90' lang='lat' dir='ltr'><strong>ad</strong></span> <span class='ocrx_word' id='word_1_368' title='bbox 2697 2811 2849 2849; x_wconf 90' lang='lat' dir='ltr'><strong>suam</strong></span> <span class='ocrx_word' id='word_1_369' title='bbox 2879 2795 3166 2851; x_wconf 85' lang='lat' dir='ltr'><strong>ecclesiam</strong></span> <span class='ocrx_word' id='word_1_370' title='bbox 3212 2796 3537 2852; x_wconf 84' lang='lat' dir='ltr'><strong>Interamnae</strong></span> <span class='ocrx_word' id='word_1_371' title='bbox 3561 2797 3723 2858; x_wconf 88' lang='lat' dir='ltr'><strong>urbis,</strong></span> 
     </span>
    </p>
   </div>
   <div class='ocr_carea' id='block_1_58' title="bbox 2162 2878 3729 2952">
    <p class='ocr_par' dir='ltr' id='par_1_58' title="bbox 2162 2878 3729 2952">
     <span class='ocr_line' id='line_1_58' title="bbox 2162 2878 3729 2952; baseline 0.001 -21"><span class='ocrx_word' id='word_1_372' title='bbox 2162 2886 2325 2932; x_wconf 90' lang='lat' dir='ltr'><strong>noctu</strong></span> <span class='ocrx_word' id='word_1_373' title='bbox 2368 2878 2694 2947; x_wconf 88' lang='lat' dir='ltr'><strong>sepelierunt</strong></span> <span class='ocrx_word' id='word_1_374' title='bbox 2723 2894 2737 2932; x_wconf 92' lang='lat'><strong>:</strong></span> <span class='ocrx_word' id='word_1_375' title='bbox 2768 2880 2856 2933; x_wconf 92' lang='lat' dir='ltr'><strong>ubi</strong></span> <span class='ocrx_word' id='word_1_376' title='bbox 2898 2895 3021 2935; x_wconf 91' lang='lat' dir='ltr'><strong>cum</strong></span> <span class='ocrx_word' id='word_1_377' title='bbox 3063 2881 3393 2950; x_wconf 88' lang='lat' dir='ltr'><strong>quotidianis</strong></span> <span class='ocrx_word' id='word_1_378' title='bbox 3426 2881 3625 2952; x_wconf 79' lang='lat' dir='ltr'><strong>vigiliis</strong></span> <span class='ocrx_word' id='word_1_379' title='bbox 3657 2881 3729 2934; x_wconf 84' lang='lat' dir='ltr'><strong>in-</strong></span> 
     </span>
    </p>
   </div>
   <div class='ocr_carea' id='block_1_59' title="bbox 2161 2968 3730 3041">
    <p class='ocr_par' dir='ltr' id='par_1_59' title="bbox 2161 2968 3730 3041">
     <span class='ocr_line' id='line_1_59' title="bbox 2161 2968 3730 3041; baseline 0.003 -20"><span class='ocrx_word' id='word_1_380' title='bbox 2161 2968 2441 3032; x_wconf 76' lang='lat' dir='ltr'><strong>cubarent,</strong></span> <span class='ocrx_word' id='word_1_381' title='bbox 2492 2971 2625 3025; x_wconf 91' lang='lat' dir='ltr'><strong>tcnti</strong></span> <span class='ocrx_word' id='word_1_382' title='bbox 2664 2985 2694 3023; x_wconf 89' lang='lat' dir='ltr'><strong>a</strong></span> <span class='ocrx_word' id='word_1_383' title='bbox 2726 2971 3012 3041; x_wconf 84' lang='lat' dir='ltr'><strong>gentilibus</strong></span> <span class='ocrx_word' id='word_1_384' title='bbox 3064 2973 3325 3027; x_wconf 85' lang='lat' dir='ltr'><strong>custodiae</strong></span> <span class='ocrx_word' id='word_1_385' title='bbox 3372 2982 3500 3027; x_wconf 91' lang='lat' dir='ltr'><strong>sunt</strong></span> <span class='ocrx_word' id='word_1_386' title='bbox 3554 2972 3730 3027; x_wconf 84' lang='lat' dir='ltr'><strong>traditi</strong></span> 
     </span>
    </p>
   </div>
   <div class='ocr_carea' id='block_1_60' title="bbox 2161 3058 3731 3130">
    <p class='ocr_par' dir='ltr' id='par_1_60' title="bbox 2161 3058 3731 3130">
     <span class='ocr_line' id='line_1_60' title="bbox 2161 3058 3731 3130; baseline 0.001 -18"><span class='ocrx_word' id='word_1_387' title='bbox 2161 3058 2430 3112; x_wconf 89' lang='lat' dir='ltr'><strong>consulari</strong></span> <span class='ocrx_word' id='word_1_388' title='bbox 2454 3058 2696 3125; x_wconf 88' lang='lat' dir='ltr'><strong>Leontio,</strong></span> <span class='ocrx_word' id='word_1_389' title='bbox 2735 3074 2871 3130; x_wconf 87' lang='lat' dir='ltr'><strong>quos</strong></span> <span class='ocrx_word' id='word_1_390' title='bbox 2894 3060 2983 3115; x_wconf 92' lang='lat' dir='ltr'><strong>ille</strong></span> <span class='ocrx_word' id='word_1_391' title='bbox 2996 3060 3164 3129; x_wconf 85' lang='lat' dir='ltr'><strong>jussit</strong></span> <span class='ocrx_word' id='word_1_392' title='bbox 3188 3062 3363 3116; x_wconf 91' lang='lat' dir='ltr'><strong>noctis</strong></span> <span class='ocrx_word' id='word_1_393' title='bbox 3404 3060 3584 3116; x_wconf 90' lang='lat' dir='ltr'><strong>medio</strong></span> <span class='ocrx_word' id='word_1_394' title='bbox 3625 3060 3731 3115; x_wconf 86' lang='lat' dir='ltr'><strong>suis</strong></span> 
     </span>
    </p>
   </div>
   <div class='ocr_carea' id='block_1_61' title="bbox 2163 3148 3731 3218">
    <p class='ocr_par' dir='ltr' id='par_1_61' title="bbox 2163 3148 3731 3218">
     <span class='ocr_line' id='line_1_61' title="bbox 2163 3148 3731 3218; baseline 0.003 -18"><span class='ocrx_word' id='word_1_395' title='bbox 2163 3148 2526 3203; x_wconf 81' lang='lat' dir='ltr'><strong>tribunalibus</strong></span> <span class='ocrx_word' id='word_1_396' title='bbox 2556 3151 2893 3218; x_wconf 63' lang='lat' dir='ltr'><strong>praesentari,</strong></span> <span class='ocrx_word' id='word_1_397' title='bbox 2916 3157 3117 3205; x_wconf 87' lang='lat' dir='ltr'><strong>etcum</strong></span> <span class='ocrx_word' id='word_1_398' title='bbox 3157 3166 3187 3204; x_wconf 89' lang='lat' dir='ltr'><strong>a</strong></span> <span class='ocrx_word' id='word_1_399' title='bbox 3215 3149 3318 3205; x_wconf 85' lang='lat' dir='ltr'><strong>fide</strong></span> <span class='ocrx_word' id='word_1_400' title='bbox 3351 3151 3597 3204; x_wconf 84' lang='lat' dir='ltr'><strong>revocari</strong></span> <span class='ocrx_word' id='word_1_401' title='bbox 3637 3163 3731 3204; x_wconf 86' lang='lat' dir='ltr'><strong>nec</strong></span> 
     </span>
    </p>
   </div>
   <div class='ocr_carea' id='block_1_62' title="bbox 564 3225 3728 3313">
    <p class='ocr_par' dir='ltr' id='par_1_62' title="bbox 564 3225 3728 3313">
     <span class='ocr_line' id='line_1_62' title="bbox 564 3225 3728 3313; baseline -0.002 -14"><span class='ocrx_word' id='word_1_402' title='bbox 564 3246 674 3300; x_wconf 86' lang='lat' dir='ltr'><strong>Vlll</strong></span> <span class='ocrx_word' id='word_1_403' title='bbox 696 3246 768 3299; x_wconf 92' lang='lat' dir='ltr'><strong>Id.</strong></span> <span class='ocrx_word' id='word_1_404' title='bbox 811 3244 993 3299; x_wconf 68' lang='lat' dir='ltr'><strong>Romae</strong></span> <span class='ocrx_word' id='word_1_405' title='bbox 1021 3245 1107 3299; x_wconf 90' lang='lat' dir='ltr'><strong>via</strong></span> <span class='ocrx_word' id='word_1_406' title='bbox 1146 3243 1315 3313; x_wconf 84' lang='lat' dir='ltr'><strong>Appia</strong></span> <span class='ocrx_word' id='word_1_407' title='bbox 1361 3243 1415 3297; x_wconf 90' lang='lat' dir='ltr'><strong>in</strong></span> <span class='ocrx_word' id='word_1_408' title='bbox 1465 3239 1703 3311; x_wconf 87' lang='lat' dir='ltr'><strong>ejusdem</strong></span> <span class='ocrx_word' id='word_1_409' title='bbox 1746 3240 2061 3296; x_wconf 67' lang='lat' dir='ltr'><strong>cmmeterio</strong></span> <span class='ocrx_word' id='word_1_410' title='bbox 2088 3225 2132 3287; x_wconf 91' lang='lat' dir='ltr'><strong>C</strong></span> <span class='ocrx_word' id='word_1_411' title='bbox 2164 3236 2544 3293; x_wconf 87' lang='lat' dir='ltr'><strong>blandimentis</strong></span> <span class='ocrx_word' id='word_1_412' title='bbox 2575 3253 2672 3293; x_wconf 92' lang='lat' dir='ltr'><strong>nec</strong></span> <span class='ocrx_word' id='word_1_413' title='bbox 2701 3238 2863 3294; x_wconf 83' lang='lat' dir='ltr'><strong>minis</strong></span> <span class='ocrx_word' id='word_1_414' title='bbox 2901 3247 3142 3309; x_wconf 82' lang='lat' dir='ltr'><strong>possent,</strong></span> <span class='ocrx_word' id='word_1_415' title='bbox 3167 3239 3329 3308; x_wconf 89' lang='lat' dir='ltr'><strong>jussit</strong></span> <span class='ocrx_word' id='word_1_416' title='bbox 3359 3240 3540 3310; x_wconf 89' lang='lat' dir='ltr'><strong>capite</strong></span> <span class='ocrx_word' id='word_1_417' title='bbox 3577 3238 3728 3301; x_wconf 57' lang='lat' dir='ltr'><strong>caedi,</strong></span> 
     </span>
    </p>
   </div>
   <div class='ocr_carea' id='block_1_63' title="bbox 495 3329 2058 3408">
    <p class='ocr_par' dir='ltr' id='par_1_63' title="bbox 495 3329 2058 3408">
     <span class='ocr_line' id='line_1_63' title="bbox 495 3329 2058 3408; baseline -0.004 -18"><span class='ocrx_word' id='word_1_418' title='bbox 495 3338 673 3408; x_wconf 86' lang='lat' dir='ltr'><strong>passio</strong></span> <span class='ocrx_word' id='word_1_419' title='bbox 723 3344 925 3391; x_wconf 67' lang='lat' dir='ltr'><strong>saneta:</strong></span> <span class='ocrx_word' id='word_1_420' title='bbox 981 3333 1225 3389; x_wconf 88' lang='lat' dir='ltr'><strong>Setheris</strong></span> <span class='ocrx_word' id='word_1_421' title='bbox 1272 3332 1514 3403; x_wconf 79' lang='lat' dir='ltr'><strong>virginis.</strong></span> <span class='ocrx_word' id='word_1_422' title='bbox 1546 3330 1603 3385; x_wconf 90' lang='lat' dir='ltr'><strong>In</strong></span> <span class='ocrx_word' id='word_1_423' title='bbox 1643 3329 1887 3386; x_wconf 65' lang='lat' dir='ltr'><strong>Caesarea</strong></span> <span class='ocrx_word' id='word_1_424' title='bbox 1918 3330 2058 3399; x_wconf 87' lang='lat' dir='ltr'><strong>Cap-</strong></span> 
     </span>
    </p>
   </div>
   <div class='ocr_carea' id='block_1_64' title="bbox 493 3420 2063 3495">
    <p class='ocr_par' dir='ltr' id='par_1_64' title="bbox 493 3420 2063 3495">
     <span class='ocr_line' id='line_1_64' title="bbox 493 3420 2063 3495; baseline -0.003 -16"><span class='ocrx_word' id='word_1_425' title='bbox 493 3424 730 3495; x_wconf 62' lang='lat' dir='ltr'><strong>padociae</strong></span> <span class='ocrx_word' id='word_1_426' title='bbox 760 3424 940 3494; x_wconf 87' lang='lat' dir='ltr'><strong>passio</strong></span> <span class='ocrx_word' id='word_1_427' title='bbox 964 3432 1164 3478; x_wconf 71' lang='lat' dir='ltr'><strong>sanctte</strong></span> <span class='ocrx_word' id='word_1_428' title='bbox 1196 3422 1477 3477; x_wconf 73' lang='lat' dir='ltr'><strong>Derothete</strong></span> <span class='ocrx_word' id='word_1_429' title='bbox 1513 3420 1756 3491; x_wconf 81' lang='lat' dir='ltr'><strong>virginis,</strong></span> <span class='ocrx_word' id='word_1_430' title='bbox 1806 3429 1861 3474; x_wconf 90' lang='lat' dir='ltr'><strong>et</strong></span> <span class='ocrx_word' id='word_1_431' title='bbox 1888 3420 2063 3475; x_wconf 89' lang='lat' dir='ltr'><strong>Theo-</strong></span> 
     </span>
    </p>
   </div>
   <div class='ocr_carea' id='block_1_65' title="bbox 493 3502 2061 3584">
    <p class='ocr_par' dir='ltr' id='par_1_65' title="bbox 493 3502 2061 3584">
     <span class='ocr_line' id='line_1_65' title="bbox 493 3502 2061 3584; baseline -0.003 -15"><span class='ocrx_word' id='word_1_432' title='bbox 493 3513 624 3584; x_wconf 87' lang='lat' dir='ltr'><strong>phili</strong></span> <span class='ocrx_word' id='word_1_433' title='bbox 654 3514 753 3569; x_wconf 92' lang='lat' dir='ltr'><strong>sub</strong></span> <span class='ocrx_word' id='word_1_434' title='bbox 779 3502 997 3583; x_wconf 74' lang='lat' dir='ltr'><strong>ApriCio</strong></span> <span class='ocrx_word' id='word_1_435' title='bbox 1024 3510 1301 3584; x_wconf 69' lang='lat' dir='ltr'><strong>prazfecto,</strong></span> <span class='ocrx_word' id='word_1_436' title='bbox 1345 3525 1463 3581; x_wconf 68' lang='lat' dir='ltr'><strong>qua:</strong></span> <span class='ocrx_word' id='word_1_437' title='bbox 1488 3525 1611 3565; x_wconf 89' lang='lat' dir='ltr'><strong>cum</strong></span> <span class='ocrx_word' id='word_1_438' title='bbox 1661 3510 1868 3566; x_wconf 90' lang='lat' dir='ltr'><strong>duabus</strong></span> <span class='ocrx_word' id='word_1_439' title='bbox 1909 3525 2061 3565; x_wconf 81' lang='lat' dir='ltr'><strong>sere—</strong></span> 
     </span>
    </p>
   </div>
   <div class='ocr_carea' id='block_1_66' title="bbox 496 3598 2063 3670">
    <p class='ocr_par' dir='ltr' id='par_1_66' title="bbox 496 3598 2063 3670">
     <span class='ocr_line' id='line_1_66' title="bbox 496 3598 2063 3670; baseline -0.004 -12"><span class='ocrx_word' id='word_1_440' title='bbox 496 3604 666 3670; x_wconf 90' lang='lat' dir='ltr'><strong>ribus,</strong></span> <span class='ocrx_word' id='word_1_441' title='bbox 701 3603 752 3657; x_wconf 93' lang='lat' dir='ltr'><strong>id</strong></span> <span class='ocrx_word' id='word_1_442' title='bbox 783 3611 887 3669; x_wconf 91' lang='lat' dir='ltr'><strong>est,</strong></span> <span class='ocrx_word' id='word_1_443' title='bbox 936 3600 1150 3657; x_wconf 85' lang='lat' dir='ltr'><strong>Christe</strong></span> <span class='ocrx_word' id='word_1_444' title='bbox 1186 3611 1239 3656; x_wconf 90' lang='lat' dir='ltr'><strong>et</strong></span> <span class='ocrx_word' id='word_1_445' title='bbox 1268 3600 1505 3665; x_wconf 89' lang='lat' dir='ltr'><strong>Calliste,</strong></span> <span class='ocrx_word' id='word_1_446' title='bbox 1541 3614 1659 3670; x_wconf 67' lang='lat' dir='ltr'><strong>quae</strong></span> <span class='ocrx_word' id='word_1_447' title='bbox 1682 3615 1713 3653; x_wconf 87' lang='lat' dir='ltr'><strong>a</strong></span> <span class='ocrx_word' id='word_1_448' title='bbox 1747 3598 1853 3655; x_wconf 89' lang='lat' dir='ltr'><strong>fide</strong></span> <span class='ocrx_word' id='word_1_449' title='bbox 1892 3613 2063 3668; x_wconf 88' lang='lat' dir='ltr'><strong>nuper</strong></span> 
     </span>
    </p>
   </div>
   <div class='ocr_carea' id='block_1_67' title="bbox 494 3690 2061 3761">
    <p class='ocr_par' dir='ltr' id='par_1_67' title="bbox 494 3690 2061 3761">
     <span class='ocr_line' id='line_1_67' title="bbox 494 3690 2061 3761; baseline -0.001 -17"><span class='ocrx_word' id='word_1_450' title='bbox 494 3692 871 3761; x_wconf 88' lang='lat' dir='ltr'><strong>apestatabant</strong></span> <span class='ocrx_word' id='word_1_451' title='bbox 920 3692 1044 3746; x_wconf 71' lang='lat' dir='ltr'><strong>vita:</strong></span> <span class='ocrx_word' id='word_1_452' title='bbox 1093 3690 1387 3754; x_wconf 88' lang='lat' dir='ltr'><strong>doloribus,</strong></span> <span class='ocrx_word' id='word_1_453' title='bbox 1430 3690 1804 3746; x_wconf 87' lang='lat' dir='ltr'><strong>commendata</strong></span> <span class='ocrx_word' id='word_1_454' title='bbox 1850 3696 1953 3755; x_wconf 88' lang='lat' dir='ltr'><strong>est,</strong></span> <span class='ocrx_word' id='word_1_455' title='bbox 2002 3696 2061 3742; x_wconf 88' lang='lat' dir='ltr'><strong>ut</strong></span> 
     </span>
    </p>
   </div>
   <div class='ocr_carea' id='block_1_68' title="bbox 492 3780 2059 3847">
    <p class='ocr_par' dir='ltr' id='par_1_68' title="bbox 492 3780 2059 3847">
     <span class='ocr_line' id='line_1_68' title="bbox 492 3780 2059 3847; baseline -0.003 -10"><span class='ocrx_word' id='word_1_456' title='bbox 492 3797 617 3837; x_wconf 86' lang='lat' dir='ltr'><strong>eam</strong></span> <span class='ocrx_word' id='word_1_457' title='bbox 640 3789 947 3836; x_wconf 86' lang='lat' dir='ltr'><strong>averterent</strong></span> <span class='ocrx_word' id='word_1_458' title='bbox 980 3797 1009 3835; x_wconf 91' lang='lat' dir='ltr'><strong>a</strong></span> <span class='ocrx_word' id='word_1_459' title='bbox 1037 3780 1274 3847; x_wconf 88' lang='lat' dir='ltr'><strong>Christo,</strong></span> <span class='ocrx_word' id='word_1_460' title='bbox 1316 3796 1408 3837; x_wconf 88' lang='lat' dir='ltr'><strong>eas</strong></span> <span class='ocrx_word' id='word_1_461' title='bbox 1460 3782 1655 3836; x_wconf 89' lang='lat' dir='ltr'><strong>iterum</strong></span> <span class='ocrx_word' id='word_1_462' title='bbox 1702 3781 1967 3836; x_wconf 85' lang='lat' dir='ltr'><strong>convertit</strong></span> <span class='ocrx_word' id='word_1_463' title='bbox 1992 3781 2059 3834; x_wconf 88' lang='lat' dir='ltr'><strong>ad</strong></span> 
     </span>
    </p>
   </div>
   <div class='ocr_carea' id='block_1_69' title="bbox 493 3870 2058 3941">
    <p class='ocr_par' dir='ltr' id='par_1_69' title="bbox 493 3870 2058 3941">
     <span class='ocr_line' id='line_1_69' title="bbox 493 3870 2058 3941; baseline -0.001 -15"><span class='ocrx_word' id='word_1_464' title='bbox 493 3870 787 3936; x_wconf 88' lang='lat' dir='ltr'><strong>Christum,</strong></span> <span class='ocrx_word' id='word_1_465' title='bbox 818 3872 888 3925; x_wconf 88' lang='lat' dir='ltr'><strong>ita</strong></span> <span class='ocrx_word' id='word_1_466' title='bbox 935 3871 1071 3926; x_wconf 88' lang='lat' dir='ltr'><strong>utin</strong></span> <span class='ocrx_word' id='word_1_467' title='bbox 1122 3885 1350 3941; x_wconf 89' lang='lat' dir='ltr'><strong>cuppam</strong></span> <span class='ocrx_word' id='word_1_468' title='bbox 1394 3872 1571 3925; x_wconf 72' lang='lat' dir='ltr'><strong>missze</strong></span> <span class='ocrx_word' id='word_1_469' title='bbox 1623 3887 1719 3941; x_wconf 87' lang='lat' dir='ltr'><strong>per</strong></span> <span class='ocrx_word' id='word_1_470' title='bbox 1746 3870 2058 3940; x_wconf 65' lang='lat' dir='ltr'><strong>praefectum</strong></span> 
     </span>
    </p>
   </div>
   <div class='ocr_carea' id='block_1_70' title="bbox 494 3950 2058 4032">
    <p class='ocr_par' dir='ltr' id='par_1_70' title="bbox 494 3950 2058 4032">
     <span class='ocr_line' id='line_1_70' title="bbox 494 3950 2058 4032; baseline 0.001 -16"><span class='ocrx_word' id='word_1_471' title='bbox 494 3960 731 4016; x_wconf 67' lang='lat' dir='ltr'><strong>incensae</strong></span> <span class='ocrx_word' id='word_1_472' title='bbox 769 3961 837 4015; x_wconf 90' lang='lat' dir='ltr'><strong>ad</strong></span> <span class='ocrx_word' id='word_1_473' title='bbox 884 3962 1125 4031; x_wconf 87' lang='lat' dir='ltr'><strong>martyrii</strong></span> <span class='ocrx_word' id='word_1_474' title='bbox 1171 3962 1403 4032; x_wconf 88' lang='lat' dir='ltr'><strong>palmam</strong></span> <span class='ocrx_word' id='word_1_475' title='bbox 1437 3950 1819 4032; x_wconf 63' lang='lat' dir='ltr'><strong>pervenerint:</strong></span> <span class='ocrx_word' id='word_1_476' title='bbox 1870 3972 2058 4032; x_wconf 87' lang='lat' dir='ltr'><strong>postea</strong></span> 
     </span>
    </p>
   </div>
   <div class='ocr_carea' id='block_1_71' title="bbox 492 4051 2057 4121">
    <p class='ocr_par' dir='ltr' id='par_1_71' title="bbox 492 4051 2057 4121">
     <span class='ocr_line' id='line_1_71' title="bbox 492 4051 2057 4121; baseline 0.001 -17"><span class='ocrx_word' id='word_1_477' title='bbox 492 4067 623 4106; x_wconf 88' lang='lat' dir='ltr'><strong>vero</strong></span> <span class='ocrx_word' id='word_1_478' title='bbox 645 4051 911 4106; x_wconf 87' lang='lat' dir='ltr'><strong>Dorotbea</strong></span> <span class='ocrx_word' id='word_1_479' title='bbox 926 4052 1081 4105; x_wconf 89' lang='lat' dir='ltr'><strong>ducta</strong></span> <span class='ocrx_word' id='word_1_480' title='bbox 1100 4052 1166 4106; x_wconf 92' lang='lat' dir='ltr'><strong>ad</strong></span> <span class='ocrx_word' id='word_1_481' title='bbox 1191 4052 1363 4105; x_wconf 88' lang='lat' dir='ltr'><strong>locum</strong></span> <span class='ocrx_word' id='word_1_482' title='bbox 1381 4064 1681 4121; x_wconf 63' lang='lat' dir='ltr'><strong>poenarum,</strong></span> <span class='ocrx_word' id='word_1_483' title='bbox 1706 4053 1793 4105; x_wconf 91' lang='lat' dir='ltr'><strong>ubi</strong></span> <span class='ocrx_word' id='word_1_484' title='bbox 1822 4061 1877 4105; x_wconf 92' lang='lat' dir='ltr'><strong>et</strong></span> <span class='ocrx_word' id='word_1_485' title='bbox 1902 4068 2057 4121; x_wconf 86' lang='lat' dir='ltr'><strong>passa</strong></span> 
     </span>
    </p>
   </div>
   <div class='ocr_carea' id='block_1_72' title="bbox 491 4141 2062 4211">
    <p class='ocr_par' dir='ltr' id='par_1_72' title="bbox 491 4141 2062 4211">
     <span class='ocr_line' id='line_1_72' title="bbox 491 4141 2062 4211; baseline 0 -14"><span class='ocrx_word' id='word_1_486' title='bbox 491 4152 593 4203; x_wconf 87' lang='lat' dir='ltr'><strong>est,</strong></span> <span class='ocrx_word' id='word_1_487' title='bbox 621 4149 741 4196; x_wconf 87' lang='lat' dir='ltr'><strong>cum</strong></span> <span class='ocrx_word' id='word_1_488' title='bbox 769 4157 799 4195; x_wconf 90' lang='lat' dir='ltr'><strong>a</strong></span> <span class='ocrx_word' id='word_1_489' title='bbox 830 4141 1126 4211; x_wconf 83' lang='lat' dir='ltr'><strong>&#39;I&#39;heOphilo</strong></span> <span class='ocrx_word' id='word_1_490' title='bbox 1171 4143 1401 4211; x_wconf 89' lang='lat' dir='ltr'><strong>quedam</strong></span> <span class='ocrx_word' id='word_1_491' title='bbox 1438 4141 1761 4196; x_wconf 87' lang='lat' dir='ltr'><strong>scholastice</strong></span> <span class='ocrx_word' id='word_1_492' title='bbox 1792 4142 2062 4197; x_wconf 88' lang='lat' dir='ltr'><strong>deridere-</strong></span> 
     </span>
    </p>
   </div>
   <div class='ocr_carea' id='block_1_73' title="bbox 494 4230 2061 4301">
    <p class='ocr_par' dir='ltr' id='par_1_73' title="bbox 494 4230 2061 4301">
     <span class='ocr_line' id='line_1_73' title="bbox 494 4230 2061 4301; baseline -0.001 -15"><span class='ocrx_word' id='word_1_493' title='bbox 494 4242 583 4286; x_wconf 90' lang='lat' dir='ltr'><strong>tur</strong></span> <span class='ocrx_word' id='word_1_494' title='bbox 611 4234 753 4301; x_wconf 90' lang='lat' dir='ltr'><strong>quod</strong></span> <span class='ocrx_word' id='word_1_495' title='bbox 776 4232 841 4286; x_wconf 92' lang='lat' dir='ltr'><strong>ad</strong></span> <span class='ocrx_word' id='word_1_496' title='bbox 870 4233 1173 4301; x_wconf 79' lang='lat' dir='ltr'><strong>paradisum</strong></span> <span class='ocrx_word' id='word_1_497' title='bbox 1197 4232 1414 4296; x_wconf 86' lang='lat' dir='ltr'><strong>vadens,</strong></span> <span class='ocrx_word' id='word_1_498' title='bbox 1443 4246 1473 4285; x_wconf 92' lang='lat' dir='ltr'><strong>a</strong></span> <span class='ocrx_word' id='word_1_499' title='bbox 1504 4244 1700 4301; x_wconf 91' lang='lat' dir='ltr'><strong>sponse</strong></span> <span class='ocrx_word' id='word_1_500' title='bbox 1720 4242 1816 4286; x_wconf 88' lang='lat' dir='ltr'><strong>suo</strong></span> <span class='ocrx_word' id='word_1_501' title='bbox 1842 4230 2061 4285; x_wconf 90' lang='lat' dir='ltr'><strong>Christo</strong></span> 
     </span>
    </p>
   </div>
   <div class='ocr_carea' id='block_1_74' title="bbox 492 4321 2060 4392">
    <p class='ocr_par' dir='ltr' id='par_1_74' title="bbox 492 4321 2060 4392">
     <span class='ocr_line' id='line_1_74' title="bbox 492 4321 2060 4392; baseline -0.001 -15"><span class='ocrx_word' id='word_1_502' title='bbox 492 4333 541 4377; x_wconf 88' lang='lat' dir='ltr'><strong>et</strong></span> <span class='ocrx_word' id='word_1_503' title='bbox 567 4337 723 4392; x_wconf 90' lang='lat' dir='ltr'><strong>poma</strong></span> <span class='ocrx_word' id='word_1_504' title='bbox 748 4331 802 4376; x_wconf 91' lang='lat' dir='ltr'><strong>et</strong></span> <span class='ocrx_word' id='word_1_505' title='bbox 847 4337 999 4377; x_wconf 91' lang='lat' dir='ltr'><strong>rosas</strong></span> <span class='ocrx_word' id='word_1_506' title='bbox 1024 4321 1275 4376; x_wconf 83' lang='lat' dir='ltr'><strong>florentes</strong></span> <span class='ocrx_word' id='word_1_507' title='bbox 1311 4321 1411 4376; x_wconf 87' lang='lat' dir='ltr'><strong>sibi</strong></span> <span class='ocrx_word' id='word_1_508' title='bbox 1465 4321 1716 4385; x_wconf 89' lang='lat' dir='ltr'><strong>mitteret,</strong></span> <span class='ocrx_word' id='word_1_509' title='bbox 1750 4321 1852 4376; x_wconf 87' lang='lat' dir='ltr'><strong>hoc</strong></span> <span class='ocrx_word' id='word_1_510' title='bbox 1899 4321 2060 4376; x_wconf 89' lang='lat' dir='ltr'><strong>citius</strong></span> 
     </span>
    </p>
   </div>
   <div class='ocr_carea' id='block_1_75' title="bbox 495 4408 2055 4480">
    <p class='ocr_par' dir='ltr' id='par_1_75' title="bbox 495 4408 2055 4480">
     <span class='ocr_line' id='line_1_75' title="bbox 495 4408 2055 4480; baseline 0.001 -17"><span class='ocrx_word' id='word_1_511' title='bbox 495 4410 842 4480; x_wconf 80' lang='lat' dir='ltr'><strong>impetravit;</strong></span> <span class='ocrx_word' id='word_1_512' title='bbox 895 4410 1035 4479; x_wconf 89' lang='lat' dir='ltr'><strong>quod</strong></span> <span class='ocrx_word' id='word_1_513' title='bbox 1085 4426 1209 4464; x_wconf 92' lang='lat' dir='ltr'><strong>cum</strong></span> <span class='ocrx_word' id='word_1_514' title='bbox 1263 4410 1480 4464; x_wconf 86' lang='lat' dir='ltr'><strong>vidisset</strong></span> <span class='ocrx_word' id='word_1_515' title='bbox 1530 4408 1876 4479; x_wconf 90' lang='lat' dir='ltr'><strong>Theephilus,</strong></span> <span class='ocrx_word' id='word_1_516' title='bbox 1931 4425 2055 4464; x_wconf 81' lang='lat' dir='ltr'><strong>mox</strong></span> 
     </span>
    </p>
   </div>
   <div class='ocr_carea' id='block_1_76' title="bbox 491 4500 2057 4571">
    <p class='ocr_par' dir='ltr' id='par_1_76' title="bbox 491 4500 2057 4571">
     <span class='ocr_line' id='line_1_76' title="bbox 491 4500 2057 4571; baseline 0 -17"><span class='ocrx_word' id='word_1_517' title='bbox 491 4503 764 4557; x_wconf 80' lang='lat' dir='ltr'><strong>Christum</strong></span> <span class='ocrx_word' id='word_1_518' title='bbox 796 4501 1075 4557; x_wconf 77' lang='lat' dir='ltr'><strong>confessus</strong></span> <span class='ocrx_word' id='word_1_519' title='bbox 1125 4510 1207 4555; x_wconf 87' lang='lat' dir='ltr'><strong>est</strong></span> <span class='ocrx_word' id='word_1_520' title='bbox 1253 4515 1440 4555; x_wconf 89' lang='lat' dir='ltr'><strong>verum</strong></span> <span class='ocrx_word' id='word_1_521' title='bbox 1468 4501 1659 4565; x_wconf 91' lang='lat' dir='ltr'><strong>Deum,</strong></span> <span class='ocrx_word' id='word_1_522' title='bbox 1707 4509 1763 4554; x_wconf 91' lang='lat' dir='ltr'><strong>et</strong></span> <span class='ocrx_word' id='word_1_523' title='bbox 1804 4500 2057 4571; x_wconf 83' lang='lat' dir='ltr'><strong>martyri-</strong></span> 
     </span>
    </p>
   </div>
   <div class='ocr_carea' id='block_1_77' title="bbox 494 4589 2054 4660">
    <p class='ocr_par' dir='ltr' id='par_1_77' title="bbox 494 4589 2054 4660">
     <span class='ocr_line' id='line_1_77' title="bbox 494 4589 2054 4660; baseline 0.001 -17"><span class='ocrx_word' id='word_1_524' title='bbox 494 4593 633 4644; x_wconf 74' lang='lat' dir='ltr'><strong>zavit</strong></span> <span class='ocrx_word' id='word_1_525' title='bbox 671 4591 768 4647; x_wconf 86' lang='lat' dir='ltr'><strong>sub</strong></span> <span class='ocrx_word' id='word_1_526' title='bbox 808 4590 994 4645; x_wconf 89' lang='lat' dir='ltr'><strong>eodem</strong></span> <span class='ocrx_word' id='word_1_527' title='bbox 1039 4592 1291 4659; x_wconf 73' lang='lat' dir='ltr'><strong>przefecte</strong></span> <span class='ocrx_word' id='word_1_528' title='bbox 1335 4590 1511 4660; x_wconf 75' lang='lat' dir='ltr'><strong>capite</strong></span> <span class='ocrx_word' id='word_1_529' title='bbox 1562 4590 1767 4660; x_wconf 78' lang='lat' dir='ltr'><strong>plcxus.</strong></span> <span class='ocrx_word' id='word_1_530' title='bbox 1798 4590 1853 4644; x_wconf 93' lang='lat' dir='ltr'><strong>In</strong></span> <span class='ocrx_word' id='word_1_531' title='bbox 1883 4589 2054 4644; x_wconf 87' lang='lat' dir='ltr'><strong>Gallia</strong></span> 
     </span>
    </p>
   </div>
   <div class='ocr_carea' id='block_1_78' title="bbox 493 4678 2053 4750">
    <p class='ocr_par' dir='ltr' id='par_1_78' title="bbox 493 4678 2053 4750">
     <span class='ocr_line' id='line_1_78' title="bbox 493 4678 2053 4750; baseline 0.002 -18"><span class='ocrx_word' id='word_1_532' title='bbox 493 4681 708 4734; x_wconf 71' lang='lat' dir='ltr'><strong>civitate</strong></span> <span class='ocrx_word' id='word_1_533' title='bbox 754 4680 991 4734; x_wconf 88' lang='lat' dir='ltr'><strong>Aderato</strong></span> <span class='ocrx_word' id='word_1_534' title='bbox 1045 4678 1372 4750; x_wconf 84' lang='lat' dir='ltr'><strong>[Atrebate],</strong></span> <span class='ocrx_word' id='word_1_535' title='bbox 1424 4680 1684 4750; x_wconf 89' lang='lat' dir='ltr'><strong>depositio</strong></span> <span class='ocrx_word' id='word_1_536' title='bbox 1732 4681 1903 4735; x_wconf 87' lang='lat' dir='ltr'><strong>sancti</strong></span> <span class='ocrx_word' id='word_1_537' title='bbox 1946 4678 2053 4735; x_wconf 89' lang='lat' dir='ltr'><strong>Vc-</strong></span> 
     </span>
    </p>
   </div>
   <div class='ocr_carea' id='block_1_79' title="bbox 495 4768 2056 4840">
    <p class='ocr_par' dir='ltr' id='par_1_79' title="bbox 495 4768 2056 4840">
     <span class='ocr_line' id='line_1_79' title="bbox 495 4768 2056 4840; baseline 0 -16"><span class='ocrx_word' id='word_1_538' title='bbox 495 4771 655 4834; x_wconf 89' lang='lat' dir='ltr'><strong>dasti,</strong></span> <span class='ocrx_word' id='word_1_539' title='bbox 695 4771 930 4840; x_wconf 89' lang='lat' dir='ltr'><strong>cpisc0pi</strong></span> <span class='ocrx_word' id='word_1_540' title='bbox 959 4779 1013 4823; x_wconf 91' lang='lat' dir='ltr'><strong>ct</strong></span> <span class='ocrx_word' id='word_1_541' title='bbox 1041 4768 1367 4831; x_wconf 83' lang='lat' dir='ltr'><strong>confessoris</strong></span> <span class='ocrx_word' id='word_1_542' title='bbox 1413 4778 1467 4825; x_wconf 91' lang='lat' dir='ltr'><strong>et</strong></span> <span class='ocrx_word' id='word_1_543' title='bbox 1496 4770 1548 4823; x_wconf 93' lang='lat' dir='ltr'><strong>in</strong></span> <span class='ocrx_word' id='word_1_544' title='bbox 1573 4769 1757 4824; x_wconf 86' lang='lat' dir='ltr'><strong>Ellene</strong></span> <span class='ocrx_word' id='word_1_545' title='bbox 1786 4777 2056 4824; x_wconf 88' lang='lat' dir='ltr'><strong>monaste-</strong></span> 
     </span>
    </p>
   </div>
   <div class='ocr_carea' id='block_1_80' title="bbox 494 4860 2051 4930">
    <p class='ocr_par' dir='ltr' id='par_1_80' title="bbox 494 4860 2051 4930">
     <span class='ocr_line' id='line_1_80' title="bbox 494 4860 2051 4930; baseline -0.001 -15"><span class='ocrx_word' id='word_1_546' title='bbox 494 4862 577 4915; x_wconf 87' lang='lat' dir='ltr'><strong>rio</strong></span> <span class='ocrx_word' id='word_1_547' title='bbox 604 4861 864 4930; x_wconf 80' lang='lat' dir='ltr'><strong>depositio</strong></span> <span class='ocrx_word' id='word_1_548' title='bbox 889 4860 1056 4915; x_wconf 88' lang='lat' dir='ltr'><strong>sancti</strong></span> <span class='ocrx_word' id='word_1_549' title='bbox 1085 4862 1332 4923; x_wconf 91' lang='lat' dir='ltr'><strong>Amandi,</strong></span> <span class='ocrx_word' id='word_1_550' title='bbox 1362 4860 1595 4930; x_wconf 89' lang='lat' dir='ltr'><strong>episcopi</strong></span> <span class='ocrx_word' id='word_1_551' title='bbox 1626 4870 1679 4915; x_wconf 91' lang='lat' dir='ltr'><strong>et</strong></span> <span class='ocrx_word' id='word_1_552' title='bbox 1707 4860 2051 4915; x_wconf 86' lang='lat' dir='ltr'><strong>confessoris.</strong></span> 
     </span>
    </p>
   </div>
   <div class='ocr_carea' id='block_1_81' title="bbox 567 4949 2053 5021">
    <p class='ocr_par' dir='ltr' id='par_1_81' title="bbox 567 4949 2053 5021">
     <span class='ocr_line' id='line_1_81' title="bbox 567 4949 2053 5021; baseline 0.001 -18"><span class='ocrx_word' id='word_1_553' title='bbox 567 4949 651 5003; x_wconf 82' lang='lat' dir='ltr'><strong>VII</strong></span> <span class='ocrx_word' id='word_1_554' title='bbox 686 4949 739 5003; x_wconf 85' lang='lat' dir='ltr'><strong>Ie</strong></span> <span class='ocrx_word' id='word_1_555' title='bbox 796 4951 851 5003; x_wconf 90' lang='lat' dir='ltr'><strong>In</strong></span> <span class='ocrx_word' id='word_1_556' title='bbox 879 4949 1166 5015; x_wconf 83' lang='lat' dir='ltr'><strong>Britannis,</strong></span> <span class='ocrx_word' id='word_1_557' title='bbox 1198 4951 1249 5003; x_wconf 93' lang='lat' dir='ltr'><strong>in</strong></span> <span class='ocrx_word' id='word_1_558' title='bbox 1279 4951 1494 5005; x_wconf 90' lang='lat' dir='ltr'><strong>civitate</strong></span> <span class='ocrx_word' id='word_1_559' title='bbox 1514 4950 1774 5021; x_wconf 82' lang='lat' dir='ltr'><strong>Augusta,</strong></span> <span class='ocrx_word' id='word_1_560' title='bbox 1802 4952 2053 5007; x_wconf 86' lang='lat' dir='ltr'><strong>nativitas</strong></span> 
     </span>
    </p>
   </div>
   <div class='ocr_carea' id='block_1_82' title="bbox 499 5044 1354 5115">
    <p class='ocr_par' dir='ltr' id='par_1_82' title="bbox 499 5044 1354 5115">
     <span class='ocr_line' id='line_1_82' title="bbox 499 5044 1354 5115; baseline -0.005 -14"><span class='ocrx_word' id='word_1_561' title='bbox 499 5044 703 5115; x_wconf 83' lang='lat' dir='ltr'><strong>Attguli,</strong></span> <span class='ocrx_word' id='word_1_562' title='bbox 741 5044 975 5115; x_wconf 67' lang='lat' dir='ltr'><strong>tpiSCOpi</strong></span> <span class='ocrx_word' id='word_1_563' title='bbox 1003 5052 1058 5097; x_wconf 90' lang='lat' dir='ltr'><strong>et</strong></span> <span class='ocrx_word' id='word_1_564' title='bbox 1086 5044 1354 5114; x_wconf 87' lang='lat' dir='ltr'><strong>martyris.</strong></span> 
     </span>
    </p>
   </div>
   <div class='ocr_carea' id='block_1_83' title="bbox 566 5132 2055 5203">
    <p class='ocr_par' dir='ltr' id='par_1_83' title="bbox 566 5132 2055 5203">
     <span class='ocr_line' id='line_1_83' title="bbox 566 5132 2055 5203; baseline 0.001 -16"><span class='ocrx_word' id='word_1_565' title='bbox 566 5132 725 5187; x_wconf 81' lang='lat' dir='ltr'><strong>Vlla.</strong></span> <span class='ocrx_word' id='word_1_566' title='bbox 782 5135 962 5188; x_wconf 72' lang='lat' dir='ltr'><strong>[leum</strong></span> <span class='ocrx_word' id='word_1_567' title='bbox 1012 5134 1275 5203; x_wconf 85' lang='lat' dir='ltr'><strong>depositio</strong></span> <span class='ocrx_word' id='word_1_568' title='bbox 1315 5134 1486 5188; x_wconf 89' lang='lat' dir='ltr'><strong>sancti</strong></span> <span class='ocrx_word' id='word_1_569' title='bbox 1541 5133 1691 5187; x_wconf 88' lang='lat' dir='ltr'><strong>Pauli</strong></span> <span class='ocrx_word' id='word_1_570' title='bbox 1734 5132 1971 5203; x_wconf 89' lang='lat' dir='ltr'><strong>episcopi</strong></span> <span class='ocrx_word' id='word_1_571' title='bbox 2000 5142 2055 5188; x_wconf 89' lang='lat' dir='ltr'><strong>et</strong></span> 
     </span>
    </p>
   </div>
   <div class='ocr_carea' id='block_1_84' title="bbox 495 5222 818 5293">
    <p class='ocr_par' dir='ltr' id='par_1_84' title="bbox 495 5222 818 5293">
     <span class='ocr_line' id='line_1_84' title="bbox 495 5222 818 5293; baseline -0.006 -14"><span class='ocrx_word' id='word_1_572' title='bbox 495 5222 616 5279; x_wconf 77' lang='lat' dir='ltr'><strong>Julii</strong></span> <span class='ocrx_word' id='word_1_573' title='bbox 649 5240 818 5293; x_wconf 67' lang='lat' dir='ltr'><strong>papm.</strong></span> 
     </span>
    </p>
   </div>
   <div class='ocr_carea' id='block_1_85' title="bbox 570 5312 2059 5386">
    <p class='ocr_par' dir='ltr' id='par_1_85' title="bbox 570 5312 2059 5386">
     <span class='ocr_line' id='line_1_85' title="bbox 570 5312 2059 5386; baseline 0.002 -18"><span class='ocrx_word' id='word_1_574' title='bbox 570 5313 608 5368; x_wconf 82' lang='lat' dir='ltr'><strong>V</strong></span> <span class='ocrx_word' id='word_1_575' title='bbox 640 5313 714 5367; x_wconf 82' lang='lat' dir='ltr'><strong>lo.</strong></span> <span class='ocrx_word' id='word_1_576' title='bbox 744 5314 920 5368; x_wconf 81' lang='lat' dir='ltr'><strong>Suevo</strong></span> <span class='ocrx_word' id='word_1_577' title='bbox 957 5314 1115 5386; x_wconf 75' lang='lat' dir='ltr'><strong>[Soli]</strong></span> <span class='ocrx_word' id='word_1_578' title='bbox 1162 5313 1301 5384; x_wconf 89' lang='lat' dir='ltr'><strong>apud</strong></span> <span class='ocrx_word' id='word_1_579' title='bbox 1346 5312 1577 5384; x_wconf 81' lang='lat' dir='ltr'><strong>Cyprum</strong></span> <span class='ocrx_word' id='word_1_580' title='bbox 1606 5315 1781 5368; x_wconf 90' lang='lat' dir='ltr'><strong>natale</strong></span> <span class='ocrx_word' id='word_1_581' title='bbox 1824 5314 2059 5371; x_wconf 80' lang='lat' dir='ltr'><strong>Alexan-</strong></span> 
     </span>
    </p>
   </div>
   <div class='ocr_carea' id='block_1_86' title="bbox 496 5397 2055 5478">
    <p class='ocr_par' dir='ltr' id='par_1_86' title="bbox 496 5397 2055 5478">
     <span class='ocr_line' id='line_1_86' title="bbox 496 5397 2055 5478; baseline 0.001 -19"><span class='ocrx_word' id='word_1_582' title='bbox 496 5404 603 5469; x_wconf 89' lang='lat' dir='ltr'><strong>dri,</strong></span> <span class='ocrx_word' id='word_1_583' title='bbox 634 5397 929 5469; x_wconf 75' lang='lat' dir='ltr'><strong>Ammonis,</strong></span> <span class='ocrx_word' id='word_1_584' title='bbox 978 5407 1106 5459; x_wconf 86' lang='lat' dir='ltr'><strong>item</strong></span> <span class='ocrx_word' id='word_1_585' title='bbox 1144 5405 1422 5460; x_wconf 84' lang='lat' dir='ltr'><strong>Ammonis</strong></span> <span class='ocrx_word' id='word_1_586' title='bbox 1460 5413 1517 5461; x_wconf 87' lang='lat' dir='ltr'><strong>et</strong></span> <span class='ocrx_word' id='word_1_587' title='bbox 1564 5405 1794 5460; x_wconf 87' lang='lat' dir='ltr'><strong>alierum</strong></span> <span class='ocrx_word' id='word_1_588' title='bbox 1844 5406 2055 5478; x_wconf 75' lang='lat' dir='ltr'><strong>triginta</strong></span> 
     </span>
    </p>
   </div>
   <div class='ocr_carea' id='block_1_87' title="bbox 497 5504 720 5564">
    <p class='ocr_par' dir='ltr' id='par_1_87' title="bbox 497 5504 720 5564">
     <span class='ocr_line' id='line_1_87' title="bbox 497 5504 720 5564; baseline -0.009 -15"><span class='ocrx_word' id='word_1_589' title='bbox 497 5504 720 5564; x_wconf 85' lang='lat' dir='ltr'><strong>septem.</strong></span> 
     </span>
    </p>
   </div>
   <div class='ocr_carea' id='block_1_88' title="bbox 570 5585 2058 5662">
    <p class='ocr_par' dir='ltr' id='par_1_88' title="bbox 570 5585 2058 5662">
     <span class='ocr_line' id='line_1_88' title="bbox 570 5585 2058 5662; baseline 0.005 -25"><span class='ocrx_word' id='word_1_590' title='bbox 570 5585 630 5639; x_wconf 76' lang='grc' dir='ltr'>ιν</span> <span class='ocrx_word' id='word_1_591' title='bbox 662 5586 735 5640; x_wconf 81' lang='lat' dir='ltr'><strong>In.</strong></span> <span class='ocrx_word' id='word_1_592' title='bbox 764 5586 817 5639; x_wconf 92' lang='lat' dir='ltr'><strong>ln</strong></span> <span class='ocrx_word' id='word_1_593' title='bbox 849 5588 1134 5657; x_wconf 84' lang='lat' dir='ltr'><strong>Campania</strong></span> <span class='ocrx_word' id='word_1_594' title='bbox 1183 5588 1434 5644; x_wconf 90' lang='lat' dir='ltr'><strong>nativitas</strong></span> <span class='ocrx_word' id='word_1_595' title='bbox 1472 5591 1640 5645; x_wconf 90' lang='lat' dir='ltr'><strong>sancti</strong></span> <span class='ocrx_word' id='word_1_596' title='bbox 1686 5589 1921 5662; x_wconf 83' lang='lat' dir='ltr'><strong>Sylviani</strong></span> <span class='ocrx_word' id='word_1_597' title='bbox 1949 5592 2058 5662; x_wconf 88' lang='lat' dir='ltr'><strong>epi-</strong></span> 
     </span>
    </p>
   </div>
   <div class='ocr_carea' id='block_1_89' title="bbox 501 5676 2059 5743">
    <p class='ocr_par' dir='ltr' id='par_1_89' title="bbox 501 5676 2059 5743">
     <span class='ocr_line' id='line_1_89' title="bbox 501 5676 2059 5743; baseline 0.004 -14"><span class='ocrx_word' id='word_1_598' title='bbox 501 5676 644 5743; x_wconf 81' lang='lat' dir='ltr'><strong>scopi</strong></span> <span class='ocrx_word' id='word_1_599' title='bbox 675 5687 727 5729; x_wconf 86' lang='lat' dir='ltr'><strong>et</strong></span> <span class='ocrx_word' id='word_1_600' title='bbox 753 5677 1095 5741; x_wconf 83' lang='lat' dir='ltr'><strong>confessoris,</strong></span> <span class='ocrx_word' id='word_1_601' title='bbox 1124 5680 1251 5731; x_wconf 89' lang='lat' dir='ltr'><strong>etin</strong></span> <span class='ocrx_word' id='word_1_602' title='bbox 1282 5677 1588 5734; x_wconf 86' lang='lat' dir='ltr'><strong>Bethlehem</strong></span> <span class='ocrx_word' id='word_1_603' title='bbox 1618 5681 1836 5735; x_wconf 88' lang='lat' dir='ltr'><strong>civitate</strong></span> <span class='ocrx_word' id='word_1_604' title='bbox 1865 5681 2059 5737; x_wconf 62' lang='lat' dir='ltr'><strong>Iudaeae</strong></span> 
     </span>
    </p>
   </div>
   <div class='ocr_carea' id='block_1_90' title="bbox 502 5766 2056 5840">
    <p class='ocr_par' dir='ltr' id='par_1_90' title="bbox 502 5766 2056 5840">
     <span class='ocr_line' id='line_1_90' title="bbox 502 5766 2056 5840; baseline 0.006 -25"><span class='ocrx_word' id='word_1_605' title='bbox 502 5768 598 5819; x_wconf 77' lang='lat' dir='ltr'><strong>sub</strong></span> <span class='ocrx_word' id='word_1_606' title='bbox 622 5766 824 5821; x_wconf 66' lang='lat' dir='ltr'><strong>Herode</strong></span> <span class='ocrx_word' id='word_1_607' title='bbox 851 5784 971 5834; x_wconf 68' lang='lat' dir='ltr'><strong>I&#39;Pgl!</strong></span> <span class='ocrx_word' id='word_1_608' title='bbox 999 5768 1173 5837; x_wconf 82' lang='lat' dir='ltr'><strong>passio</strong></span> <span class='ocrx_word' id='word_1_609' title='bbox 1196 5778 1502 5823; x_wconf 90' lang='lat' dir='ltr'><strong>sanctorum</strong></span> <span class='ocrx_word' id='word_1_610' title='bbox 1536 5769 1765 5825; x_wconf 77' lang='lat' dir='ltr'><strong>Andrea:</strong></span> <span class='ocrx_word' id='word_1_611' title='bbox 1793 5781 1843 5824; x_wconf 87' lang='lat' dir='ltr'><strong>et</strong></span> <span class='ocrx_word' id='word_1_612' title='bbox 1879 5772 2056 5840; x_wconf 82' lang='lat' dir='ltr'><strong>Appo-</strong></span> 
     </span>
    </p>
   </div>
   <div class='ocr_carea' id='block_1_91' title="bbox 2164 3328 3729 3399">
    <p class='ocr_par' dir='ltr' id='par_1_91' title="bbox 2164 3328 3729 3399">
     <span class='ocr_line' id='line_1_91' title="bbox 2164 3328 3729 3399; baseline 0.002 -21"><span class='ocrx_word' id='word_1_613' title='bbox 2164 3328 2253 3396; x_wconf 90' lang='lat' dir='ltr'><strong>qui</strong></span> <span class='ocrx_word' id='word_1_614' title='bbox 2286 3341 2390 3381; x_wconf 92' lang='lat' dir='ltr'><strong>non</strong></span> <span class='ocrx_word' id='word_1_615' title='bbox 2419 3328 2573 3398; x_wconf 88' lang='lat' dir='ltr'><strong>longe</strong></span> <span class='ocrx_word' id='word_1_616' title='bbox 2596 3338 2720 3383; x_wconf 91' lang='lat' dir='ltr'><strong>sunt</strong></span> <span class='ocrx_word' id='word_1_617' title='bbox 2748 3344 2777 3383; x_wconf 90' lang='lat' dir='ltr'><strong>a</strong></span> <span class='ocrx_word' id='word_1_618' title='bbox 2802 3330 2978 3398; x_wconf 89' lang='lat' dir='ltr'><strong>capite</strong></span> <span class='ocrx_word' id='word_1_619' title='bbox 3017 3330 3190 3384; x_wconf 87' lang='lat' dir='ltr'><strong>sancti</strong></span> <span class='ocrx_word' id='word_1_620' title='bbox 3219 3329 3491 3384; x_wconf 87' lang='lat' dir='ltr'><strong>Valentini</strong></span> <span class='ocrx_word' id='word_1_621' title='bbox 3518 3329 3729 3399; x_wconf 83' lang='lat' dir='ltr'><strong>sepulti.</strong></span> 
     </span>
    </p>
   </div>
   <div class='ocr_carea' id='block_1_92' title="bbox 2236 3416 3729 3491">
    <p class='ocr_par' dir='ltr' id='par_1_92' title="bbox 2236 3416 3729 3491">
     <span class='ocr_line' id='line_1_92' title="bbox 2236 3416 3729 3491; baseline 0.002 -20"><span class='ocrx_word' id='word_1_622' title='bbox 2236 3416 2327 3471; x_wconf 82' lang='lat' dir='ltr'><strong>XV</strong></span> <span class='ocrx_word' id='word_1_623' title='bbox 2358 3417 2491 3473; x_wconf 80' lang='lat' dir='ltr'><strong>KAL.</strong></span> <span class='ocrx_word' id='word_1_624' title='bbox 2520 3418 2577 3473; x_wconf 92' lang='lat' dir='ltr'><strong>In</strong></span> <span class='ocrx_word' id='word_1_625' title='bbox 2607 3419 2894 3480; x_wconf 85' lang='lat' dir='ltr'><strong>Antiochia</strong></span> <span class='ocrx_word' id='word_1_626' title='bbox 2938 3421 3193 3476; x_wconf 81' lang='lat' dir='ltr'><strong>nativitas</strong></span> <span class='ocrx_word' id='word_1_627' title='bbox 3231 3418 3451 3491; x_wconf 67' lang='lat' dir='ltr'><strong>Iosephi</strong></span> <span class='ocrx_word' id='word_1_628' title='bbox 3501 3421 3729 3483; x_wconf 88' lang='lat' dir='ltr'><strong>diaconi,</strong></span> 
     </span>
    </p>
   </div>
   <div class='ocr_carea' id='block_1_93' title="bbox 2165 3507 3733 3583">
    <p class='ocr_par' dir='ltr' id='par_1_93' title="bbox 2165 3507 3733 3583">
     <span class='ocr_line' id='line_1_93' title="bbox 2165 3507 3733 3583; baseline 0.001 -21"><span class='ocrx_word' id='word_1_629' title='bbox 2165 3507 2417 3563; x_wconf 89' lang='lat' dir='ltr'><strong>Zenonis.</strong></span> <span class='ocrx_word' id='word_1_630' title='bbox 2450 3507 2769 3565; x_wconf 76' lang='lat' dir='ltr'><strong>Interamna:</strong></span> <span class='ocrx_word' id='word_1_631' title='bbox 2805 3510 3059 3564; x_wconf 90' lang='lat' dir='ltr'><strong>nativitas</strong></span> <span class='ocrx_word' id='word_1_632' title='bbox 3097 3518 3299 3566; x_wconf 73' lang='lat' dir='ltr'><strong>sancta:</strong></span> <span class='ocrx_word' id='word_1_633' title='bbox 3344 3510 3543 3581; x_wconf 76' lang='lat' dir='ltr'><strong>Agapa:</strong></span> <span class='ocrx_word' id='word_1_634' title='bbox 3575 3508 3733 3583; x_wconf 78' lang='lat' dir='ltr'><strong>[Aga-</strong></span> 
     </span>
    </p>
   </div>
   <div class='ocr_carea' id='block_1_94' title="bbox 2161 3596 3431 3670">
    <p class='ocr_par' dir='ltr' id='par_1_94' title="bbox 2161 3596 3431 3670">
     <span class='ocr_line' id='line_1_94' title="bbox 2161 3596 3431 3670; baseline 0 -19"><span class='ocrx_word' id='word_1_635' title='bbox 2161 3596 2267 3667; x_wconf 89' lang='lat' dir='ltr'><strong>pis]</strong></span> <span class='ocrx_word' id='word_1_636' title='bbox 2295 3598 2539 3669; x_wconf 76' lang='lat' dir='ltr'><strong>virginis,</strong></span> <span class='ocrx_word' id='word_1_637' title='bbox 2568 3598 2870 3663; x_wconf 89' lang='lat' dir='ltr'><strong>Saturnini,</strong></span> <span class='ocrx_word' id='word_1_638' title='bbox 2896 3597 3125 3653; x_wconf 74' lang='lat' dir='ltr'><strong>C&#39;astula:</strong></span> <span class='ocrx_word' id='word_1_639' title='bbox 3159 3597 3431 3670; x_wconf 89' lang='lat' dir='ltr'><strong>[Castuli].</strong></span> 
     </span>
    </p>
   </div>
   <div class='ocr_carea' id='block_1_95' title="bbox 2230 3686 3734 3757">
    <p class='ocr_par' dir='ltr' id='par_1_95' title="bbox 2230 3686 3734 3757">
     <span class='ocr_line' id='line_1_95' title="bbox 2230 3686 3734 3757; baseline 0 -14"><span class='ocrx_word' id='word_1_640' title='bbox 2230 3688 2345 3743; x_wconf 78' lang='lat' dir='ltr'><strong>XIV</strong></span> <span class='ocrx_word' id='word_1_641' title='bbox 2378 3688 2509 3742; x_wconf 70' lang='grc' dir='ltr'><strong>ΚΜ..</strong></span> <span class='ocrx_word' id='word_1_642' title='bbox 2559 3688 2742 3744; x_wconf 89' lang='lat' dir='ltr'><strong>Sancti</strong></span> <span class='ocrx_word' id='word_1_643' title='bbox 2787 3687 3025 3744; x_wconf 90' lang='lat' dir='ltr'><strong>Onesimi</strong></span> <span class='ocrx_word' id='word_1_644' title='bbox 3071 3687 3322 3757; x_wconf 91' lang='lat' dir='ltr'><strong>apostoli,</strong></span> <span class='ocrx_word' id='word_1_645' title='bbox 3351 3696 3405 3742; x_wconf 92' lang='lat' dir='ltr'><strong>et</strong></span> <span class='ocrx_word' id='word_1_646' title='bbox 3456 3689 3511 3741; x_wconf 91' lang='lat' dir='ltr'><strong>in</strong></span> <span class='ocrx_word' id='word_1_647' title='bbox 3550 3686 3734 3743; x_wconf 73' lang='lat' dir='ltr'><strong>(Iuniis</strong></span> 
     </span>
    </p>
   </div>
   <div class='ocr_carea' id='block_1_96' title="bbox 2163 3776 3730 3849">
    <p class='ocr_par' dir='ltr' id='par_1_96' title="bbox 2163 3776 3730 3849">
     <span class='ocr_line' id='line_1_96' title="bbox 2163 3776 3730 3849; baseline -0.001 -15"><span class='ocrx_word' id='word_1_648' title='bbox 2163 3780 2416 3835; x_wconf 88' lang='lat' dir='ltr'><strong>nativitas</strong></span> <span class='ocrx_word' id='word_1_649' title='bbox 2438 3787 2639 3834; x_wconf 83' lang='lat' dir='ltr'><strong>sanctae</strong></span> <span class='ocrx_word' id='word_1_650' title='bbox 2662 3776 2888 3833; x_wconf 68' lang='lat' dir='ltr'><strong>Julianre</strong></span> <span class='ocrx_word' id='word_1_651' title='bbox 2913 3778 3155 3849; x_wconf 86' lang='lat' dir='ltr'><strong>virginis,</strong></span> <span class='ocrx_word' id='word_1_652' title='bbox 3190 3793 3311 3848; x_wconf 81' lang='lat' dir='ltr'><strong>quae</strong></span> <span class='ocrx_word' id='word_1_653' title='bbox 3347 3787 3591 3848; x_wconf 89' lang='lat' dir='ltr'><strong>tempore</strong></span> <span class='ocrx_word' id='word_1_654' title='bbox 3618 3779 3730 3833; x_wconf 80' lang='lat' dir='ltr'><strong>Ma-</strong></span> 
     </span>
    </p>
   </div>
   <div class='ocr_carea' id='block_1_97' title="bbox 2164 3871 3730 3942">
    <p class='ocr_par' dir='ltr' id='par_1_97' title="bbox 2164 3871 3730 3942">
     <span class='ocr_line' id='line_1_97' title="bbox 2164 3871 3730 3942; baseline 0 -17"><span class='ocrx_word' id='word_1_655' title='bbox 2164 3872 2383 3927; x_wconf 82' lang='lat' dir='ltr'><strong>ximiani</strong></span> <span class='ocrx_word' id='word_1_656' title='bbox 2439 3872 2782 3941; x_wconf 88' lang='lat' dir='ltr'><strong>imperatoris</strong></span> <span class='ocrx_word' id='word_1_657' title='bbox 2842 3872 3017 3941; x_wconf 90' lang='lat' dir='ltr'><strong>primo</strong></span> <span class='ocrx_word' id='word_1_658' title='bbox 3064 3888 3095 3926; x_wconf 88' lang='lat' dir='ltr'><strong>a</strong></span> <span class='ocrx_word' id='word_1_659' title='bbox 3127 3886 3224 3927; x_wconf 90' lang='lat' dir='ltr'><strong>suo</strong></span> <span class='ocrx_word' id='word_1_660' title='bbox 3275 3881 3427 3942; x_wconf 87' lang='lat' dir='ltr'><strong>patre</strong></span> <span class='ocrx_word' id='word_1_661' title='bbox 3473 3871 3730 3927; x_wconf 83' lang='lat' dir='ltr'><strong>Africano</strong></span> 
     </span>
    </p>
   </div>
   <div class='ocr_carea' id='block_1_98' title="bbox 2162 3961 3730 4033">
    <p class='ocr_par' dir='ltr' id='par_1_98' title="bbox 2162 3961 3730 4033">
     <span class='ocr_line' id='line_1_98' title="bbox 2162 3961 3730 4033; baseline -0.003 -16"><span class='ocrx_word' id='word_1_662' title='bbox 2162 3977 2299 4017; x_wconf 72' lang='lat' dir='ltr'><strong>czcsa</strong></span> <span class='ocrx_word' id='word_1_663' title='bbox 2334 3969 2387 4017; x_wconf 83' lang='lat' dir='ltr'><strong>et</strong></span> <span class='ocrx_word' id='word_1_664' title='bbox 2428 3962 2664 4033; x_wconf 85' lang='lat' dir='ltr'><strong>graviter</strong></span> <span class='ocrx_word' id='word_1_665' title='bbox 2709 3962 2973 4026; x_wconf 90' lang='lat' dir='ltr'><strong>cruciata,</strong></span> <span class='ocrx_word' id='word_1_666' title='bbox 3004 3962 3124 4017; x_wconf 90' lang='lat' dir='ltr'><strong>dein</strong></span> <span class='ocrx_word' id='word_1_667' title='bbox 3146 3976 3177 4015; x_wconf 91' lang='lat' dir='ltr'><strong>a</strong></span> <span class='ocrx_word' id='word_1_668' title='bbox 3214 3961 3474 4032; x_wconf 71' lang='lat' dir='ltr'><strong>praefecto</strong></span> <span class='ocrx_word' id='word_1_669' title='bbox 3518 3962 3730 4017; x_wconf 82' lang='lat' dir='ltr'><strong>Eulesie</strong></span> 
     </span>
    </p>
   </div>
   <div class='ocr_carea' id='block_1_99' title="bbox 2164 4052 3730 4128">
    <p class='ocr_par' dir='ltr' id='par_1_99' title="bbox 2164 4052 3730 4128">
     <span class='ocr_line' id='line_1_99' title="bbox 2164 4052 3730 4128; baseline -0.003 -19"><span class='ocrx_word' id='word_1_670' title='bbox 2164 4052 2464 4128; x_wconf 87' lang='lat' dir='ltr'><strong>[Evilasio],</strong></span> <span class='ocrx_word' id='word_1_671' title='bbox 2515 4068 2675 4124; x_wconf 89' lang='lat' dir='ltr'><strong>quem</strong></span> <span class='ocrx_word' id='word_1_672' title='bbox 2730 4068 2984 4123; x_wconf 89' lang='lat' dir='ltr'><strong>sponsum</strong></span> <span class='ocrx_word' id='word_1_673' title='bbox 3033 4053 3317 4119; x_wconf 85' lang='lat' dir='ltr'><strong>habuerat,</strong></span> <span class='ocrx_word' id='word_1_674' title='bbox 3374 4052 3515 4107; x_wconf 87' lang='lat' dir='ltr'><strong>nuda</strong></span> <span class='ocrx_word' id='word_1_675' title='bbox 3565 4052 3730 4122; x_wconf 81' lang='lat' dir='ltr'><strong>virgis</strong></span> 
     </span>
    </p>
   </div>
   <div class='ocr_carea' id='block_1_100' title="bbox 2162 4140 3727 4216">
    <p class='ocr_par' dir='ltr' id='par_1_100' title="bbox 2162 4140 3727 4216">
     <span class='ocr_line' id='line_1_100' title="bbox 2162 4140 3727 4216; baseline -0.004 -15"><span class='ocrx_word' id='word_1_676' title='bbox 2162 4161 2320 4211; x_wconf 77' lang='lat' dir='ltr'><strong>caesa,</strong></span> <span class='ocrx_word' id='word_1_677' title='bbox 2343 4153 2398 4200; x_wconf 89' lang='lat' dir='ltr'><strong>et</strong></span> <span class='ocrx_word' id='word_1_678' title='bbox 2422 4161 2452 4200; x_wconf 91' lang='lat' dir='ltr'><strong>a</strong></span> <span class='ocrx_word' id='word_1_679' title='bbox 2482 4145 2690 4216; x_wconf 88' lang='lat' dir='ltr'><strong>capillis</strong></span> <span class='ocrx_word' id='word_1_680' title='bbox 2725 4159 3004 4214; x_wconf 90' lang='lat' dir='ltr'><strong>suspensa,</strong></span> <span class='ocrx_word' id='word_1_681' title='bbox 3034 4151 3088 4197; x_wconf 90' lang='lat' dir='ltr'><strong>et</strong></span> <span class='ocrx_word' id='word_1_682' title='bbox 3112 4143 3330 4213; x_wconf 88' lang='lat' dir='ltr'><strong>plumbo</strong></span> <span class='ocrx_word' id='word_1_683' title='bbox 3365 4140 3540 4198; x_wconf 92' lang='lat' dir='ltr'><strong>soluto</strong></span> <span class='ocrx_word' id='word_1_684' title='bbox 3580 4158 3610 4195; x_wconf 88' lang='lat' dir='ltr'><strong>a</strong></span> <span class='ocrx_word' id='word_1_685' title='bbox 3636 4157 3727 4196; x_wconf 84' lang='lat' dir='ltr'><strong>ca-</strong></span> 
     </span>
    </p>
   </div>
   <div class='ocr_carea' id='block_1_101' title="bbox 2161 4224 3726 4308">
    <p class='ocr_par' dir='ltr' id='par_1_101' title="bbox 2161 4224 3726 4308">
     <span class='ocr_line' id='line_1_101' title="bbox 2161 4224 3726 4308; baseline -0.002 -20"><span class='ocrx_word' id='word_1_686' title='bbox 2161 4235 2273 4304; x_wconf 91' lang='lat' dir='ltr'><strong>pite</strong></span> <span class='ocrx_word' id='word_1_687' title='bbox 2313 4234 2552 4308; x_wconf 90' lang='lat' dir='ltr'><strong>perfusa,</strong></span> <span class='ocrx_word' id='word_1_688' title='bbox 2584 4243 2639 4289; x_wconf 91' lang='lat' dir='ltr'><strong>et</strong></span> <span class='ocrx_word' id='word_1_689' title='bbox 2683 4249 2897 4289; x_wconf 87' lang='lat' dir='ltr'><strong>rursum</strong></span> <span class='ocrx_word' id='word_1_690' title='bbox 2944 4235 2998 4288; x_wconf 91' lang='lat' dir='ltr'><strong>in</strong></span> <span class='ocrx_word' id='word_1_691' title='bbox 3047 4248 3320 4289; x_wconf 90' lang='lat' dir='ltr'><strong>carcerem</strong></span> <span class='ocrx_word' id='word_1_692' title='bbox 3352 4241 3590 4301; x_wconf 87' lang='lat' dir='ltr'><strong>recepta,</strong></span> <span class='ocrx_word' id='word_1_693' title='bbox 3637 4224 3726 4285; x_wconf 82' lang='lat' dir='ltr'><strong>ubi</strong></span> 
     </span>
    </p>
   </div>
   <div class='ocr_carea' id='block_1_102' title="bbox 2163 4323 3722 4395">
    <p class='ocr_par' dir='ltr' id='par_1_102' title="bbox 2163 4323 3722 4395">
     <span class='ocr_line' id='line_1_102' title="bbox 2163 4323 3722 4395; baseline -0.003 -18"><span class='ocrx_word' id='word_1_694' title='bbox 2163 4325 2337 4395; x_wconf 89' lang='lat' dir='ltr'><strong>palam</strong></span> <span class='ocrx_word' id='word_1_695' title='bbox 2378 4340 2500 4378; x_wconf 87' lang='lat' dir='ltr'><strong>cum</strong></span> <span class='ocrx_word' id='word_1_696' title='bbox 2543 4323 2755 4378; x_wconf 88' lang='lat' dir='ltr'><strong>diabolo</strong></span> <span class='ocrx_word' id='word_1_697' title='bbox 2802 4323 3075 4390; x_wconf 80' lang='lat' dir='ltr'><strong>conﬂixit;</strong></span> <span class='ocrx_word' id='word_1_698' title='bbox 3127 4330 3181 4377; x_wconf 82' lang='lat' dir='ltr'><strong>et</strong></span> <span class='ocrx_word' id='word_1_699' title='bbox 3229 4338 3417 4377; x_wconf 88' lang='lat' dir='ltr'><strong>rursus</strong></span> <span class='ocrx_word' id='word_1_700' title='bbox 3475 4330 3722 4383; x_wconf 78' lang='lat' dir='ltr'><strong>evocata,</strong></span> 
     </span>
    </p>
   </div>
   <div class='ocr_carea' id='block_1_103' title="bbox 2163 4411 3725 4485">
    <p class='ocr_par' dir='ltr' id='par_1_103' title="bbox 2163 4411 3725 4485">
     <span class='ocr_line' id='line_1_103' title="bbox 2163 4411 3725 4485; baseline -0.003 -16"><span class='ocrx_word' id='word_1_701' title='bbox 2163 4424 2400 4469; x_wconf 90' lang='lat' dir='ltr'><strong>rotarum</strong></span> <span class='ocrx_word' id='word_1_702' title='bbox 2434 4422 2722 4479; x_wconf 87' lang='lat' dir='ltr'><strong>tormenta,</strong></span> <span class='ocrx_word' id='word_1_703' title='bbox 2758 4412 3004 4469; x_wconf 82' lang='lat' dir='ltr'><strong>flammas</strong></span> <span class='ocrx_word' id='word_1_704' title='bbox 3044 4414 3272 4485; x_wconf 82' lang='lat' dir='ltr'><strong>ignium,</strong></span> <span class='ocrx_word' id='word_1_705' title='bbox 3301 4414 3466 4467; x_wconf 88' lang='lat' dir='ltr'><strong>ollam</strong></span> <span class='ocrx_word' id='word_1_706' title='bbox 3510 4411 3725 4466; x_wconf 79' lang='lat' dir='ltr'><strong>ferven-</strong></span> 
     </span>
    </p>
   </div>
   <div class='ocr_carea' id='block_1_104' title="bbox 2164 4489 3725 4574">
    <p class='ocr_par' dir='ltr' id='par_1_104' title="bbox 2164 4489 3725 4574">
     <span class='ocr_line' id='line_1_104' title="bbox 2164 4489 3725 4574; baseline -0.001 -15"><span class='ocrx_word' id='word_1_707' title='bbox 2164 4516 2270 4559; x_wconf 90' lang='lat' dir='ltr'><strong>tem</strong></span> <span class='ocrx_word' id='word_1_708' title='bbox 2301 4506 2589 4574; x_wconf 88' lang='lat' dir='ltr'><strong>superavit,</strong></span> <span class='ocrx_word' id='word_1_709' title='bbox 2652 4519 2716 4559; x_wconf 89' lang='lat' dir='ltr'><strong>ac</strong></span> <span class='ocrx_word' id='word_1_710' title='bbox 2769 4489 3120 4559; x_wconf 84' lang='lat' dir='ltr'><strong>decollatienc</strong></span> <span class='ocrx_word' id='word_1_711' title='bbox 3167 4504 3362 4573; x_wconf 90' lang='lat' dir='ltr'><strong>capitis</strong></span> <span class='ocrx_word' id='word_1_712' title='bbox 3411 4504 3725 4574; x_wconf 84' lang='lat' dir='ltr'><strong>martyrium</strong></span> 
     </span>
    </p>
   </div>
   <div class='ocr_carea' id='block_1_105' title="bbox 2160 4593 3722 4666">
    <p class='ocr_par' dir='ltr' id='par_1_105' title="bbox 2160 4593 3722 4666">
     <span class='ocr_line' id='line_1_105' title="bbox 2160 4593 3722 4666; baseline -0.002 -16"><span class='ocrx_word' id='word_1_713' title='bbox 2160 4595 2576 4659; x_wconf 81' lang='lat' dir='ltr'><strong>consummavit,</strong></span> <span class='ocrx_word' id='word_1_714' title='bbox 2620 4609 2737 4663; x_wconf 72' lang='lat' dir='ltr'><strong>qua:</strong></span> <span class='ocrx_word' id='word_1_715' title='bbox 2778 4609 2935 4665; x_wconf 88' lang='lat' dir='ltr'><strong>passa</strong></span> <span class='ocrx_word' id='word_1_716' title='bbox 2963 4602 3042 4649; x_wconf 90' lang='lat' dir='ltr'><strong>est</strong></span> <span class='ocrx_word' id='word_1_717' title='bbox 3069 4594 3282 4666; x_wconf 88' lang='lat' dir='ltr'><strong>quidem</strong></span> <span class='ocrx_word' id='word_1_718' title='bbox 3315 4595 3368 4648; x_wconf 93' lang='lat' dir='ltr'><strong>in</strong></span> <span class='ocrx_word' id='word_1_719' title='bbox 3396 4593 3722 4656; x_wconf 86' lang='lat' dir='ltr'><strong>Nicomedia,</strong></span> 
     </span>
    </p>
   </div>
   <div class='ocr_carea' id='block_1_106' title="bbox 2160 4684 3725 4757">
    <p class='ocr_par' dir='ltr' id='par_1_106' title="bbox 2160 4684 3725 4757">
     <span class='ocr_line' id='line_1_106' title="bbox 2160 4684 3725 4757; baseline -0.001 -17"><span class='ocrx_word' id='word_1_720' title='bbox 2160 4686 2254 4741; x_wconf 89' lang='lat' dir='ltr'><strong>sed</strong></span> <span class='ocrx_word' id='word_1_721' title='bbox 2283 4695 2401 4756; x_wconf 90' lang='lat' dir='ltr'><strong>post</strong></span> <span class='ocrx_word' id='word_1_722' title='bbox 2432 4702 2659 4755; x_wconf 88' lang='lat' dir='ltr'><strong>pancum</strong></span> <span class='ocrx_word' id='word_1_723' title='bbox 2706 4694 2939 4756; x_wconf 86' lang='lat' dir='ltr'><strong>tempus,</strong></span> <span class='ocrx_word' id='word_1_724' title='bbox 2981 4686 3093 4741; x_wconf 92' lang='lat' dir='ltr'><strong>Deo</strong></span> <span class='ocrx_word' id='word_1_725' title='bbox 3118 4685 3457 4757; x_wconf 90' lang='lat' dir='ltr'><strong>disponente,</strong></span> <span class='ocrx_word' id='word_1_726' title='bbox 3486 4686 3541 4740; x_wconf 90' lang='lat' dir='ltr'><strong>in</strong></span> <span class='ocrx_word' id='word_1_727' title='bbox 3570 4684 3725 4741; x_wconf 75' lang='lat' dir='ltr'><strong>Cam-</strong></span> 
     </span>
    </p>
   </div>
   <div class='ocr_carea' id='block_1_107' title="bbox 2158 4776 2690 4845">
    <p class='ocr_par' dir='ltr' id='par_1_107' title="bbox 2158 4776 2690 4845">
     <span class='ocr_line' id='line_1_107' title="bbox 2158 4776 2690 4845; baseline 0.004 -16"><span class='ocrx_word' id='word_1_728' title='bbox 2158 4780 2373 4845; x_wconf 90' lang='lat' dir='ltr'><strong>paniam</strong></span> <span class='ocrx_word' id='word_1_729' title='bbox 2415 4776 2690 4832; x_wconf 88' lang='lat' dir='ltr'><strong>translata.</strong></span> 
     </span>
    </p>
   </div>
   <div class='ocr_carea' id='block_1_108' title="bbox 2231 4865 3727 4938">
    <p class='ocr_par' dir='ltr' id='par_1_108' title="bbox 2231 4865 3727 4938">
     <span class='ocr_line' id='line_1_108' title="bbox 2231 4865 3727 4938; baseline -0.003 -16"><span class='ocrx_word' id='word_1_730' title='bbox 2231 4866 2347 4922; x_wconf 79' lang='lat' dir='ltr'><strong>XIII</strong></span> <span class='ocrx_word' id='word_1_731' title='bbox 2370 4867 2502 4922; x_wconf 74' lang='grc' dir='ltr'><strong>ΚΑΙ..</strong></span> <span class='ocrx_word' id='word_1_732' title='bbox 2534 4866 2590 4921; x_wconf 93' lang='lat' dir='ltr'><strong>In</strong></span> <span class='ocrx_word' id='word_1_733' title='bbox 2621 4866 2913 4938; x_wconf 86' lang='lat' dir='ltr'><strong>Babylonia</strong></span> <span class='ocrx_word' id='word_1_734' title='bbox 2935 4867 3187 4923; x_wconf 89' lang='lat' dir='ltr'><strong>nativitas</strong></span> <span class='ocrx_word' id='word_1_735' title='bbox 3215 4866 3519 4923; x_wconf 77' lang='lat' dir='ltr'><strong>Pelouenii</strong></span> <span class='ocrx_word' id='word_1_736' title='bbox 3546 4865 3727 4938; x_wconf 76' lang='lat' dir='ltr'><strong>[Poly-</strong></span> 
     </span>
    </p>
   </div>
   <div class='ocr_carea' id='block_1_109' title="bbox 2163 4957 3728 5031">
    <p class='ocr_par' dir='ltr' id='par_1_109' title="bbox 2163 4957 3728 5031">
     <span class='ocr_line' id='line_1_109' title="bbox 2163 4957 3728 5031; baseline -0.001 -17"><span class='ocrx_word' id='word_1_737' title='bbox 2163 4958 2397 5031; x_wconf 89' lang='lat' dir='ltr'><strong>chronii]</strong></span> <span class='ocrx_word' id='word_1_738' title='bbox 2448 4960 2682 5029; x_wconf 89' lang='lat' dir='ltr'><strong>episcopi</strong></span> <span class='ocrx_word' id='word_1_739' title='bbox 2725 4957 2966 5028; x_wconf 89' lang='lat' dir='ltr'><strong>ejusdem</strong></span> <span class='ocrx_word' id='word_1_740' title='bbox 3020 4959 3274 5024; x_wconf 90' lang='lat' dir='ltr'><strong>civitatis,</strong></span> <span class='ocrx_word' id='word_1_741' title='bbox 3319 4960 3411 5028; x_wconf 90' lang='lat' dir='ltr'><strong>qui</strong></span> <span class='ocrx_word' id='word_1_742' title='bbox 3464 4966 3728 5028; x_wconf 60' lang='lat' dir='ltr'><strong>prasente</strong></span> 
     </span>
    </p>
   </div>
   <div class='ocr_carea' id='block_1_110' title="bbox 2159 5050 3721 5121">
    <p class='ocr_par' dir='ltr' id='par_1_110' title="bbox 2159 5050 3721 5121">
     <span class='ocr_line' id='line_1_110' title="bbox 2159 5050 3721 5121; baseline 0 -18"><span class='ocrx_word' id='word_1_743' title='bbox 2159 5050 2324 5105; x_wconf 86' lang='lat' dir='ltr'><strong>Decio</strong></span> <span class='ocrx_word' id='word_1_744' title='bbox 2349 5060 2696 5120; x_wconf 90' lang='lat' dir='ltr'><strong>persecutore</strong></span> <span class='ocrx_word' id='word_1_745' title='bbox 2725 5067 2787 5106; x_wconf 91' lang='lat' dir='ltr'><strong>os</strong></span> <span class='ocrx_word' id='word_1_746' title='bbox 2816 5050 3082 5121; x_wconf 79' lang='lat' dir='ltr'><strong>lapidibus</strong></span> <span class='ocrx_word' id='word_1_747' title='bbox 3124 5066 3314 5116; x_wconf 82' lang='lat' dir='ltr'><strong>caesus,</strong></span> <span class='ocrx_word' id='word_1_748' title='bbox 3364 5052 3611 5105; x_wconf 88' lang='lat' dir='ltr'><strong>manibus</strong></span> <span class='ocrx_word' id='word_1_749' title='bbox 3632 5065 3721 5104; x_wconf 76' lang='lat' dir='ltr'><strong>ex-</strong></span> 
     </span>
    </p>
   </div>
   <div class='ocr_carea' id='block_1_111' title="bbox 2161 5137 3725 5206">
    <p class='ocr_par' dir='ltr' id='par_1_111' title="bbox 2161 5137 3725 5206">
     <span class='ocr_line' id='line_1_111' title="bbox 2161 5137 3725 5206; baseline -0.005 -13"><span class='ocrx_word' id='word_1_750' title='bbox 2161 5140 2351 5203; x_wconf 88' lang='lat' dir='ltr'><strong>tensis,</strong></span> <span class='ocrx_word' id='word_1_751' title='bbox 2392 5140 2576 5193; x_wconf 91' lang='lat' dir='ltr'><strong>oeulos</strong></span> <span class='ocrx_word' id='word_1_752' title='bbox 2623 5141 2688 5193; x_wconf 89' lang='lat' dir='ltr'><strong>ad</strong></span> <span class='ocrx_word' id='word_1_753' title='bbox 2746 5139 2914 5193; x_wconf 67' lang='lat' dir='ltr'><strong>caelos</strong></span> <span class='ocrx_word' id='word_1_754' title='bbox 2960 5137 3177 5193; x_wconf 88' lang='lat' dir='ltr'><strong>elevans</strong></span> <span class='ocrx_word' id='word_1_755' title='bbox 3222 5139 3404 5194; x_wconf 85' lang='lat' dir='ltr'><strong>emisit</strong></span> <span class='ocrx_word' id='word_1_756' title='bbox 3456 5138 3725 5206; x_wconf 80' lang='lat' dir='ltr'><strong>spiritum.</strong></span> 
     </span>
    </p>
   </div>
   <div class='ocr_carea' id='block_1_112' title="bbox 2161 5229 3297 5299">
    <p class='ocr_par' dir='ltr' id='par_1_112' title="bbox 2161 5229 3297 5299">
     <span class='ocr_line' id='line_1_112' title="bbox 2161 5229 3297 5299; baseline -0.004 -16"><span class='ocrx_word' id='word_1_757' title='bbox 2161 5230 2430 5299; x_wconf 90' lang='lat' dir='ltr'><strong>Scriptum</strong></span> <span class='ocrx_word' id='word_1_758' title='bbox 2456 5230 2506 5283; x_wconf 89' lang='lat' dir='ltr'><strong>in</strong></span> <span class='ocrx_word' id='word_1_759' title='bbox 2529 5230 2780 5298; x_wconf 88' lang='lat' dir='ltr'><strong>passione</strong></span> <span class='ocrx_word' id='word_1_760' title='bbox 2802 5230 2971 5285; x_wconf 89' lang='lat' dir='ltr'><strong>sancti</strong></span> <span class='ocrx_word' id='word_1_761' title='bbox 3000 5229 3297 5283; x_wconf 90' lang='lat' dir='ltr'><strong>Laurentii.</strong></span> 
     </span>
    </p>
   </div>
   <div class='ocr_carea' id='block_1_113' title="bbox 2230 5316 3725 5385">
    <p class='ocr_par' dir='ltr' id='par_1_113' title="bbox 2230 5316 3725 5385">
     <span class='ocr_line' id='line_1_113' title="bbox 2230 5316 3725 5385; baseline -0.002 -13"><span class='ocrx_word' id='word_1_762' title='bbox 2230 5318 2320 5372; x_wconf 80' lang='lat' dir='ltr'><strong>XII</strong></span> <span class='ocrx_word' id='word_1_763' title='bbox 2351 5318 2481 5373; x_wconf 72' lang='lat' dir='ltr'><strong>KAL.</strong></span> <span class='ocrx_word' id='word_1_764' title='bbox 2512 5319 2569 5372; x_wconf 91' lang='lat' dir='ltr'><strong>In</strong></span> <span class='ocrx_word' id='word_1_765' title='bbox 2608 5317 2916 5375; x_wconf 85' lang='lat' dir='ltr'><strong>Nicomedia</strong></span> <span class='ocrx_word' id='word_1_766' title='bbox 2958 5319 3136 5373; x_wconf 90' lang='lat' dir='ltr'><strong>natale</strong></span> <span class='ocrx_word' id='word_1_767' title='bbox 3179 5316 3551 5385; x_wconf 79' lang='lat' dir='ltr'><strong>Pantaleontis</strong></span> <span class='ocrx_word' id='word_1_768' title='bbox 3578 5331 3725 5371; x_wconf 83' lang='lat' dir='ltr'><strong>mar-</strong></span> 
     </span>
    </p>
   </div>
   <div class='ocr_carea' id='block_1_114' title="bbox 2163 5405 3724 5479">
    <p class='ocr_par' dir='ltr' id='par_1_114' title="bbox 2163 5405 3724 5479">
     <span class='ocr_line' id='line_1_114' title="bbox 2163 5405 3724 5479; baseline -0.003 -18"><span class='ocrx_word' id='word_1_769' title='bbox 2163 5410 2332 5479; x_wconf 83' lang='lat' dir='ltr'><strong>tyris,</strong></span> <span class='ocrx_word' id='word_1_770' title='bbox 2391 5410 2481 5478; x_wconf 90' lang='lat' dir='ltr'><strong>qui</strong></span> <span class='ocrx_word' id='word_1_771' title='bbox 2521 5410 2620 5463; x_wconf 89' lang='lat' dir='ltr'><strong>sub</strong></span> <span class='ocrx_word' id='word_1_772' title='bbox 2654 5408 2977 5463; x_wconf 78' lang='lat' dir='ltr'><strong>Maximiano</strong></span> <span class='ocrx_word' id='word_1_773' title='bbox 3026 5408 3349 5477; x_wconf 87' lang='lat' dir='ltr'><strong>imperatore</strong></span> <span class='ocrx_word' id='word_1_774' title='bbox 3403 5405 3724 5475; x_wconf 75' lang='lat' dir='ltr'><strong>martyrium</strong></span> 
     </span>
    </p>
   </div>
   <div class='ocr_carea' id='block_1_115' title="bbox 2160 5495 3725 5570">
    <p class='ocr_par' dir='ltr' id='par_1_115' title="bbox 2160 5495 3725 5570">
     <span class='ocr_line' id='line_1_115' title="bbox 2160 5495 3725 5570; baseline -0.004 -15"><span class='ocrx_word' id='word_1_775' title='bbox 2160 5516 2313 5555; x_wconf 90' lang='lat' dir='ltr'><strong>suum</strong></span> <span class='ocrx_word' id='word_1_776' title='bbox 2334 5501 2589 5570; x_wconf 88' lang='lat' dir='ltr'><strong>implevit.</strong></span> <span class='ocrx_word' id='word_1_777' title='bbox 2618 5500 2714 5554; x_wconf 88' lang='lat' dir='ltr'><strong>llic</strong></span> <span class='ocrx_word' id='word_1_778' title='bbox 2736 5500 2981 5555; x_wconf 87' lang='lat' dir='ltr'><strong>Eusterie</strong></span> <span class='ocrx_word' id='word_1_779' title='bbox 3000 5497 3333 5570; x_wconf 60' lang='lat' dir='ltr'><strong>[Ettslergio]</strong></span> <span class='ocrx_word' id='word_1_780' title='bbox 3352 5507 3503 5567; x_wconf 89' lang='lat' dir='ltr'><strong>patre</strong></span> <span class='ocrx_word' id='word_1_781' title='bbox 3525 5495 3725 5559; x_wconf 85' lang='lat' dir='ltr'><strong>editus,</strong></span> 
     </span>
    </p>
   </div>
   <div class='ocr_carea' id='block_1_116' title="bbox 2159 5585 3727 5661">
    <p class='ocr_par' dir='ltr' id='par_1_116' title="bbox 2159 5585 3727 5661">
     <span class='ocr_line' id='line_1_116' title="bbox 2159 5585 3727 5661; baseline -0.004 -18"><span class='ocrx_word' id='word_1_782' title='bbox 2159 5600 2212 5643; x_wconf 88' lang='lat' dir='ltr'><strong>et</strong></span> <span class='ocrx_word' id='word_1_783' title='bbox 2253 5590 2319 5644; x_wconf 89' lang='lat' dir='ltr'><strong>ab</strong></span> <span class='ocrx_word' id='word_1_784' title='bbox 2354 5590 2601 5645; x_wconf 82' lang='lat' dir='ltr'><strong>Ermelae</strong></span> <span class='ocrx_word' id='word_1_785' title='bbox 2631 5588 2959 5661; x_wconf 76' lang='lat' dir='ltr'><strong>[Hermolao]</strong></span> <span class='ocrx_word' id='word_1_786' title='bbox 2993 5589 3310 5659; x_wconf 85' lang='lat' dir='ltr'><strong>presbytero</strong></span> <span class='ocrx_word' id='word_1_787' title='bbox 3348 5587 3452 5641; x_wconf 82' lang='lat' dir='ltr'><strong>fide</strong></span> <span class='ocrx_word' id='word_1_788' title='bbox 3490 5585 3727 5641; x_wconf 81' lang='lat' dir='ltr'><strong>imbutus</strong></span> 
     </span>
    </p>
   </div>
   <div class='ocr_carea' id='block_1_117' title="bbox 2161 5676 3725 5751">
    <p class='ocr_par' dir='ltr' id='par_1_117' title="bbox 2161 5676 3725 5751">
     <span class='ocr_line' id='line_1_117' title="bbox 2161 5676 3725 5751; baseline -0.004 -16"><span class='ocrx_word' id='word_1_789' title='bbox 2161 5690 2447 5751; x_wconf 87' lang='lat' dir='ltr'><strong>antequam</strong></span> <span class='ocrx_word' id='word_1_790' title='bbox 2471 5680 2855 5751; x_wconf 86' lang='lat' dir='ltr'><strong>baptizaretur,</strong></span> <span class='ocrx_word' id='word_1_791' title='bbox 2872 5694 3095 5749; x_wconf 88' lang='lat' dir='ltr'><strong>puerum</strong></span> <span class='ocrx_word' id='word_1_792' title='bbox 3118 5693 3147 5732; x_wconf 87' lang='lat' dir='ltr'><strong>a</strong></span> <span class='ocrx_word' id='word_1_793' title='bbox 3161 5686 3411 5748; x_wconf 87' lang='lat' dir='ltr'><strong>serpente</strong></span> <span class='ocrx_word' id='word_1_794' title='bbox 3431 5676 3725 5745; x_wconf 75' lang='lat' dir='ltr'><strong>obligatum</strong></span> 
     </span>
    </p>
   </div>
   <div class='ocr_carea' id='block_1_118' title="bbox 2162 5764 3728 5839">
    <p class='ocr_par' dir='ltr' id='par_1_118' title="bbox 2162 5764 3728 5839">
     <span class='ocr_line' id='line_1_118' title="bbox 2162 5764 3728 5839; baseline -0.004 -16"><span class='ocrx_word' id='word_1_795' title='bbox 2162 5772 2448 5833; x_wconf 83' lang='lat' dir='ltr'><strong>liberavit,</strong></span> <span class='ocrx_word' id='word_1_796' title='bbox 2505 5780 2558 5823; x_wconf 88' lang='lat' dir='ltr'><strong>ct</strong></span> <span class='ocrx_word' id='word_1_797' title='bbox 2609 5781 2912 5839; x_wconf 85' lang='lat' dir='ltr'><strong>serpentem</strong></span> <span class='ocrx_word' id='word_1_798' title='bbox 2964 5771 3209 5823; x_wconf 74' lang='lat' dir='ltr'><strong>oratione</strong></span> <span class='ocrx_word' id='word_1_799' title='bbox 3255 5767 3549 5822; x_wconf 83' lang='lat' dir='ltr'><strong>interfecit.</strong></span> <span class='ocrx_word' id='word_1_800' title='bbox 3598 5764 3728 5818; x_wconf 81' lang='lat' dir='ltr'><strong>Post</strong></span> 
     </span>
    </p>
   </div>
  </div>
