3924 6354
211 415 349 468 “35

207 617 519 673 Eustorium
543 618 610 671 ad
642 617 798 671 iidem
828 609 1129 682 convertit,
1162 629 1217 673 et
1245 619 1411 674 multa
1444 619 1701 674 miracula
1733 620 1783 672 in

207 710 429 763 nomine
485 707 684 764 Christi
735 711 1089 778 perpetravit.
1138 710 1367 780 Propter
1423 713 1566 781 quod
1622 708 1784 780 jussit

207 797 567 854 Maximianus
594 815 716 853 eum
753 799 806 853 in
842 800 1070 869 equuleo
1102 801 1376 870 suspendi,
1419 810 1474 856 et
1507 800 1784 870 lampadas

204 889 271 941 ad
301 888 470 942 latera
504 887 621 957 ejus
651 889 939 958 suspendi;
971 890 1064 944 sed
1110 889 1337 945 llammze
1381 905 1570 946 earum
1603 889 1785 945 subito

202 979 488 1034 exstincta:
504 988 628 1034 sunt
652 988 864 1050 :postea
885 980 1080 1035 missus
1099 989 1179 1035 est
1202 981 1253 1034 in
1271 966 1599 1052 sartagiuem
1625 982 1780 1053 ignis,

201 1078 262 1122 ut
316 1070 514 1124 ibidem
547 1070 764 1140 plumbo
819 1071 1110 1140 liquefacto
1154 1081 1494 1137 exureretur,
1545 1074 1638 1128 sed
1686 1088 1784 1144 per

199 1159 404 1216 Christi
447 1163 704 1217 virtutem
753 1161 1078 1234 l'rigescente
1127 1165 1320 1220 ardore
1371 1164 1426 1219 in
1450 1165 1594 1220 nullo
1624 1166 1783 1220 laesus

199 1260 304 1305 est.
335 1251 529 1307 Postea
565 1253 616 1306 in
648 1265 797 1306 mare
826 1254 1043 1318 missus,
1071 1255 1165 1310 sed
1194 1256 1316 1310 inde
1340 1270 1504 1310 sanus
1531 1255 1597 1309 ad
1633 1255 1783 1311 littus

199 1343 496 1410 perductus
529 1352 633 1397 est.
665 1344 868 1398 Dehinc
896 1344 1024 1400 feris
1052 1355 1136 1402 est
1178 1347 1429 1411 traditus,
1455 1347 1547 1402 sed
1579 1361 1610 1401 a
1639 1348 1780 1402 nulla

196 1445 388 1487 earum
450 1435 880 1500 contaminatus;
943 1437 1010 1489 ad
1073 1447 1374 1490 extremum
1433 1453 1559 1493 vero
1606 1437 1782 1507 capite

195 1537 372 1578 carsus
397 1532 500 1588 est,
531 1525 624 1579 sed
649 1541 997 1596 percussores
1039 1527 1207 1596 ipsius
1237 1528 1492 1598 reliquias
1533 1545 1647 1597 cor,
1671 1531 1782 1584 oris

194 1613 316 1681 ejus
348 1614 610 1680 tulerunt,
657 1625 711 1669 et
759 1615 1058 1672 honoriﬁce
1099 1617 1442 1688 sepelierunt.
1489 1617 1782 1690 Presbyter

196 1719 329 1760 vero
358 1704 641 1761 Ermolaus
684 1705 1048 1779 [Hermolaus]
1080 1723 1201 1762 cum
1244 1708 1450 1764 duobus
1499 1711 1774 1780 germanis

193 1796 333 1859 suis,
372 1796 475 1850 hoc
515 1805 601 1851 est
646 1796 904 1867 Erinippo
958 1808 1011 1852 et
1056 1797 1333 1853 Ermodito
1373 1797 1686 1871 [Hermippo
1722 1810 1777 1854 et

1549 419 2166 478 MARTYROLOCIL'M.

206 525 536 596 baptismum
563 537 706 578 Ivero
753 541 955 580 carcum
999 527 1340 593 illuminavit,
1371 539 1577 598 patrem
1627 545 1782 582 suum
1815 535 1859 589 Λ

3326 435 3456 487 ll..."

1915 608 1917 610 η
1962 531 1999 583 ll
2026 531 2156 585 ΚΑΙ..
2195 533 2248 587 lu
2277 536 2596 591 Alexandria
2646 553 2955 596 sanctorum
2998 544 3200 598 Celeris
3229 544 3457 615 [Carea—

1889 625 1995 696 iis],
2031 626 2215 696 Pupilli
2249 628 2505 700 [Populi],
2541 630 2704 702 Ligiri
2739 632 2918 704 [Caii],
2943 635 3273 706 Serapionis.

2442 755 2921 837 M.\RTIUS.

1956 882 2088 938 K.\L.
2118 886 2336 942 lilium.
2384 890 2687 959 Anlcgavis
2736 893 2999 962 depositio
3051 898 3222 952 sancti
3277 900 3453 954 Albini

1884 978 2143 1046 episcopi.

1957 1065 2021 1119 Vl
2050 1065 2182 1122 Nox.
2215 1067 2478 1125 Nativitas
2508 1081 2818 1127 sanctorum
2847 1074 3015 1145 Jorgi,
3051 1076 3250 1147 llergli,
3279 1080 3447 1135 Ahsa-

1884 1158 1992 1212 loni
2023 1157 2218 1230 [Lucii,
2253 1161 2536 1217 Absalonis
2557 1175 2608 1217 et
2638 1164 2862 1237 Lorgii].
2893 1166 2948 1220 ιη
2979 1167 3224 1225 Caesarea
3251 1170 3457 1243 Cappa-

1881 1249 2050 1303 dociae
2074 1249 2232 1306 Luae
2261 1251 2516 1321 episcopi.
2547 1253 2827 1319 Primitivi,
2859 1263 2912 1312 et
2951 1258 3002 1313 iu
3031 1269 3188 1329 portu
3215 1261 3457 1318 Romano

1882 1337 2051 1404 Pauli,
2085 1338 2400 1396 Secundola:
2425 1341 2816 1416 [Secundillzc],
2847 1345 3133 1404 Januariae.

1955 1429 1996 1483 ν
2027 1430 2161 1486 Nox.
2205 1431 2469 1489 Nativitas
2498 1435 2720 1497 Felicis,
2769 1436 3008 1504 Lucioli,
3055 1438 3223 1505 Justi,
3265 1443 3454 1498 Fortu-

1881 1523 2011 1587 nati,
2043 1520 2267 1587 Martiae,
2293 1523 2526 1588 llerotis,
2558 1527 2862 1598 Antigonii,
2888 1528 3162 1596 Januarii,
3191 1532 3452 1597 Tultella’,

1879 1610 2140 1676 Gabiani,
2169 1612 2428 1679 Quiriuli.
2479 1613 2701 1682 Marini;
2734 1618 2860 1673 item
2909 1620 3132 1686 Felicis,
3178 1623 3451 1691 Fluriani,

1880 1701 2093 1755 Donati.

1947 1790 2013 1844 ιγ
2057 1790 2190 1846 Nox.
2232 1791 2417 1848 Roma:
2447 1794 2708 1862 depositio
2749 1796 2854 1853 Juli
2897 1800 3165 1871 episcopi,
3197 1812 3251 1858 et
3290 1803 3453 1861 Nico-

196 1885 595 1958 llermocrate],
655 1887 949 1942 decollatus
998 1898 1099 1951 est,
1129 1898 1185 1942 et
1233 1905 1262 1942 a
1320 1889 1648 1946 Christianis
1688 1906 1774 1946 se-
1807 1874 1852 1931 B
1883 1884 2071 1938 mediae
2097 1886 2278 1954 passio
2305 1895 2617 1941 sanctorum
2661 1889 2879 1945 Adriani
2907 1908 3028 1948 eum
3072 1895 3191 1952 aliis
3229 1912 3456 1955 numero

193 1977 397 2047 pultus.

269 2068 341 2122 Xl
374 2069 505 2122 Kac.
545 2069 809 2124 Nativitas
861 2078 1172 2146 sanctorum
1223 2069 1276 2124 in
1312 2067 1518 2133 Africa,
1571 2068 1764 2133 Publii,

189 2159 412 2224 Juliani,
444 2159 672 2214 Marulii.
705 2160 838 2216 Item
866 2160 1086 2225 Juliani,
1118 2159 1378 2225 Marcelli,
1427 2158 1565 2224 Tuli,
1618 2159 1773 2214 Lam-

191 2250 352 2320 pasii,
395 2248 573 2319 Majuli
610 2261 665 2306 et
691 2249 912 2306 Juliani.

263 2337 312 2390 Χ
338 2337 470 2392 ΚΜ..
496 2339 679 2394 Roma:
709 2339 965 2394 nativitas
991 2337 1088 2394 Gai
1121 2339 1380 2408 episcopi,
1425 2348 1480 2393 et
1511 2339 1564 2394 in
1597 2338 1774 2410 Cypro

190 2430 451 2486 nativitas
482 2429 756 2495 Potamiae,
817 2431 1058 2486 Nemersi
1120 2430 1367 2504 [Potamii
1427 2440 1480 2485 et
1515 2421 1771 2493 Nemesii]

187 2531 242 2574 et
275 2519 507 2591 Didymi,
553 2530 606 2575 et
646 2521 772 2576 alibi
801 2522 1036 2577 Victoris
1069 2523 1406 2593 martyrium,
1445 2532 1494 2577 et
1527 2522 1770 2584 Coronze,

189 2619 244 2664 et
278 2610 507 2665 aliorum
539 2612 752 2683 viginti.

261 2699 334 2752 lx
366 2698 499 2754 Kac.
548 2698 603 2754 lu
664 2698 846 2756 Africa
889 2703 1144 2756 uativitas
1211 2709 1522 2756 sanctorum
1595 2701 1769 2757 Veroli

189 2787 442 2858 [Veruli],
469 2788 699 2855 Servuli,
731 2789 1044 2857 Secundini,
1068 2790 1226 2846 Sirici
1257 2789 1526 2862 [Syricii],
1554 2790 1768 2855 Felicis,

187 2876 492 2944 Saturnini,
515 2877 813 2942 Fortunati,
831 2889 884 2934 et
904 2881 1128 2934 aliorum
1161 2879 1412 2943 sedecim,
1437 2891 1490 2936 et
1509 2881 1772 2950 depositio

189 2967 470 3034 Eucherii,
509 2971 746 3042 episcopi
778 2979 833 3026 et
859 2969 1202 3026 confessoris.

259 3061 371 3115 Vlll
404 3061 536 3116 Kac.
577 3061 842 3119 Cathedra
895 3064 949 3117 S.
1015 3065 1180 3131 Petri,
1228 3080 1391 3136 quam
1443 3067 1579 3122 sedit
1629 3069 1770 3137 apud

184 3153 552 3216 Antiochiam,
603 3155 692 3209 ubi
729 3162 784 3208 et
834 3155 1066 3226 primum
1124 3156 1490 3226 cognominati
1531 3167 1655 3212 sunt
1691 3158 1769 3212 di-

182 3243 380 3313 scipuli
408 3243 701 3300 Christiani
733 3262 747 3311 ;
775 3254 830 3300 et
869 3245 923 3299 in
963 3245 1274 3302 Nicomedia
1319 3247 1573 3304 nativitas
1595 3248 1768 3303 Tecla:

182 3335 432 3406 virginis,
477 3336 757 3407 discipulae
810 3337 983 3392 sancti
1039 3336 1188 3391 Pauli
1225 3337 1476 3408 apostoli,
1507 3354 1626 3409 qua:
1669 3339 1768 3393 sub

181 3425 400 3481 Nerone
435 3428 760 3498 imperatore
788 3443 884 3496 pro
928 3426 1125 3482 Christi
1162 3429 1380 3482 nomine
1413 3429 1521 3498 igni
1544 3436 1628 3484 est
1661 3438 1768 3483 tr.)-

181 3515 319 3580 dita,
353 3515 447 3570 sed
487 3531 593 3569 non
639 3525 829 3570 exusta
863 3534 875 3569 :
919 3524 1104 3585 postea
1136 3518 1323 3572 bestiis
1350 3527 1509 3589 atque
1548 3531 1767 3588 serpen-

179 3606 330 3662 tibus
356 3606 632 3675 deputata,
673 3607 767 3661 sed
797 3623 827 3659 a
867 3606 1012 3661 nullo
1040 3622 1226 3662 eorum
1272 3617 1356 3663 est
1379 3608 1525 3663 laesa.
1557 3607 1638 3662 Ad
1669 3623 1764 3663 ex-

179 3704 417 3750 tremum
461 3709 590 3750 vero
617 3694 669 3749 in
719 3693 986 3758 Seleucia,
1020 3711 1148 3774 cum.
1181 3697 1505 3767 virginitatis
1559 3707 1764 3768 marty-

179 3785 264 3840 rio
292 3793 457 3855 atque
495 3785 753 3839 virtutum
803 3785 1007 3840 honore
1052 3799 1154 3854 per
1204 3801 1450 3840 somnum
1475 3786 1623 3855 pacis
1668 3789 1766 3841 mi-

179 3876 361 3945 gravit
405 3873 469 3928 ad
523 3874 826 3927 Dominum.
870 3873 1054 3927 Roma:
1109 3874 1195 3927 via
1252 3874 1533 3928 Tiburtina
1586 3876 1652 3928 ad
1704 3875 1742 3927 S

180 3963 558 4029 Laurentium,
583 3963 836 4018 nativitas
889 3970 1088 4018 sancta:
1113 3962 1448 4026 Concordi-.r,
1478 3979 1635 4033 quam
1665 3963 1765 4018 Dc-

180 4055 338 4110 ciana
362 4053 667 4124 persecutio
700 4051 1007 4107 trucidavit.

253 4164 500 4219 Vlchc.
543 4163 599 4217 In
653 4163 946 4218 Pannoniis
996 4165 1251 4218 nativitas
1299 4175 1608 4218 sanctorum
1667 4163 1761 4216 Se.-

182 4256 363 4310 neroti
397 4253 644 4326 [Sireni],
694 4255 994 4324 Antigonii,
1025 4254 1229 4319 llotuli,
1269 4253 1408 4317 Libi,
1437 4265 1490 4308 et
1533 4255 1584 4308 in
1639 4255 1762 4309 Asia

182 4345 467 4416 Pulycarpi
492 4360 614 4398 cum
646 4344 767 4399 aliis
796 4344 1097 4399 duodecim.

257 4458 323 4515 Vl
363 4459 496 4513 Kac.
541 4458 594 4512 In
652 4458 934 4513 Palacslitta
968 4458 1203 4528 Mallltizl‘
1253 4457 1500 4528 apostoli,
1552 4460 1642 4528 qui
1697 4460 1760 4515 dc

179 4551 522 4622 septuaginta
557 4549 835 4620 discipulis
867 4566 963 4620 pro
990 4549 1124 4606 Juda
1162 4551 1422 4606 traditore
1450 4553 1502 4605 in
1545 4562 1759 4620 aposto—
1788 4554 1836 4613 1)

178 4644 349 4696 latum
414 4641 637 4704 electus,
694 4642 744 4695 in
798 4641 978 4696 Juda‘a
1045 4643 1393 4712 Evangelium
1426 4645 1753 4712 pnedicavit.

255 4753 294 4806 ν
333 4754 464 4808 ΚΜ..
491 4754 544 4807 1η
573 4753 751 4809 Africa
793 4756 1044 4810 nativitas
1079 4764 1389 4810 sanctorum
1424 4755 1632 4818 Donati,
1659 4756 1756 4808 ,Ιη-

177 4831 269 4902 sti.
312 4845 514 4903 llotuli.
548 4843 773 4900 llerenei
827 4844 1117 4916 [llerenac],
1163 4845 1413 4909 Pisionis,
1468 4843 1749 4914 Pamphili.

177 4936 448 4989 Nativitas
474 4935 712 4990 Nestoris
739 4945 794 4990 et
817 4935 1010 4990 Casta‘.

251 5045 474 5099 IVKAL.
505 5044 559 5098 lu
603 5044 925 5100 Alexandria
972 5047 1224 5100 nativitas
1273 5055 1576 5100 sanctorum
1628 5045 1751 5097 Ale—

179 5137 396 5200 xandri,
429 5135 685 5198 Nestoris,
728 5135 985 5201 Theonis,
1013 5137 1255 5206 Opionis,
1293 5137 1450 5198 Justi,
1484 5136 1749 5196 Donativi,

175 5229 452 5296 Ampliati.
485 5227 706 5299 Ingenii.

249 5317 319 5372 lll
349 5317 483 5372 Kac.
519 5318 572 5372 lu
599 5318 982 5373 Thessalonica
1011 5321 1261 5373 nativitas
1288 5329 1593 5372 sanctorum
1630 5318 1750 5371 Alc-

176 5408 394 5471 xandri,
448 5409 754 5478 Audrogoui
802 5409 1118 5482 [Antigoni],
1171 5411 1493 5464 Abundantii
1552 5410 1753 5480 [Abun-

173 5496 300 5571 dii].
335 5497 392 5552 lu
424 5496 602 5551 Africa
640 5499 896 5568 Dionysii,
920 5508 973 5551 et
1020 5500 1244 5554 aliorum
1279 5500 1462 5568 viginti
1499 5511 1746 5568 quatuor.

247 5639 276 5669 ι
302 5627 500 5681 Earum
529 5626 843 5697 feminarum
867 5629 1046 5697 passio
1069 5630 1296 5683 habetur
1315 5629 1450 5697 apud
1475 5628 1746 5694 Ruinart.,

171 5694 318 5766 Acta
345 5694 888 5766 sincerall'lartyrum'.
908 5698 980 5766 Ea
1006 5698 1094 5764 qui
1125 5698 1326 5752 viderat
1348 5694 1592 5752 Valesius
1615 5700 1751 5751 seri-

174 5775 268 5841 pta
303 5763 466 5821 fuisse
497 5782 524 5818 a
559 5763 877 5818 lllontauista
912 5763 1208 5832 judicavit:
1253 5779 1308 5821 et
1348 5769 1486 5834 ipsas
1525 5769 1750 5820 feminas

1879 1973 2096 2043 triginta
2130 1974 2318 2029 tribus.

1946 2057 2008 2111 Ill
2055 2057 2188 2114 Nox.
2234 2059 2417 2115 Ronne
2457 2061 2602 2117 Lucii
2647 2080 2799 2136 papa:
2845 2076 2899 2122 et
2943 2071 3215 2140 martyris.
3263 2073 3360 2129 llic
3397 2073 3451 2130 in

1876 2147 2124 2202 exsilium
2155 2160 2375 2220 propter
2404 2150 2560 2207 ﬁdem
2598 2153 2798 2212 Christi
2829 2165 3010 2216 trusus
3039 2171 3144 2227 est,
3179 2171 3233 2218 et
3265 2174 3451 2234 postea

1875 2247 2007 2294 nutu
2038 2239 2131 2296 Dei
2164 2241 2446 2299 incolumis
2485 2247 2551 2301 ad
2590 2247 2885 2306 Ecclesiam
2918 2266 3166 2311 reversus
3201 2267 3322 2322 est;
3357 2261 3449 2330 qui

1873 2330 2033 2385 etiam
2059 2346 2087 2384 a
2120 2330 2404 2386 Valeriano
2436 2335 2758 2405 imperatore
2786 2341 2963 2410 capite
2989 2351 3268 2404 truncatus
3291 2359 3374 2405 est
3398 2361 3453 2407 et

1876 2420 2113 2489 sepultus
2138 2422 2188 2475 in
2221 2430 2528 2479 cmmeterio
2553 2425 2756 2484 Callisti
2785 2431 2868 2485 via
2896 2431 3086 2502 Appia.

1945 2512 1985 2566 ll
2035 2511 2166 2567 Nox.
2234 2514 2408 2570 Martii
2470 2517 2731 2588 depositio
2792 2524 2962 2578 sancti
3027 2523 3446 2596 Quiriacipres-

1873 2603 2066 2672 hyteri.

1945 2694 2126 2750 NONIS.
2160 2696 2310 2764 Apud
2355 2697 2768 2770 Carthaginem,
2799 2713 2824 2740 α
2860 2700 3139 2773 Perpettue
3176 2715 3229 2758 et
3261 2703 3449 2761 Felici-

1877 2785 2029 2848 tatis,
2071 2800 2189 2853 qua:
2242 2787 2428 2842 bestiis
2476 2798 2600 2843 sunt
2632 2791 2896 2860 deputatze
2933 2792 3034 2847 sub
3064 2792 3264 2849 Severo
3300 2796 3446 2864 prin-

1873 2874 2013 2944 cipe,
2038 2883 2093 2929 et
2121 2890 2242 2928 eum
2273 2875 2522 2931 Felicitas
2550 2879 2841 2946 parturiret
2866 2879 2918 2934 in
2945 2885 3444 2947 carcere,omnium

1872 2967 2122 3035 militum,
2163 2970 2251 3039 qui
2301 2970 2461 3024 simul
2495 2973 2860 3041 patiebantur,
2894 2975 3146 3044 precibus
3189 2976 3445 3046 impetra-

1874 3068 1983 3113 tum
2010 3068 2091 3114 est
2118 3068 2176 3114 ut
2195 3069 2386 3115 octavo
2415 3077 2599 3117 mense
2624 3073 2850 3133 pareret.
2880 3065 2999 3120 Jam
3020 3081 3149 3121 vero
3171 3065 3445 3136 Perpetua:

1877 3150 2016 3205 inter
2055 3149 2156 3204 alia
2187 3165 2500 3206 concessum
2535 3161 2617 3207 est
2653 3163 2710 3207 ut
2736 3151 2852 3222 ejus
2881 3169 3033 3210 mens
3057 3156 3447 3226 quodammodo

1797 3213 1843 3275 (ἶ
1873 3251 2209 3298 averteretur
2233 3259 2261 3297 a
2293 3258 2538 3314 corpore,
2570 3245 2620 3298 in
2648 3260 2754 3314 quo
2782 3260 2958 3300 vacca:
2987 3246 3241 3316 impetum
3263 3257 3447 3318 pertu-

1869 3336 1926 3390 lit
1947 3377 1962 3400 ,
1994 3335 2064 3389 ita
2096 3345 2152 3390 ut
2181 3337 2357 3391 adhuc
2387 3336 2622 3392 futurum
2651 3347 2991 3408 exspectaret
3017 3341 3158 3409 quod
3181 3341 3234 3396 in
3256 3357 3314 3396 se
3331 3341 3443 3411 jam

1866 3434 2074 3494 gestum
2097 3440 2215 3480 esse
2245 3425 2496 3480 nesciret.

1939 3515 2048 3570 Vlll
2076 3515 2151 3570 lo.
2179 3515 2402 3570 MART".
2442 3515 2497 3570 ltt
2529 3514 2835 3572 Nicomedia
2859 3516 3080 3584 Quintili
3112 3518 3440 3594 [Quinctilis]

1867 3607 2134 3679 episcopi,
2178 3616 2234 3662 et
2270 3606 2576 3676 Capitulini.
2626 3608 2681 3662 lu
2726 3607 2907 3663 Africa
2949 3609 3177 3679 Rogati,
3212 3610 3438 3678 Felicis,

1868 3701 1994 3754 item
2031 3698 2218 3768 Rogati
2248 3697 2486 3753 Bcremze
2520 3697 2763 3768 [Beataa],
2801 3697 3082 3764 llereuiae,
3114 3699 3436 3764 Felicitatis,

1865 3790 2063 3846 Orhani
2091 3787 2364 3861 [Urbani],
2396 3787 2579 3858 Cyrilli
2612 3788 2882 3858 episcopi,
2915 3788 3149 3854 Silvani,
3178 3800 3232 3846 et
3259 3791 3439 3846 Manili

1867 3879 2139 3951 [Mamili].
2977 3911 2980 3913 Α

1936 3971 2022 4025 VII
2049 3972 2124 4026 In.
2168 3972 2223 4026 ln
2265 3972 2488 4026 Sebaste
2537 3971 2786 4025 Armenia
2843 3971 3042 4028 Minorc
3084 3975 3437 4046 quadraginta

1864 4062 2092 4115 militum
2131 4070 2371 4131 tempore
2406 4061 2593 4114 Licinii
2630 4061 2799 4129 regis.
2835 4063 2934 4116 sub
2961 4063 3186 4131 praeside
3210 4063 3436 4134 Agrico-

1865 4151 1968 4214 lao,
2007 4152 2094 4220 qui
2137 4160 2255 4220 post
2295 4152 2505 4205 vincula
2531 4161 2583 4206 et
2613 4168 2859 4207 carceres
2888 4154 3280 4220 creberrimos,
3315 4166 3435 4225 post

1864 4259 2033 4299 cmsas
2075 4243 2339 4312 lapidibus
2383 4244 2575 4308 facies,
2624 4244 2769 4298 missi
2798 4253 2921 4298 sunt
2948 4245 2999 4299 in
3039 4255 3312 4317 stagnum,
3342 4249 3435 4305 ubi

1865 4334 1982 4405 gelu
2028 4335 2322 4389 constricta
2354 4349 2582 4403 corpora
2627 4350 2808 4389 eorum
2847 4345 3000 4391 nocte
3029 4337 3434 4410 disrumpeban-

1867 4435 1974 4488 tur,
2001 4435 2055 4480 et
2083 4441 2240 4481 manc
2275 4426 2597 4497 crueil'ragio
2625 4429 2938 4496 martyrium
2966 4441 3425 4485 consummarunt.

1865 4512 2063 4566 Deinde
2091 4528 2314 4583 corpora
2342 4527 2526 4567 eorum
2555 4515 2830 4568 combusta
2848 4556 2860 4577 ,
2902 4524 2956 4570 et
2979 4516 3032 4570 in
3062 4515 3220 4572 lluvio
3257 4518 3432 4587 proje-

1861 4614 1970 4664 eta,
2001 4603 2092 4658 sed
2116 4604 2292 4657 divina
2320 4606 2715 4672 dispensatione
2743 4606 2982 4675 reliquiae
3003 4621 3186 4660 eorum
3209 4607 3430 4678 integrae

1864 4701 1987 4745 sunt
2018 4701 2241 4760 reperta:
2276 4702 2324 4746 et
2355 4693 2556 4747 honore
2585 4694 2744 4761 digno
2772 4695 3020 4748 conditae.
3054 4695 3221 4750 Erant
3249 4708 3426 4751 autem

1863 4781 2149 4834 nobiliores
2177 4782 2315 4835 inter
2343 4798 2436 4836 eos
2465 4782 2743 4848 Quirinio"
2782 4781 3022 4856 [Cyrion]
3053 4794 3109 4838 et
3136 4784 3422 4840 Candidus.

1937 4871 1994 4923 Vl
2028 4870 2099 4922 lo.
2135 4870 2186 4922 lu
2233 4872 2510 4925 Antiochia
2555 4872 2748 4942 Agapze
2775 4870 3049 4944 [Agapes]
3090 4874 3342 4945 virginis.
3373 4884 3430 4930 et

1860 4963 2125 5017 .‘iariana‘.
2155 4962 2417 5031 Smyrnae,
2455 4964 2696 5018 l‘lu‘unis.
2742 4963 2796 5018 In
2833 4963 3140 5020 Nicomedia
3166 4965 3421 5034 Palatini,

1859 5055 2115 5108 lr‘irmiaui
2141 5065 2190 5106 et
2223 5053 2446 5106 llustit-i.
2476 5053 2528 5106 lu
2562 5053 2880 5108 Alexandria
2909 5055 3080 5109 Eracli
3112 5055 3414 5128 [lleraclii],

1859 5143 2088 5202 Zosimi,
2138 5141 2460 5203 Alexandri,
2503 5151 2554 5194 et
2599 5141 2832 5211 Gaiperii
2878 5141 3130 5215 [Candidi
3171 5152 3226 5198 et
3265 5144 3418 5214 Pipe-

1857 5230 2064 5300 t'ionis].

1926 5319 1965 5369 γ
1996 5319 2068 5372 lo.
2100 5319 2155 5372 lu
2189 5319 2429 5373 Sebastia
2455 5319 2673 5374 civitate
2699 5320 2949 5374 nativitas
2977 5331 3268 5392 martyrum
3289 5339 3417 5393 qua-

1857 5411 2103 5481 draginta
2133 5411 2222 5479 qui
2252 5411 2580 5479 temporibus
2604 5409 2794 5465 Licinii
2820 5411 3173 5480 imperatoris,
3195 5421 3247 5466 et
3269 5414 3421 5484 Agri-

1855 5501 1990 5555 eolai
2035 5501 2296 5570 prmsidis,
2327 5510 2380 5553 et
2417 5500 2588 5570 Lysiae
2632 5502 2812 5564 ducis,
2854 5516 2950 5568 pro
2981 5501 3192 5557 nomine
3219 5502 3419 5560 Christi

1853 5646 1881 5684 e
1912 5629 2355 5684 Montanistarum
2386 5639 2531 5684 secta
2581 5631 2744 5686 fuisse
2782 5631 2934 5685 facile
2979 5629 3159 5686 credet
3188 5632 3415 5700 quicun-

1855 5716 1958 5769 que
1988 5701 2189 5769 legerit.
2233 5702 2389 5752 llasx.
