3924 6352
431 370 563 425 Πὖὸ

1063 373 1122 427 Β.
1168 372 1416 430 RABANI
1458 374 1673 430 MAUBI
1715 375 2031 432 A-IICIIIEP.
2077 376 2382 435 MOCUNT.
2427 381 2706 437 OPEIlIIll
2749 382 2928 439 PARS
2966 383 3031 438 Il.

3568 385 3697 441 1136

422 482 738 554 martyrium
768 484 912 554 passi
942 491 1085 548 sunt,
1112 499 1249 554 quos
1279 483 1595 558 Agricolaus
1624 502 1826 558 prmses
1845 527 1858 551 ,
1890 503 2011 542 cum
2041 495 2088 552 Α
2117 505 2227 546 sum
2261 493 2433 547 nudus
2457 495 2661 549 catt-nis
2685 496 2951 567 obligatus
2977 506 3100 550 ante
3131 497 3346 552 rhedam
3375 512 3492 565 ejus
3524 501 3699 554 trabe-

420 578 489 631 ad
517 576 786 644 culturam
810 575 1031 630 deorum
1052 586 1370 633 convertere
1395 594 1498 632 non
1522 588 1722 648 posset,
1741 579 2008 648 lapidibus

420 667 576 724 obrui
620 668 895 738 praecepit.
948 667 1054 722 Sed
1087 667 1416 737 lapidatores
1458 685 1644 725 eorum
1688 672 2006 728 alterutrum

419 772 604 814 secum
634 756 899 826 lapidibus
927 757 1229 822 caedebant,
1260 775 1358 814 nec
1388 769 1654 832 martyres
1679 775 1876 817 nocere
1905 778 2005 832 po-

421 854 616 904 terant.
648 847 765 902 Dux
798 861 925 901 vero
955 847 1167 919 Lysias,
1200 850 1558 904 exardescens
1588 850 1692 916 ira,
1723 851 1846 906 tulit
1874 852 2007 924 lapi-

419 940 540 996 dem
568 949 625 994 ut
657 948 964 1009 percuteret
987 939 1220 1008 aliquem
1250 949 1591 1007 sanctorum;
1626 942 1720 997 sed
1745 942 1884 998 miro
1906 943 2004 999 Dei

419 1039 550 1084 nutu
575 1030 689 1100 ipse
716 1029 850 1098 lapis
876 1029 927 1083 in
955 1029 1146 1084 faciem
1176 1032 1420 1101 pervenit
1449 1031 1693 1100 przesidis
1723 1050 1735 1086 :
1776 1048 1911 1102 quos
1948 1034 2004 1089 in

418 1131 665 1193 stagnum
697 1121 929 1191 gelatum
964 1122 1134 1192 glacie
1163 1136 1365 1192 praeses
1388 1124 1556 1189 misit,
1579 1124 1674 1179 sed
1705 1124 1799 1180 Dei
1821 1124 2006 1180 volun-

419 1220 528 1268 tate
571 1213 746 1282 ipsum
791 1211 960 1282 frigus
988 1222 1343 1283 temperatum
1372 1223 1456 1268 est
1474 1254 1489 1280 ,
1518 1224 1574 1270 et
1599 1215 1798 1286 glacies
1825 1215 2002 1272 disso-

418 1301 529 1356 luta
560 1317 698 1371 aqua
721 1301 896 1356 calida
925 1301 1064 1356 facta
1098 1312 1196 1357 est.
1245 1303 1391 1359 Unus
1421 1314 1601 1359 autem
1630 1305 1696 1361 de
1721 1305 1852 1375 ipsis
1872 1322 2005 1376 qua-

417 1393 661 1463 draginta
686 1408 967 1465 pmnarum
1002 1395 1194 1450 timore
1232 1397 1585 1466 perterritus,
1635 1399 1704 1453 ad
1749 1398 2001 1454 balneum

415 1483 654 1556 nefugit;
695 1485 787 1540 sed
819 1501 942 1540 mox
971 1495 1029 1540 ut
1058 1487 1234 1556 attigit
1263 1486 1499 1542 calorem
1527 1487 1794 1544 resolutus
1823 1498 1923 1554 est,
1943 1498 1998 1544 et

417 1575 495 1628 sic
523 1573 753 1631 reddidit
784 1575 1056 1628 animam:
1100 1574 1152 1627 in
1186 1575 1339 1644 cujus
1375 1575 1552 1630 locum
1584 1576 1994 1644 clavicularius,

415 1665 506 1732 qui
553 1671 769 1719 sanctos
816 1673 1082 1735 martyres
1122 1666 1478 1731 custodiebat,
1520 1667 1746 1722 credens
1780 1667 1998 1723 Christo

407 1755 738 1810 substitutus
767 1765 868 1822 est,
895 1756 1085 1810 videns
1119 1745 1376 1809 coronam
1407 1757 1473 1811 de
1508 1757 1646 1812 coelo
1677 1758 2002 1813 descendere

2115 593 2292 650 retur;
2324 595 2377 639 et
2404 595 2525 654 post
2554 587 2653 640 hoc
2681 587 2904 642 eductus
2933 597 3016 643 cst
3043 588 3109 643 de
3136 603 3353 643 carcere
3377 605 3501 643 cum
3536 591 3697 645 sociis

2113 672 2308 746 Largo,
2341 687 2398 732 et
2424 678 2811 749 Smaragdo,ct
2829 679 3230 744 Crescentiano,
3255 697 3354 752 per
3377 682 3696 752 Carpasium

2111 766 2372 822 vicarium
2391 809 2406 834 ,
2439 777 2492 822 et
2515 770 2635 839 pice
2665 770 2924 840 reliquata
2955 779 3116 840 caput
3141 769 3256 839 ejus
3284 770 3563 840 perfusum
3591 782 3690 827 est.

2110 859 2179 914 Et
2201 876 2389 916 rursus
2411 871 2533 931 post
2564 863 2680 918 dies
2707 872 2934 934 quatuor
2969 863 3145 918 denuo
3170 864 3235 918 de
3270 878 3490 919 carcere
3525 865 3578 919 in
3606 881 3696 920 cae

2113 960 2251 1008 tasta
2277 962 2528 1009 extentus
2567 969 2632 1009 ac
2669 962 2895 1019 tractus,
2927 955 3106 1009 nervis
3133 963 3188 1009 et
3217 954 3448 1010 fustibus
3489 972 3690 1022 czcsus,

2110 1053 2232 1112 post
2263 1042 2450 1116 [Forte
2490 1045 2626 1100 duos
2650 1033 2735 1101 vel
2765 1043 2896 1118 tres]
2931 1045 3068 1111 dies,
3087 1043 3308 1112 jubente
3330 1046 3692 1115 Maximiano,

2111 1133 2286 1202 capite
2314 1144 2595 1190 truncatus
2635 1143 2720 1189 est
2761 1149 2884 1189 cum
2929 1133 3139 1206 Largo,
3185 1144 3239 1189 et
3284 1133 3600 1207 Smaragdo,
3643 1148 3698 1193 et

2110 1225 2230 1280 aliis
2262 1227 2471 1298 viginti.
2501 1226 2768 1297 Scriptum
2809 1228 2860 1280 in
2885 1227 3050 1298 gestis
3092 1225 3325 1281 Marcelli
3365 1243 3536 1297 papas.
3579 1229 3698 1299 Ipso

2110 1324 2352 1386 tempore
2402 1315 2712 1373 Maximiani
2753 1317 2896 1372 Deus
2939 1316 3211 1373 interfecit
3255 1333 3496 1373 sororem
3541 1335 3692 1376 suam

2106 1408 2422 1462 Artemiam.

2178 1497 2296 1553 XVI
2327 1498 2460 1554 ΚΜ..
2493 1498 2549 1553 In
2597 1499 2779 1555 Scotia
2811 1500 3005 1555 natalis
3034 1499 3256 1555 Patricii
3283 1501 3559 1570 episcopi,
3601 1500 3692 1572 qui

2107 1590 2161 1645 in
2191 1589 2450 1646 Hibernia
2483 1593 2656 1648 insula
2681 1593 2856 1648 Scotis
2885 1595 3118 1663 primum
3149 1593 3460 1664 prmdicavit
3493 1609 3690 1649 nomen

2106 1682 2319 1738 Domini
2364 1686 2534 1739 nostri
2564 1685 2692 1740 Jesu
2719 1684 2960 1749 Christi;
3004 1694 3058 1740 et
3087 1684 3281 1739 natalis
3321 1684 3502 1740 Maria:
3549 1701 3691 1740 mar-

2105 1766 2264 1844 tyris.
2299 1773 2423 1830 Haec
2454 1791 2667 1844 quoque
2695 1791 2817 1830 cum
2853 1785 2996 1830 esset
3034 1775 3229 1830 ancilla
3253 1775 3535 1842 cujusdam
3564 1775 3694 1830 Ter-

415 1861 572 1914 super
591 1845 833 1914 singulos
855 1847 945 1916 qui
969 1846 1022 1899 in
1045 1845 1383 1901 confessione
1407 1848 1777 1915 perstiterant.
1799 1847 1991 1919 Tyran-

2108 1866 2221 1921 tulli
2253 1867 2500 1937 praeclari
2528 1869 2649 1932 viri,
2689 1877 2745 1923 et
2782 1867 2945 1923 nollet
2975 1869 3026 1923 in
3059 1867 3223 1924 natali
3255 1867 3348 1921 lilii
3379 1868 3498 1938 cjtts
3528 1883 3690 1937 pran-

415 1950 516 1990 nus
543 1951 693 2001 vero,
725 1935 962 2006 repletus
1002 1937 1116 2002 ira,
1155 1937 1318 2007 jussit
1343 1951 1436 1992 eos
1463 1938 1583 1992 duci
1624 1939 1692 1993 ad
1734 1938 1916 2005 littus,
1945 1949 2001 1994 et

417 2029 623 2084 baculis
652 2043 840 2082 eorum
865 2045 1025 2082 crura
1056 2028 1342 2101 confringi,
1383 2039 1437 2085 et
1460 2031 1588 2084 item
1615 2031 1668 2084 in
1700 2045 1851 2084 mare
1877 2045 2003 2100 pro-

405 2119 538 2189 jici;
573 2120 688 2185 sed,
725 2121 834 2174 Deo
875 2121 1120 2186 volente,
1148 2130 1445 2191 martyrum
1487 2121 1726 2190 rcliquia:
1757 2122 1808 2175 in
1848 2137 2001 2192 aqua:

411 2211 678 2281 profundo
710 2212 975 2283 religiosis
1005 2212 1136 2266 viris
1172 2213 1419 2268 revelata!
1452 2221 1606 2274 sum,
1653 2220 1707 2266 et
1753 2211 1874 2267 inde
1908 2213 2001 2267 ab-

410 2302 534 2358 latae
559 2311 614 2358 et
642 2303 694 2357 in
719 2302 909 2359 loculis
936 2303 1163 2359 honeste
1187 2303 1418 2358 conditae
1445 2310 1588 2358 sunt.

482 2393 546 2448 IV
580 2393 656 2448 In.
689 2393 875 2448 Romae
903 2395 1170 2465 depositio
1200 2395 1373 2448 sancti
1401 2393 1651 2465 Gregorii
1691 2411 1873 2465 papae,
1903 2397 1996 2465 qui

409 2484 467 2538 in
497 2486 612 2552 lege
640 2483 734 2538 Dei
757 2483 1216 2539 luculentissimus
1242 2485 1431 2540 doctor
1451 2484 1677 2549 exstitit,
1706 2496 1758 2540 et
1785 2496 1998 2554 gentem

411 2575 706 2646 Anglorum
736 2591 834 2647 per
863 2575 1223 2648 Augustinum
1257 2585 1312 2630 et
1349 2575 1603 2630 Mellitum
1643 2584 1803 2646 atque
1824 2575 2000 2633 Joan—

407 2680 534 2725 nem
567 2683 753 2726 servos
782 2668 876 2723 Dei
902 2667 970 2722 ad
1003 2666 1162 2723 ﬁdem
1182 2668 1482 2722 convertit.

477 2757 544 2814 III
575 2758 650 2813 Io.
683 2758 741 2814 In
772 2756 1083 2813 Nicomedia
1130 2758 1387 2812 nativitas
1429 2757 1726 2814 Macedonii
1774 2761 1998 2832 presby-

407 2853 531 2916 teri,
581 2862 637 2909 et
669 2852 917 2908 Patricia:
961 2851 1148 2906 uxoris
1188 2849 1334 2919 ejus,
1374 2859 1429 2906 et
1473 2849 1597 2904 illia:
1626 2851 1900 2906 Modestae.
1936 2852 1997 2908 In

411 2942 608 3008 Nicaea,
640 2942 924 2998 'l‘heusetae
960 2950 1014 2997 et
1052 2941 1213 2996 Horis
1260 2940 1353 2995 (ilii
1391 2939 1526 3009 ejus.
1573 2941 1885 2998 Theodorte.
1929 2942 1996 2998 I'li

410 3047 599 3087 omnes
649 3032 758 3102 igni
798 3031 1141 3088 concremati
1189 3039 1334 3087 sunt.
1383 3029 1511 3086 Julii
1558 3031 1828 3102 episcopi,
1873 3032 1994 3088 Ale-

414 3122 628 3178 xandri.

2103 1957 2204 2012 diis
2236 1957 2439 2012 domini
2477 1957 2556 2011 sui
2601 1958 2894 2022 interesse,
2928 1958 3019 2011 sed
3059 1958 3230 2027 magis
3258 1957 3692 2012 Christianorum

2099 2064 2252 2105 more
2275 2049 2495 2120 jejuniis
2523 2065 2740 2120 operam
2769 2050 2919 2114 dare,
2951 2049 3173 2120 flagellis
3204 2050 3482 2105 atrocibus
3506 2050 3575 2103 ab
3604 2064 3693 2104 eo-

2101 2140 2222 2195 dem
2271 2141 2489 2196 domino
2519 2157 2616 2196 suo
2651 2140 2884 2195 lacerata
2918 2152 2996 2196 est
3026 2161 3038 2193 :
3081 2143 3173 2196 sed
3212 2157 3336 2195 cum
3372 2157 3479 2194 non
3514 2147 3693 2208 posset

2100 2230 2168 2284 ab
2198 2231 2448 2285 instantia
2474 2245 2570 2300 per
2597 2231 2698 2285 hoc
2726 2231 2931 2285 servitii
2964 2229 3166 2287 Christi
3195 2232 3261 2286 ad
3289 2230 3556 2286 idolorum
3579 2230 3691 2284 cul-

2101 2328 2214 2374 tum
2246 2321 2526 2384 revocari,
2560 2319 2728 2388 judici
2770 2320 2984 2390 publico
3016 2320 3080 2374 ad
3127 2320 3457 2390 puniendum
3490 2321 3690 2374 tradita

2099 2418 2200 2464 est.
2231 2407 2331 2462 Ubi
2359 2409 2483 2463 dum
2512 2409 2795 2464 carniﬁces
2823 2426 2943 2464 eam
2969 2409 3217 2464 incendio
3244 2411 3459 2464 tradere
3487 2411 3689 2464 voluiso

2099 2507 2239 2563 sent,
2270 2509 2490 2569 propter
2515 2513 2704 2569 preces
2727 2500 2905 2570 populi
2935 2499 3058 2554 data
3086 2508 3168 2554 est
3197 2499 3244 2554 ei
3274 2500 3493 2556 inducia
3526 2500 3685 2554 trium

2099 2589 2350 2656 dierum;
2389 2591 2569 2646 triduo
2613 2607 2742 2663 ergo
2788 2593 3056 2661 completo
3099 2607 3221 2660 cum
3268 2593 3464 2646 iterum
3512 2591 3688 2661 puniri

2099 2681 2341 2745 deberet,
2365 2672 2694 2735 mirabiliter
2719 2680 2930 2734 Domini
2957 2681 3326 2734 misericordia
3357 2690 3545 2751 erepta
3581 2687 3682 2734 est.

2099 2774 2232 2829 Nam
2282 2790 2406 2830 cum
2453 2775 2753 2829 orationem
2805 2774 2870 2828 ad
2922 2774 3208 2829 Dominum
3259 2773 3507 2839 fudisset,
3551 2773 3689 2829 unde

2096 2874 2253 2936 petra
2276 2866 2486 2937 ingens,
2502 2880 2621 2934 qua:
2641 2873 2767 2919 ante
2787 2878 2904 2918 eam
2923 2863 3117 2928 fuerat,
3134 2879 3231 2932 per
3254 2864 3492 2918 medium
3518 2863 3686 2918 scissa

2097 2953 2242 3009 illam
2267 2954 2320 3008 in
2342 2969 2400 3008 se
2429 2953 2738 3022 recipiebat,
2757 2961 2812 3006 et
2838 2951 3072 3020 undique
3095 2951 3425 3006 concludens
3447 2950 3686 3005 hostium

2098 3048 2268 3104 furori
2316 3047 2535 3102 restitit.
2581 3046 2662 3101 Ad
2693 3062 2853 3115 quam
2903 3046 3128 3115 populus
3177 3060 3514 3101 concurrens
3563 3059 3685 3100 cum

2098 3141 2259 3196 vellet
2287 3140 2581 3196 secundum
2608 3139 2816 3210 jnssum
2846 3138 3102 3207 principis
3129 3139 3302 3207 ipsum
3330 3137 3561 3207 lapidem
3590 3137 3686 3190 de-

477 3213 519 3267 ll
552 3215 626 3268 lo.
659 3213 715 3268 ln
749 3211 1076 3283 Carthagine
1123 3213 1377 3268 nativitas
1425 3215 1735 3268 sanctorum
1766 3213 1989 3281 Donati,

2108 3240 2330 3295 struere,
2374 3205 2690 3282 fulmine'ac
2719 3205 2920 3281 tonitru
2959 3205 3171 3280 coalitus
3200 3205 3438 3289 emisso,
3464 3223 3684 3293 plurimi

410 3301 648 3368 ElTrosii,
677 3301 915 3357 Fronimi
943 3319 957 3368 ;
995 3304 1048 3358 in
1090 3302 1399 3359 Nicomedia
1432 3303 1610 3358 natale
1636 3304 1988 3373 Felicissimi,

407 3391 698 3446 Frontina}.
1133 3431 1190 3437 -.ν

475 3485 550 3538 In.
583 3483 805 3538 Manrn.
854 3483 909 3537 In
947 3482 1281 3554 Cappadocia
1313 3485 1496 3554 passio
1537 3487 1712 3541 sancti
1761 3486 1990 3559 Longini

406 3574 692 3646 martyris:
726 3575 792 3629 de
825 3589 932 3643 quo
975 3574 1028 3628 in
1073 3574 1254 3629 libello
1294 3575 1542 3646 martyrii
1572 3575 1688 3644 ejus
1737 3585 1991 3631 narratur

406 3666 548 3734 quod
576 3664 866 3732 aliquando
891 3664 1127 3718 militans
1158 3664 1259 3719 sub
1283 3665 1600 3720 centurione
1629 3665 1902 3732 Romano,
1934 3666 1987 3720 in

404 3753 654 3824 passione
684 3753 893 3807 Domini
927 3751 1068 3807 latus
1096 3751 1215 3823 ejus
1242 3767 1362 3807 cum
1392 3754 1579 3810 lancea
1603 3755 1656 3809 in
1679 3771 1842 3811 cruce
1863 3771 1988 3825 ape-

409 3847 565 3910 riret,
588 3853 642 3898 et
669 3844 784 3897 viso
813 3851 1123 3897 terramiotu
1155 3851 1210 3898 et
1233 3843 1402 3912 signis
1429 3859 1550 3913 qua:
1573 3843 1792 3910 ﬁebant,
1819 3845 1990 3900 credi-

401 3935 549 3989 derit
581 3935 633 3988 in
677 3934 972 3999 Christum,
1019 3933 1395 4002 ptenitentiam
1435 3947 1600 4003 agens
1628 3933 1694 3987 de
1738 3934 1988 4003 operibus

399 4025 518 4081 suis
555 4025 840 4095 pristinis:
881 4035 1067 4093 postea
1102 4024 1399 4078 monachus
1436 4021 1608 4078 factus
1643 4038 1740 4093 per
1769 4024 1985 4094 triginta

403 4125 462 4176 et
487 4127 718 4189 quatuor
738 4135 910 4174 annos
943 4119 1159 4175 Christo
1201 4119 1485 4184 militavit,
1525 4117 1721 4173 multos
1766 4133 1988 4173 conver-

400 4216 526 4267 tens
557 4211 624 4264 ad
665 4209 823 4264 Iidem
865 4211 954 4265 Dei
980 4227 994 4276 ;
1036 4212 1102 4265 ad
1131 4219 1434 4266 extremum
1459 4224 1587 4264 vero
1614 4210 1986 4280 mauyrizavit

398 4300 457 4356 in
487 4299 961 4380 Cappadocia/sub
995 4300 1219 4356 Octavio
1255 4300 1516 4370 praeside,
1546 4314 1735 4369 quem,
1768 4309 1986 4369 propter

402 4388 777 4444 infidelitatem
805 4405 958 4444 suam
989 4390 1172 4443 divino
1200 4389 1407 4459 judicio
1446 4403 1759 4459 percussum
1787 4405 1982 4460 corpo-

405 4494 508 4533 rea.
526 4479 789 4542 uncitate,
815 4488 942 4547 post
969 4478 1290 4548 martyrium
1318 4493 1472 4532 suum
1499 4477 1838 4532 illuminavit.

2092 3334 2278 3374 eorum
2328 3318 2674 3382 interierunt,
2707 3318 2781 3371 ita
2819 3325 2875 3370 ut
2921 3317 3026 3371 duo
3064 3316 3228 3370 millia
3257 3324 3313 3370 et
3355 3317 3682 3385 septingenti

2090 3428 2156 3470 ex
2200 3413 2333 3483 ipsis
2360 3412 2542 3466 divino
2565 3409 2770 3478 judicio
2806 3411 3063 3466 exstincti
3095 3410 3328 3476 fuerint;
3364 3411 3521 3480 pauci
3555 3427 3684 3465 vero

2090 3503 2181 3573 qui
2214 3509 2620 3567 remanserant,
2666 3501 2914 3555 conversi
2961 3501 3027 3554 ad
3064 3501 3390 3565 Dominum,
3440 3501 3493 3554 in
3525 3499 3684 3556 Chri-

2091 3596 2263 3649 stiana
2294 3594 2551 3664 religione
2580 3602 3009 3662 permanserunt.

2160 3705 2254 3759 XV
2297 3704 2428 3758 KtL.
2474 3704 2532 3757 In
2581 3704 2903 3757 Alexandria
2954 3704 3149 3757 natalis
3190 3703 3485 3768 Colestici;
3533 3713 3586 3759 et
3626 3705 3679 3760 in

2089 3796 2424 3859 Nicomedia,
2449 3795 2648 3864 Aprilis
2675 3805 2731 3850 et
2759 3793 3002 3858 Servuli;
3029 3805 3081 3848 et
3114 3795 3165 3848 in
3195 3794 3451 3859 Lucania,
3469 3794 3676 3861 Quinti,

2088 3897 2143 3942 et
2166 3887 2408 3957 Ingenui,
2439 3896 2493 3941 et
2522 3886 2771 3956 Rogato;
2801 3895 2855 3939 et
2887 3886 2938 3939 in
2971 3886 3308 3950 Mauritania,
3343 3886 3639 3942 Timothei.

2158 3982 2274 4037 XIV
2304 3983 2435 4037 Kac.
2465 3982 2524 4036 In
2552 3981 2833 4052 ‘Spolitana
2879 3980 3240 4053 [‘Spoletana]
3285 3983 3505 4036 civitate
3531 3984 3679 4038 nati-

2088 4073 2228 4128 vitas
2263 4070 2487 4127 Joannis
2524 4069 2870 4136 confessoris,
2907 4072 2997 4140 qui
3025 4071 3338 4140 peregrinus
3379 4072 3446 4125 de
3488 4069 3676 4128 Sicilia

2089 4162 2214 4216 illuc
2242 4161 2408 4224 venit,
2435 4171 2490 4214 et
2523 4160 2576 4213 in
2604 4160 2916 4213 suburbano
2938 4161 3053 4228 ejus
3077 4158 3362 4222 aedificavit
3393 4169 3670 4218 monaste-

2089 4253 2259 4317 rium,
2294 4261 2347 4307 et
2382 4252 2644 4306 habitavit
2691 4251 2764 4306 ibi
2811 4253 3217 4322 quatuordecim
3260 4253 3446 4318 annis,
3483 4253 3574 4307 ubi
3618 4262 3676 4308 et

2088 4343 2351 4412 requievit
2381 4343 2432 4396 in
2464 4357 2614 4411 pace.

2157 4433 2271 4488 XIII
2307 4433 2438 4488 ΚΑι.
2484 4433 2540 4486 In
2570 4432 2844 4487 Britannia
2873 4432 3047 4486 sancti
3081 4431 3376 4486 Chudberti
3405 4433 3668 4502 episcopi,

476 4526 789 4622 gare;
815 4526 1076 4622 "rges;
1097 4526 1848 4638 "sua;15.551545;
1888 4569 1980 4638 «ιυε
2013 4552 2060 4610 υ
2087 4528 2178 4638 (ιιι)
2210 4527 2375 4638 vitam
2399 4526 2608 4638 νιεξιειη
2631 4526 2921 4638 revrtar
2946 4527 3167 4628 διεξεηεθ
3193 4528 3670 4638 memerat».

400 4667 521 4728 post
565 4659 775 4730 longam
822 4661 1060 4714 carceris
1091 4660 1511 4715 maecrationern
1556 4675 1714 4730 quam
1753 4677 1783 4715 a
1815 4661 1980 4716 Maxi-

402 4749 583 4804 miano
628 4748 879 4815 pertulit,
925 4764 1048 4802 cum
1095 4747 1335 4803 Sisinnio
1379 4749 1712 4804 condiacono
1759 4766 1890 4816 suo,
1926 4760 1981 4807 et

399 4838 719 4907 Sinaragdo,
752 4846 805 4893 et
836 4838 1024 4908 Largo,
1058 4848 1179 4907 post
1220 4839 1386 4892 multa
1425 4838 1568 4894 facta
1611 4840 1888 4907 miracula,
1923 4843 1974 4898 in

401 4927 596 4996 quibus
628 4927 1136 4993 filiamDipcletiani
1174 4928 1494 4994 Artemiam,
1525 4931 1692 5000 ipsius
1723 4942 1907 5002 rogatu
1944 4949 1977 4987 a

401 5017 665 5073 daemonio
692 5018 938 5072 liberavit
962 5034 1036 5073 .ac
1065 5020 1391 5088 baptizavit,
1435 5021 1597 5075 filiam
1632 5037 1847 5092 quoque
1874 5021 1976 5078 Sa-

397 5107 545 5178 poris
574 5109 714 5179 regis
752 5109 1036 5162 Persarum
1063 5106 1295 5173 Jobiam,
1337 5110 1534 5165 missus
1560 5110 1689 5165 illuc
1711 5127 1740 5166 a
1766 5112 1974 5168 Diocle-

402 5201 550 5254 tiano
578 5217 676 5271 pro
707 5202 830 5267 hoc,
861 5215 1014 5270 atque
1043 5217 1074 5254 a
1105 5201 1368 5256 dmmonio
1410 5201 1656 5256 liberavit
1693 5219 1756 5259 ac
1797 5204 1974 5274 bapti-

403 5290 546 5345 Lavit
569 5305 692 5345 cum
729 5292 844 5361 ipso
881 5306 1005 5362 rege
1036 5299 1091 5345 et
1118 5291 1237 5345 aliis
1273 5291 1679 5363 quadringentis
1710 5293 1970 5363 triginta;

400 5383 1128 5454 etrediensjtomampost
1171 5391 1403 5439 mortem
1451 5384 1768 5440 Diocletiani
1801 5394 1978 5441 tentus

397 5485 483 5531 est
514 5476 658 5531 inter
690 5475 826 5530 alios
849 5475 1184 5531 Christianos
1212 5489 1243 5528 a
1272 5473 1381 5529 tilio
1409 5473 1524 5543 ejus
1559 5474 1884 5531 Maximiano
1911 5487 1935 5516 ι
1959 5517 1973 5542 ,

402 5574 456 5621 et
487 5567 539 5620 in
565 5566 860 5621 custodiam
882 5568 1102 5630 missus,
1123 5579 1189 5620 eo
1212 5565 1353 5634 quod
1375 5580 1616 5622 sororem
1645 5581 1795 5620 suam
1823 5565 1978 5622 Chri-

402 5657 628 5711 stianam
657 5654 898 5718 fecisset;
917 5656 1109 5710 deinde
1133 5655 1475 5723 przeccpit'ut
1499 5655 1584 5710 die
1613 5656 1975 5724 proccssionis

2092 4627 2204 4672 reta
2236 4619 2377 4672 diem
2413 4617 2658 4671 ultimum
2691 4617 2909 4681 clausit,
2951 4616 3106 4686 cujus
3143 4617 3517 4688 corpusculum
3547 4627 3673 4688 post

2089 4708 2339 4762 undecim
2367 4721 2539 4762 annos
2574 4707 2638 4761 de
2673 4706 2947 4777 sepultura
2974 4706 3205 4761 levatum
3226 4746 3242 4771 ,
3269 4707 3544 4762 inventum
3583 4715 3672 4763 est

2088 4799 2355 4870 integrum
2398 4814 2520 4853 cum
2547 4799 2743 4853 vestitu
2771 4814 2877 4868 quo
2909 4799 3125 4853 indutus
3156 4797 3360 4864 fuerat,
3389 4813 3451 4852 ac
3477 4799 3521 4853 si
3549 4799 3668 4868 ipsa

2085 4891 2172 4945 die
2198 4891 2250 4944 in
2279 4897 2682 4944 monumentum
2707 4889 2942 4958 positum
2970 4886 3178 4942 fuisset.

2155 4998 2247 5053 Xll
2278 4997 2411 5053 ΚΑι..
2444 4996 2626 5052 Sancti
2665 4997 2940 5052 Benedicti
2982 4995 3227 5061 abbatis,
3269 4999 3360 5067 qui
3405 4997 3666 5068 Regulam

2085 5091 2302 5162 scripsit
2322 5091 2710 5146 monachorum
2734 5106 2855 5145 cum
2879 5105 3070 5161 magna
3096 5091 3438 5147 discretione.
3460 5092 3664 5149 Eodem

2085 5180 2172 5234 die
2203 5179 2256 5234 in
2286 5180 2608 5236 Alexandria
2636 5180 2898 5250 depositio
2928 5179 3241 5250 Serapionis
3267 5183 3538 5238 monachi.

2152 5292 2222 5348 XI
2245 5292 2376 5348 ΚΜ..
2404 5293 2464 5348 1η
2493 5291 2707 5348 Arbona
2723 5292 3026 5365 [Narbona]
3049 5294 3268 5350 civitate
3291 5295 3486 5350 natalis
3507 5294 3661 5354 Pauli

2080 5384 2427 5440 confessoris.
2460 5383 2517 5438 In
2544 5381 2748 5446 Africa,
2783 5383 3059 5439 Saturnini
3089 5393 3142 5439 et
3183 5383 3410 5439 aliorum
3443 5399 3657 5440 novem.

2081 5473 2139 5527 In
2169 5473 2411 5529 Sebastia
2439 5473 2667 5528 Decroni
2691 5483 2747 5529 et
2773 5473 3010 5530 Arionis.

2153 5563 2198 5617 Χ
2237 5563 2370 5620 ΚΑΙ..
2420 5565 2476 5619 In
2523 5562 2702 5628 Africa
2746 5564 2938 5620 natalis
2979 5564 3177 5621 Fidelis
3223 5575 3278 5622 et
3322 5567 3548 5622 aliorum
3581 5568 3658 5624 vi-

2079 5653 2234 5722 ginti.

418 5780 426 5792 ‘
455 5787 496 5814 ·⁸
520 5775 652 5830 .Ilmc
697 5773 962 5843 quomodo
989 5771 1087 5828 sibi
1136 5777 1406 5834 constent,
1440 5769 1559 5824 vide
1603 5769 1890 5825 Baronium
1920 5771 1972 5822 in
2012 5768 2326 5824 Annalibus.
