3924 6336
246 399 379 453 ΗΒῚ

239 605 445 669 Africa,
470 604 661 674 Agabi.

312 695 425 751 \‘Ill
459 695 590 751 ΚΑΙ..
630 694 979 749 Annuntiatio
1010 695 1397 750 incarnationis
1426 696 1738 761 Dominicae,
1764 706 1820 753 et

240 786 612 858 Hierosolyma
657 786 915 839 Dominus
958 795 1141 839 noster
1168 784 1325 840 .lesus
1352 786 1599 842 Christus
1642 788 1819 843 cruci-

242 880 383 935 fixus
408 888 511 943 est,
542 885 597 932 et
620 877 799 947 passio
824 877 997 931 sancti
1026 875 1210 932 Jacobi
1245 874 1427 933 fratris
1460 878 1693 943 Domini,
1726 879 1817 948 qui

240 972 295 1027 in
326 969 543 1024 Pascha:
565 968 901 1023 solemnitate
920 965 1117 1023 Iudaeis
1137 966 1408 1023 Christum
1434 969 1728 1025 testificaris
1749 971 1815 1023 de

242 1060 423 1130 templi
466 1067 549 1115 est
590 1057 822 1114 culmine
866 1058 1252 1129 prmcipitatus,
1300 1074 1363 1114 ac
1408 1057 1625 1115 fullonis
1663 1070 1816 1115 vecte

236 1164 549 1222 percussus.
581 1150 649 1205 Et
673 1150 726 1204 in
749 1148 1057 1204 Nicomedia
1084 1149 1261 1203 natale
1291 1149 1437 1204 Dulze
1467 1150 1673 1206 ancilla:
1711 1152 1815 1204 mi-

197 1246 366 1311 ilitis,
401 1261 519 1316 qua:
540 1261 638 1315 pro
668 1246 919 1301 castitate
946 1246 1125 1301 occisa
1155 1254 1256 1300 est.
1290 1244 1357 1301 Et
1386 1245 1589 1309 Romo},
1628 1246 1811 1317 Cyrini

237 1336 515 1412 [Quirini],
540 1340 629 1409 qui
663 1337 977 1393 interfectus
1013 1353 1043 1391 a
1079 1338 1331 1402 Claudio,
1376 1345 1430 1393 et
1475 1339 1529 1393 in
1577 1337 1812 1393 Tiberim

233 1427 488 1498 iactatus,
518 1430 571 1483 iu
614 1429 785 1484 insula
826 1428 1106 1499 Lycaoniae
1136 1427 1415 1493 inventus,
1436 1436 1492 1483 et
1525 1428 1578 1482 in
1611 1443 1812 1484 cmme-

236 1520 376 1576 terio
402 1519 649 1574 Pontiani
676 1519 925 1573 conditus
944 1526 1045 1573 est.
1079 1516 1351 1588 Scriptum
1378 1526 1461 1573 est
1488 1518 1540 1573 iu
1564 1519 1815 1589 passione

236 1612 409 1666 sancti
443 1609 731 1664 Valentini.

309 1701 399 1757 VII
434 1702 565 1757 KAL.
600 1702 654 1755 In
684 1700 900 1771 Syrmio
927 1699 1162 1755 Montani
1188 1701 1523 1773 presbyteri,
1567 1700 1814 1756 Maxima:

236 1794 425 1847 uxoris
455 1794 590 1863 ejus.
624 1792 831 1857 Romae,
856 1792 939 1846 via
966 1791 1267 1857 Lavicana,
1297 1792 1474 1847 natale
1505 1791 1677 1847 sancti
1714 1791 1815 1847 Ca-

236 1885 361 1941 stuli
398 1885 670 1955 martyris.

164 1968 167 1971 ’
308 1975 375 2030 Vl
417 1976 549 2030 KtL.
603 1975 970 2046 Hierosolyma
1018 1975 1344 2031 resurrectio
1382 1974 1595 2030 Domini
1639 1976 1809 2029 nostri

236 2067 364 2123 Jesu
397 2068 620 2124 Christi.

308 2160 351 2213 ν
379 2159 512 2213 ΚΜ..
541 2158 595 2213 1η
627 2157 806 2214 Africa
853 2158 1031 2213 natale
1075 2157 1287 2228 Rogati,
1338 2156 1626 2217 Successi;
1666 2166 1720 2212 et
1758 2159 1811 2212 in

232 2249 481 2303 Cmsarea
529 2232 682 2303 Mare
708 2246 901 2319 [Forte
931 2244 1297 2319 Mauritaniae]
1346 2246 1605 2316 depositio
1642 2246 1813 2301 sancti

234 2338 529 2409 Dagolaphi
554 2355 567 2402 ;
610 2345 663 2392 et
690 2338 742 2391 in
768 2336 948 2391 Africa
978 2336 1207 2392 aliorum
1237 2337 1493 2392 sedecim.

307 2427 371 2481 IV
403 2427 533 2482 Ihm.
564 2427 621 2481 In
647 2427 863 2483 civitate
903 2426 1095 2481 Pisana
1139 2426 1317 2482 natale
1358 2427 1527 2481 sancti
1565 2426 1814 2497 Torpetis

232 2518 512 2589 martyris,
544 2533 702 2589 quem
736 2517 877 2572 Nero
905 2518 1198 2586 imperator
1228 2517 1391 2586 jussit
1416 2533 1663 2588 magnam
1694 2518 1813 2572 Dia-

236 2625 363 2663 nam
414 2619 639 2663 matrem
685 2610 906 2663 deorum
948 2606 1207 2669 adorare,
1243 2606 1385 2675 quod
1424 2607 1537 2676 ipse
1582 2622 1816 2662 renuens

232 2700 473 2770 repletus
504 2698 705 2769 Spiritu
738 2706 947 2761 sancto,
977 2705 1031 2751 et
1060 2696 1237 2751 dixit:
1277 2715 1294 2747 ι
1331 2695 1517 2750 Melius
1545 2705 1629 2751 est
1648 2712 1813 2751 unum

234 2790 403 2845 D’eum
434 2791 686 2856 adorare,
718 2790 810 2861 qui
840 2790 965 2845 fecit
991 2792 1185 2846 coelum
1217 2801 1271 2845 et
1309 2799 1529 2856 terram,
1557 2800 1611 2848 et
1635 2792 1814 2847 omnia

232 2897 353 2952 quze.
400 2882 452 2935 in
498 2881 574 2936 eis
618 2889 763 2947 sunt,
792 2897 952 2950 quam
997 2882 1177 2951 plures
1208 2883 1337 2937 deos
1367 2884 1575 2948 colere,
1606 2884 1708 2939 hoc
1734 2893 1817 2939 est

232 2974 525 3027 daemones.
565 2990 583 3023 ι
614 2972 809 3026 Exieus
847 2980 1067 3027 sanctus
1102 2972 1307 3041 Torpes
1343 2974 1408 3028 de
1450 2973 1649 3043 palatio
1680 2974 1815 3028 mul-

237 3074 349 3118 tum
383 3063 523 3116 intra
568 3077 625 3117 se
669 3062 912 3133 cogitans
963 3062 1137 3116 dixit:
1183 3081 1201 3113 ‹
1238 3061 1374 3129 Quid
1422 3061 1616 3117 faciam
1656 3063 1813 3117 idolis

232 3153 519 3208 serviendo
544 3160 598 3207 et
623 3152 948 3222 baptismum
984 3150 1172 3206 salutis
1198 3166 1303 3205 non
1335 3151 1577 3221 accipio?
1615 3172 1633 3203 ι
1665 3151 1815 3207 Tunc

1545 401 2168 462 .\I.~\RTYR'0|.OGIU.\I.

310 515 375 569 IX
408 513 539 568 litt.
580 509 636 565 In
660 510 820 581 Syria
854 512 1028 565 natale
1064 511 1302 566 Seleucis
1330 512 1587 583 [Seleuci]
1616 529 1628 576 ;
1668 522 1724 568 et
1761 513 1813 568 in
1844 522 1888 574 A

3348 422 3362 473 I
3384 421 3487 473 l58’

2496 540 2912 617 APRILIS.

1986 688 2117 744 Κη.
2160 688 2399 746 Aemus.
2449 690 2505 745 In
2552 692 2933 749 Thessalonica
2980 696 3156 752 natale
3200 699 3398 770 Agapis
3432 710 3500 755 et'

1916 780 2153 836 Chioniaz
2180 785 2280 839 sub
2308 782 2661 849 Diocletiano,
2683 800 2805 853 qua:
2833 786 3005 855 primo
3045 788 3097 841 in
3126 803 3347 844 carcere
3373 805 3489 844 ma-

1917 879 2130 934 ceratae,
2161 879 2282 940 post
2329 872 2381 926 in
2428 872 2606 943 ignem
2651 874 2829 929 missa:
2872 883 3023 938 sunt,
3075 877 3168 932 sed
3211 879 3424 935 intacta:
3454 893 3486 934 α

1917 958 2163 1027 ﬂammis,
2193 973 2315 1033 post
2336 965 2633 1020 orationem
2656 967 2721 1022 ad
2748 966 3032 1023 Dominum
3059 969 3249 1037 fusam,
3276 974 3499 1029 animas'

1916 1052 2281 1109 reddiderunt.

1985 1138 2052 1193 IV
2076 1139 2212 1196 Non.
2246 1143 2478 1200 APRILIS.
2519 1146 2577 1202 In
2626 1146 2804 1205 Africa
2833 1149 3141 1221 Amphiani,
3174 1154 3409 1211 Victoris
3432 1164 3499 1211 et

1916 1231 2143 1287 aliorum
2166 1236 2572 1303 quatuordecim
2598 1256 2611 1304 ;
2650 1248 2705 1294 et
2734 1241 2861 1296 alibi
2893 1242 3208 1311 Marcellini,
3239 1245 3485 1313 Saturni,

1916 1322 2175 1392 Quiriaci,
2204 1326 2445 1397 Reginie,
2473 1328 2737 1395 Proculze,
2762 1340 2815 1387 et
2839 1333 3065 1389 aliorum
3094 1345 3346 1405 quatuor.

1982 1416 2047 1473 IlI
2075 1417 2208 1473 Non.
2241 1418 2479 1476 Aemus.
2510 1420 2701 1479 Natale
2732 1422 3048 1481 Theodosia:
3085 1429 3339 1498 virginis,
3368 1446 3500 1501 qua?

1915 1525 2071 1579 passa
2122 1519 2208 1566 est
2255 1514 2585 1583 temporibus
2635 1516 3016 1585 imperatorum
3074 1520 3387 1576 Diocletiani
3433 1531 3489 1577 et

1915 1598 2245 1665 Maximiani,
2272 1602 2324 1655 in
2351 1604 2571 1658 civitate
2598 1604 2864 1671 Catsarea,
2909 1608 3009 1662 sub
3038 1609 3254 1665 Urbano
3291 1611 3488 1681 praefe-

1914 1698 2003 1744 cto
2039 1709 2050 1743 :
2091 1706 2215 1745 nam
2246 1692 2362 1748 hzec
2391 1709 2533 1759 cum,
2565 1694 2765 1751 relictis
2797 1699 3128 1766 parentibus,
3158 1699 3489 1770 confugisset

1915 1780 1980 1834 ad
2008 1797 2279 1837 carcerem
2304 1824 2317 1847 ,
2362 1784 2450 1837 tibi
2487 1784 2686 1841 Christi
2717 1787 3053 1844 confessores
3093 1791 3260 1845 clausi
3293 1802 3448 1848 erant
3468 1834 3483 1856 ,

1842 1872 1887 1932 Β
1916 1879 2063 1925 tenta
2093 1881 2175 1926 est
2200 1888 2226 1926 a
2253 1873 2513 1927 militibus
2541 1882 2594 1929 et
2620 1876 2777 1931 ducta
2804 1878 2868 1931 ad
2894 1880 3125 1933 tribunal
3157 1880 3352 1948 judicis
3382 1883 3486 1935 lir-

1912 1960 2059 2026 bani,
2088 1977 2207 2033 quae
2238 1977 2421 2017 coram
2450 1965 2565 2033 ipso
2589 1976 2794 2031 astans,
2826 1980 2925 2021 nec
2950 1968 3343 2025 adulationibus
3372 1970 3487 2039 ejus

1912 2062 1994 2108 est
2018 2053 2240 2124 decepta
2271 2069 2369 2110 nec
2400 2055 2559 2110 minis
2595 2057 2805 2121 territa,
2851 2059 2944 2113 sed
2995 2060 3254 2128 sapientia
3285 2060 3378 2115 Dei
3404 2076 3489 2115 re-

1913 2145 2053 2215 pleta
2079 2145 2239 2202 falsos
2262 2146 2388 2201 deos
2414 2148 2689 2217 gentilium
2717 2148 3034 2219 disputando
3056 2166 3236 2207 coram
3260 2155 3487 2223 praeside

1914 2234 2244 2290 confutabat.
2276 2236 2426 2292 Unde
2456 2246 2511 2293 et
2549 2252 2578 2292 a
2622 2246 2849 2309 tyranno
2873 2242 3055 2296 nervis
3099 2242 3282 2311 ligata,
3315 2254 3369 2299 et
3396 2244 3489 2299 tia-

1912 2326 2064 2396 gellis
2087 2342 2223 2381 caesa
2251 2342 2359 2381 non
2386 2329 2561 2397 potuit
2589 2329 2727 2383 vinci
2754 2348 2767 2382 :
2810 2338 2993 2399 postea
3022 2332 3071 2387 ei
3097 2332 3336 2387 adhibita
3360 2344 3489 2389 sunt

1911 2416 2061 2471 varia
2091 2425 2381 2483 tormenta,
2423 2420 2524 2475 hoc
2549 2429 2633 2475 est
2660 2422 2959 2489 sartagines
2990 2424 3194 2493 ignitae,
3229 2425 3412 2481 leones
3434 2434 3489 2481 et

1912 2511 2118 2577 bestiae,
2147 2527 2210 2567 ex
2238 2512 2433 2582 quibus
2460 2512 2657 2567 nullam
2685 2514 2951 2569 maculam
2979 2530 3135 2585 passa
3160 2525 3260 2572 est.
3288 2519 3493 2573 Deinde

1915 2605 1969 2658 in
1998 2618 2147 2659 mare
2176 2604 2438 2667 demersa,
2484 2604 2576 2659 sed
2604 2618 2699 2673 per
2728 2605 2821 2659 Dei
2857 2606 3109 2660 auxilium
3159 2608 3318 2663 citius
3363 2609 3493 2664 inde

1916 2696 2165 2760 liberata,
2198 2696 2490 2750 novissime
2518 2694 2693 2766 gladio
2716 2696 2892 2765 capite
2924 2696 3181 2761 abscisso,
3214 2698 3489 2754 obdormi-

1915 2789 1991 2843 vit
2019 2789 2070 2842 in
2096 2803 2247 2858 pace,
2273 2795 2327 2842 et
2348 2787 2631 2858 complevit
2658 2789 2969 2858 martyrium
2996 2804 3172 2853 suum,
3192 2789 3488 2847 honorifice

1915 2894 1943 2933 a
1973 2878 2294 2935 Christianis
2320 2878 2608 2949 sepulturae
2640 2878 2853 2933 tradita.

1983 2970 2025 3024 II
2050 2970 2182 3026 Nox.
2225 2970 2522 3037 Mediolano
2564 2970 2828 3040 depositio
2874 2971 3015 3026 beati
3059 2971 3327 3026 Ambrosii
3371 2972 3493 3041 epi-

1916 3062 2063 3132 scopi
2092 3069 2147 3117 et
2174 3061 2499 3116 confessoris
2518 3102 2532 3126 ,
2572 3061 2725 3132 cujus
2754 3062 2861 3115 vita
2888 3070 2945 3116 et
2979 3062 3220 3116 doctrina
3259 3062 3501 3134 insignis

1915 3152 2242 3220 praedicatur
2266 3152 2316 3206 in
2344 3151 2601 3207 Ecclesia.

231 3243 476 3299 ascendit
509 3243 562 3297 in
588 3249 821 3298 montem
852 3250 905 3296 et
929 3241 1167 3297 clamare
1192 3242 1375 3311 coepit,
1401 3242 1625 3297 dicens:
1658 3260 1677 3294 ‹
1712 3240 1811 3295 Pa-
1839 3224 1883 3287 (ἶ
1984 3242 2167 3299 Νοκιε.
2200 3243 2255 3297 ln
2286 3241 2663 3298 Thessalonica
2712 3240 2905 3297 natalis
2951 3242 3179 3313 ilyrenis
3222 3242 3472 3315 [Irenes],

232 3345 317 3390 ter
338 3335 563 3399 Antoni,
590 3333 678 3387 tibi
710 3334 809 3387 es?
852 3354 869 3384 ι
912 3333 1206 3402 Respondit
1233 3335 1517 3405 presbyter
1542 3334 1810 3389 Antonius

230 3435 287 3481 et
314 3424 453 3478 dixit
480 3442 491 3475 τ
536 3442 553 3474 ι
591 3424 656 3477 Ει
684 3424 805 3493 quis
834 3438 893 3479 es
925 3431 1001 3487 tu,
1033 3423 1147 3478 ﬁli?
1180 3444 1197 3475 ›
1230 3424 1463 3479 Sanctus
1490 3424 1696 3495 Torpes
1722 3424 1807 3479 di-

227 3516 312 3571 xit
342 3533 354 3567 :
403 3532 421 3564 ι
456 3513 566 3584 Ego
596 3528 715 3568 sum
745 3528 934 3568 servus
970 3522 1092 3567 tuus
1123 3513 1365 3583 Torpes;
1411 3533 1428 3565 ι
1471 3522 1599 3568 tunc
1634 3514 1806 3567 Anto-

224 3607 349 3662 nius
389 3606 681 3674 baptizavit
729 3620 851 3661 eum
883 3606 937 3659 in
978 3606 1197 3659 nomine
1232 3604 1435 3670 Patris,
1484 3612 1537 3660 et
1573 3604 1724 3667 Filii,
1756 3612 1811 3659 et

223 3697 459 3767 Spiritus
485 3696 675 3753 sancti.
703 3694 854 3751 Tunc
878 3694 1059 3751 statim
1084 3694 1305 3763 angelus
1327 3694 1537 3748 Domini
1561 3694 1807 3763 apparuit

224 3798 415 3843 sancto
445 3787 685 3857 Torpeti,
709 3794 764 3840 et
790 3785 924 3838 dixit
949 3784 998 3836 ei
1026 3802 1039 3836 :
1076 3800 1096 3833 ί
1128 3782 1277 3836 Forti
1304 3792 1421 3837 esto
1452 3784 1653 3847 animo,
1678 3783 1804 3853 quia

222 3891 280 3936 tu
314 3881 592 3935 uobiscum
612 3880 722 3932 eris
748 3878 799 3931 in
828 3876 1099 3944 paradiso.
1133 3894 1150 3926 ι
1183 3874 1378 3929 Postea
1400 3873 1540 3928 Nero
1567 3876 1805 3944 perrexit

220 3970 452 4027 Romam
481 3980 534 4022 et
575 3966 829 4021 Salellico
869 3970 1098 4035 cognato
1127 3978 1224 4018 suo
1253 3964 1509 4033 prmcepit
1553 3972 1802 4019 sanctum

220 4059 508 4131 Torpetem
542 4060 594 4113 in
620 4072 893 4113 carcerem
923 4056 1118 4125 recipi,
1162 4063 1216 4110 et
1254 4054 1425 4123 alapis
1452 4054 1585 4109 canli
1607 4094 1622 4119 ,
1651 4064 1706 4110 et
1736 4056 1803 4110 ad

218 4152 526 4208 columnam
547 4148 903 4203 IIabentinam
927 4147 1069 4201 nudo
1090 4158 1318 4214 corpore
1337 4144 1647 4215 religari;et
1675 4145 1803 4199 dum

218 4248 443 4295 sanctus
467 4237 673 4307 Torpes
694 4236 1012 4307 complesset
1036 4234 1357 4298 orationem,
1382 4234 1577 4289 cecidit
1598 4232 1684 4287 illa
1712 4249 1803 4289 co-

220 4330 424 4394 lumna,
454 4337 509 4381 et
539 4327 809 4397 oppressit
850 4342 913 4381 ex
946 4327 1122 4394 impiis
1152 4324 1561 4396 quinquaginta,
1592 4334 1647 4380 et
1690 4326 1803 4394 ipse

220 4416 510 4474 Satellicus
547 4416 646 4471 sub
680 4431 744 4471 ea
779 4424 1020 4471 mortuus
1042 4424 1143 4470 est.
1174 4415 1323 4470 Tunc
1357 4416 1495 4471 filius
1528 4415 1797 4481 Satellici,

219 4508 439 4563 nomine
463 4504 717 4572 Silvinus,
740 4506 867 4560 dum
894 4505 1008 4560 haec
1030 4506 1102 4559 ita
1129 4516 1435 4577 agerentur,
1454 4505 1617 4575 jussit
1638 4517 1695 4562 ut
1717 4508 1802 4563 leo

216 4614 343 4655 eum
360 4599 425 4651 ad
444 4597 804 4652 devorandum
828 4596 1219 4651 dimitteretur:
1238 4598 1326 4667 qui
1350 4599 1527 4653 subito
1548 4600 1801 4656 dimissus

218 4693 357 4746 dans
382 4689 614 4758 rugitum
637 4704 797 4757 super
817 4703 961 4752 eum,
982 4696 1033 4742 et
1052 4688 1239 4742 eadem
1263 4688 1392 4742 hora
1418 4698 1659 4744 mortuus
1682 4699 1795 4755 est;

216 4788 275 4835 et
320 4780 516 4831 iterum
553 4776 803 4830 dimissus
837 4784 918 4831 est
957 4775 1271 4846 leopardus,
1316 4787 1369 4831 et
1416 4779 1531 4847 ipse
1578 4777 1797 4835 ﬂectens

217 4875 385 4937 caput
421 4866 653 4936 lingcbat
694 4865 905 4936 plantas
930 4866 1065 4936 ejus.
1111 4866 1259 4921 Tunc
1282 4868 1531 4937 praecepit
1559 4867 1799 4923 Silvinus

217 4956 488 5014 ministris
514 4965 572 5010 ut
600 4956 665 5010 ad
706 4970 854 5010 mare
885 4954 1172 5010 duceretur
1196 4964 1249 5010 et
1286 4957 1479 5012 ibidem
1504 4957 1795 5013 decollare-

220 5057 334 5100 tur.
365 5042 594 5099 Sanctus
622 5059 745 5098 vero
768 5043 1152 5113 Torpes,spem
1176 5045 1380 5099 habens
1402 5044 1467 5099 ad
1491 5045 1795 5111 Dominum,

219 5136 301 5190 ita
324 5135 523 5189 oravit:
553 5152 570 5183 ι
599 5132 840 5195 Domine,
868 5133 1078 5201 suscipe
1102 5133 1349 5201 spiritum
1374 5148 1568 5198 meum,
1598 5153 1616 5186 ι
1635 5144 1690 5190 et
1722 5136 1800 5189 sic

219 5241 251 5279 a
282 5221 537 5277 carnifice
567 5221 858 5277 decollatus
881 5232 983 5275 est.
1014 5221 1211 5275 Eodem
1237 5222 1322 5276 die
1350 5224 1528 5293 passio
1551 5225 1793 5279 Achacii.

295 5312 361 5367 III
388 5310 522 5367 Kac.
555 5309 742 5366 Natale
770 5312 950 5365 domui
990 5310 1365 5382 Philippopoli,
1402 5322 1456 5367 et
1479 5313 1679 5369 Jacaici
1701 5356 1716 5380 ,
1743 5325 1796 5370 et

219 5399 490 5469 depositio
518 5398 753 5453 Austasii
784 5399 991 5452 abbatis
1019 5408 1073 5452 et
1098 5397 1261 5453 Nicaai
1286 5402 1543 5472 episc0pi.

296 5491 336 5543 ll
359 5489 493 5544 KAL.
525 5490 579 5542 In
607 5488 786 5543 Africa
812 5489 985 5543 natale
1014 5490 1161 5544 Anisi
1192 5488 1419 5563 [Anesii]
1451 5501 1503 5546 et
1532 5494 1795 5563 depositio

221 5581 493 5637 Ambrosii
529 5580 784 5649 episcopi,
814 5588 867 5633 et
905 5579 1082 5633 natale
1114 5590 1315 5650 septem
1344 5583 1629 5653 virginum,
1662 5600 1795 5653 qua-

225 5688 344 5728 rum
374 5670 587 5725 nomina
614 5669 754 5724 Deus
785 5670 903 5725 scit.

1910 3348 2030 3403 qua:
2051 3342 2175 3403 post
2198 3333 2532 3386 tolerantiam
2563 3334 2799 3387 carceris
2830 3331 2971 3386 inter
2997 3334 3270 3388 orationes
3290 3334 3483 3404 sagitta

1909 3440 2165 3495 percussa
2203 3434 2287 3481 est
2330 3440 2359 3478 a
2400 3423 2635 3479 Sisinnio
2665 3425 2893 3488 comite,
2924 3426 3022 3479 sub
3060 3440 3167 3495 quo
3192 3436 3253 3479 οι
3272 3440 3485 3495 sorores

1909 3515 2045 3584 ejus,
2095 3516 2276 3586 Agape
2321 3522 2375 3569 et
2422 3513 2679 3577 Chionia,
2730 3516 3250 3585 martyrizaverunt:
3295 3532 3414 3586 qua:
3453 3533 3481 3571 a

1907 3606 2166 3677 praedicto
2194 3604 2450 3677 priefeeto
2476 3606 2598 3660 licet
2634 3606 2684 3659 in
2717 3606 2893 3675 ignem
2917 3606 3276 3672 mitterentur,
3302 3616 3481 3660 tamen

1909 3696 2086 3750 illms'e
2118 3697 2184 3750 ab
2226 3710 2329 3759 eo,
2359 3703 2646 3751 exorantes
2685 3694 2968 3750 Dominum
2988 3736 3001 3761 ,
3034 3696 3276 3765 spiritum
3308 3695 3487 3751 reddi-

1910 3785 2121 3839 derunt.

1978 3874 2089 3929 VIII
2117 3874 2191 3929 In.
2236 3874 2291 3929 In
2340 3876 2552 3947 Syrmio
2588 3875 2763 3931 natale
2807 3875 3035 3948 Hyrenei
3077 3876 3331 3949 [Irenaei]
3364 3880 3479 3947 epi-

1908 3967 2055 4034 scopi
2085 3965 2321 4034 ejusdem
2355 3968 2477 4022 loci.
2715 3974 2721 3979 “

1978 4052 2064 4108 VII
2094 4054 2168 4108 Io.
2202 4056 2256 4109 In
2289 4055 2608 4110 Alexandria
2635 4057 2810 4111 natale
2839 4057 3011 4113 Pelosi
3040 4058 3311 4131 [Peleusii]
3338 4074 3481 4129 prcs-

1904 4142 2117 4210 byteri;
2154 4151 2207 4197 et
2245 4143 2295 4196 in
2335 4142 2643 4200 Nicomedia
2698 4144 2890 4201 natalis
2928 4145 3139 4218 Cyriaci
3188 4162 3309 4201 cum
3354 4148 3475 4203 aliis

1907 4232 2114 4287 decem.

1977 4322 2041 4375 Vl
2070 4323 2143 4375 In.
2178 4322 2234 4377 In
2259 4322 2437 4378 Africa
2472 4324 2664 4379 natalis
2690 4324 2951 4391 Januarii,
2985 4324 3238 4381 Macharii
3276 4324 3475 4399 [Maca-

1906 4414 2019 4485 rize]
2051 4422 2104 4467 et
2133 4413 2414 4479 Maximus;
2454 4424 2510 4470 et
2538 4416 2591 4469 in
2620 4414 2964 4487 Carthagine,
2993 4416 3297 4475 Concessze.

1965 4504 2005 4556 Υ
2029 4503 2103 4557 Io.
2134 4503 2188 4557 In
2224 4503 2439 4575 Syrmio
2468 4506 2663 4561 natalis
2702 4517 2905 4577 septem
2942 4508 3205 4579 virginum
3226 4551 3240 4571 ,
3266 4525 3385 4579 qua:
3421 4514 3479 4568 in

1906 4610 2072 4648 unum
2096 4604 2407 4650 meruerunt
2429 4598 2697 4651 coronari.

1973 4686 2040 4740 IV
2071 4686 2145 4741 Io.
2178 4687 2476 4742 Ezechielis
2496 4689 2785 4758 prophetae.

1971 4777 2037 4831 III
2070 4776 2143 4831 In.
2174 4777 2356 4833 Roma“:
2384 4778 2579 4834 Leonis
2603 4795 2771 4849 papte,
2796 4782 2886 4850 qui
2915 4782 3357 4852 quadragesimus
3385 4800 3467 4838 se;

1902 4866 2100 4934 ptimus
2124 4875 2244 4935 post
2265 4866 2474 4920 beatum
2500 4867 2717 4921 Petmm
2742 4868 3061 4938 apostolum,
3102 4870 3237 4925 sedit
3268 4872 3318 4925 in
3353 4875 3468 4941 epi-

1901 4965 2122 5027 scopatu
2144 4958 2298 5011 annis
2322 4957 2510 5027 viginti
2536 4974 2660 5013 uno.
2680 4958 2775 5013 IIic
2802 4960 3003 5014 invenit
3034 4956 3217 5032 [Forte
3250 4962 3467 5035 evertit]

1902 5048 2132 5102 haereses
2152 5046 2307 5111 duas,
2337 5058 2390 5102 et
2416 5048 2580 5103 missa
2601 5048 2864 5119 legatione
2890 5051 2955 5104 ad
2977 5050 3303 5106 Marcianum
3323 5054 3471 5122 prin-

1900 5139 2072 5207 cipem
2107 5138 2465 5204 catholicum,
2510 5150 2831 5210 congregata
2880 5142 3081 5211 synodo
3118 5141 3465 5196 ducentordm

1898 5228 2285 5299 quinquaginta
2313 5238 2369 5283 et
2398 5244 2489 5284 sex
2522 5230 2894 5297 episcoporum
2927 5232 2978 5285 in
3011 5229 3377 5297 Chalcedone,
3412 5234 3464 5286 in

1898 5319 2161 5389 martyrio
2215 5328 2417 5373 sancta:
2462 5318 2718 5374 Eufemize
2767 5321 3052 5391 martyris,
3106 5335 3466 5390 exposuerunt

1891 5404 2228 5472 juxta-Iidem
2260 5406 2582 5462 catholicam
2610 5408 2741 5462 duas
2762 5417 2991 5463 naturas
3031 5410 3083 5463 in
3114 5425 3221 5464 uno
3251 5409 3468 5467 Christo

1900 5495 2145 5559 Domino,
2172 5495 2272 5549 hoc
2294 5503 2377 5549 est
2397 5494 2631 5549 divinam
2657 5505 2709 5549 et
2733 5494 3041 5560 humanam,
3066 5506 3123 5551 et
3143 5498 3466 5552 condemna-

1897 5592 2088 5639 verunt
2116 5584 2419 5637 Euthicium
2480 5594 2533 5638 et
2560 5584 2862 5639 Nestorium
2894 5586 3193 5640 hmrcticos.

1967 5673 2007 5727 II
2038 5674 2110 5727 In.
2144 5674 2325 5729 Romre
2351 5675 2582 5744 episcopi
2614 5674 2735 5728 Julii
2761 5691 2909 5745 pap:e
2935 5677 3355 5738 etcont‘essoris,
3372 5678 3463 5747 qui

1898 5765 1997 5819 sub
2027 5764 2336 5819 Constantio
2360 5766 2574 5831 Ariano,
2606 5768 2708 5820 lilio
2731 5768 3086 5832 Constantini,
3106 5770 3294 5824 decem
3314 5785 3466 5823 men-
