3924 6364
480 392 611 446 Ηῦἷ)

1112 387 1170 441 ll.
1216 387 1465 441 ltABANl
1510 388 1725 445 MAURI
1766 387 2079 445 AllClllEP.
2124 389 2431 447 MOCUNT.
2475 391 2759 448 OPERUM
2802 392 2979 451 PARS
3019 395 3080 449 ll.

3617 402 3739 453 llitl

475 505 623 558 sibus
652 498 1026 555 tribulationrs
1067 507 1120 551 ct
1149 498 1335 551 exsilia
1358 513 1579 567 passus,
1616 506 1736 568 post
1761 498 1878 569 ejus
1905 516 2054 556 mor-
2084 509 2131 567 Α
2161 503 2398 570 Callisti,
2445 506 2646 561 Carissi
2691 506 3021 581 [Charisii],
3064 510 3346 577 Leonidis,
3390 513 3737 577 Christiana.

479 604 585 649 tem
618 608 737 647 cum
766 604 956 661 magna
984 588 1151 659 gloria
1178 588 1245 641 ad
1271 588 1451 643 sedem
1494 604 1646 642 suam
1674 602 1924 645 reversus
1951 599 2055 645 est.

477 686 542 739 lit
568 684 756 738 eodem
784 681 891 743 die,
922 680 1139 733 civitate
1169 678 1394 742 Verona,
1428 679 1609 748 passio
1647 680 1822 734 sancti
1856 679 2058 735 Zenoni

476 775 753 846 martyris,
795 771 861 828 de
889 788 995 842 quo
1040 770 1558 843 beatus,Grcgorius
1592 770 1760 826 refert
1805 771 1859 826 in
1907 772 2058 827 libris

478 867 842 936 Dialogorum,
870 863 1014 934 quod
1052 861 1226 916 Atisin
1270 860 1531 935 [Athesis]
1570 860 1765 917 fluvius
1792 862 2061 918 inundans

478 960 530 1012 in
553 957 779 1012 ecclesia
808 957 897 1010 ubi
940 970 1137 1025 corpus
1176 953 1292 1024 ejus
1317 954 1534 1026 jacebat
1557 955 1861 1018 humatum,
1888 971 2061 1026 usque

476 1052 544 1106 ad
584 1050 890 1119 superiores
936 1049 1061 1103 tecti
1104 1047 1372 1104 fenestras
1409 1048 1743 1114 excreverit,
1789 1049 1882 1104 sed
1919 1048 2058 1103 intra

478 1145 762 1201 ecclesiam
799 1144 889 1198 ubi
926 1143 1103 1199 fuerat
1144 1151 1467 1215 congregata
1513 1139 1750 1197 ﬁdelium
1783 1141 1937 1195 turba
1978 1140 2055 1195 in-

479 1248 625 1292 trare
658 1251 763 1291 non
792 1244 1025 1306 poterat.

548 1328 622 1383 In.
649 1329 838 1383 ArntL.
854 1328 913 1383 ltt
936 1327 1155 1383 civitate
1177 1327 1536 1383 Chalcedonia
1561 1327 1758 1382 natalis
1780 1325 2055 1389 Eufemire,

476 1431 533 1477 et
560 1420 745 1476 Romae
772 1420 824 1475 in
860 1420 1173 1476 cmmetcrio
1205 1418 1486 1474 translatio
1510 1417 1751 1474 Januarii
1782 1417 2057 1487 martyris.

546 1512 709 1569 XVIII
738 1512 872 1567 Kac.
906 1512 1056 1568 lllxtt.
1090 1512 1296 1578 Ιὶοιιιίιξ,
1324 1510 1590 1583 Tyburtii,
1621 1518 1675 1567 et
1696 1508 2063 1573 Valeriani,et

479 1604 718 1667 Maximi,
746 1603 844 1657 sub
865 1603 1143 1658 Almachio
1170 1602 1333 1658 Urbis
1355 1601 1630 1672 prtefecto,
1649 1614 1877 1672 quorum
1901 1597 2060 1670 primi

480 1695 709 1748 fustibus
744 1693 865 1748 οωδί
888 1701 942 1747 et
972 1692 1147 1764 gladio
1178 1701 1305 1747 sunt
1327 1691 1591 1762 percussi,
1620 1690 1841 1745 ultimus
1875 1686 2059 1743 tandiu

478 1785 769 1856 plumbatis
799 1785 1114 1840 verberatus
1149 1784 1319 1840 donec
1356 1784 1605 1856 spiritum
1636 1783 1904 1839 redderet.
1951 1780 2058 1836 Eo-

2161 593 2342 658 Callat,
2371 593 2666 651 Theodorre
2695 608 2751 652 et
2775 598 3002 653 aliorum
3031 600 3385 669 plurimorum
3413 614 3738 661 sanctorum.

2231 685 2325 741 XV
2354 686 2487 743 KAL.
2516 687 2572 742 lu
2603 687 2891 745 Antiochia
2915 690 3108 746 natalis
3126 693 3270 747 Petri
3298 695 3515 749 diaconi
3540 705 3596 750 et
3616 693 3739 752 Her-

2161 778 2437 849 mogenis;
2469 788 2523 834 et
2550 780 2602 834 in
2627 779 2830 844 Africa,
2854 780 3137 837 Fortunati
3167 793 3221 837 et
3250 783 3534 839 Marciani.

2232 871 2348 926 XIV
2376 871 2510 926 ΚΜ..
2543 869 2748 927 Natalis
2783 871 3107 935 Eleutherii‘
3125 875 3361 946 episcopi
3388 887 3440 930 et
3472 877 3738 948 martyris,

2160 971 2217 1018 et
2257 962 2430 1017 Aulim
2477 963 2668 1018 matris
2696 963 2832 1035 ejus.
2868 963 2966 1019 llic
3010 963 3355 1023 Eleutherius
3399 968 3453 1022 in
3501 967 3741 1037 Aquileia

2162 1053 2447 1124 episcopus
2474 1053 2783 1119 ordinatur,
2809 1056 2908 1110 sub
2931 1053 3171 1111 Adriano
3198 1057 3532 1127 imperatore
3557 1074 3740 1129 passus

2160 1154 2265 1202 est.
2298 1146 2397 1202 llic
2427 1146 2662 1216 primum
2692 1144 2931 1203 Felicem
2954 1188 2970 1214 ,
3005 1156 3057 1203 ct
3088 1145 3380 1204 Correvum
3413 1148 3741 1224 [Corebnm]

2161 1236 2387 1292 comites
2406 1236 2676 1293 convertit
2703 1236 2770 1292 ad
2802 1236 2959 1293 fidem
2986 1238 3208 1304 Christi,
3234 1254 3335 1309 pro
3354 1255 3463 1310 quo
3486 1241 3604 1311 ipse
3622 1240 3741 1295 Cor-

2161 1342 2324 1385 revus
2362 1327 2653 1401 [Corebus]
2692 1344 2880 1400 passus
2921 1339 3005 1385 est
3036 1344 3325 1399 percussus
3367 1331 3571 1402 gladio.
3620 1331 3739 1386 Nam

2163 1419 2521 1475 Eleutherius
2535 1420 2713 1491 primo
2734 1420 2866 1475 vicit
2888 1420 3087 1475 lectum
3118 1421 3374 1488 ferreum,
3405 1422 3606 1477 deinde
3634 1438 3739 1476 cnt-

2166 1510 2384 1566 ticulam
2404 1518 2459 1566 et
2485 1509 2660 1582 ignem
2689 1511 3046 1582 suppositum,
3063 1520 3249 1580 postea
3272 1511 3606 1583 sartagine-ni
3630 1529 3739 1567 cum

2162 1604 2281 1673 pice
2303 1612 2358 1658 et
2386 1601 2542 1672 adipe
2585 1602 2847 1658 fervente.
2880 1602 3088 1658 Dehinc
3134 1601 3338 1657 bestias
3368 1603 3656 1673 mitigavit,
3683 1605 3740 1656 ait

2161 1704 2465 1749 extremum
2494 1707 2625 1749 vero
2650 1692 2944 1748 decollatus
2966 1699 3051 1748 est
3077 1707 3198 1749 cum
3223 1693 3383 1748 Antia
3405 1705 3584 1749 matre
3616 1696 3739 1763 ejus,

2164 1792 2221 1840 et
2244 1784 2323 1840 sic
2353 1784 2674 1856 martyrium
2704 1784 2896 1839 finivit.

477 1880 597 1934 dcm
635 1879 719 1933 die
758 1879 813 1932 in
854 1878 1025 1933 Nitria
1067 1876 1357 1933 Frontonis
1398 1875 1682 1943 monachi,
1721 1874 1813 1946 qui
1842 1882 2054 1945 septua-
2083 1867 2130 1928 Β
2233 1875 2349 1932 χιιι
2375 1876 2508 1932 ΚΜ..
2541 1876 2599 1932 In
2625 1874 2809 1931 Africa
2850 1874 3131 1932 Calasrani
3171 1874 3402 1941 abbatis,
3434 1884 3487 1929 et
3528 1875 3739 1930 llermo—

476 1970 622 2039 ginta
655 1969 949 2024 monachos
975 1969 1028 2023 in
1050 1983 1291 2023 eretnum
1313 1983 1494 2024 secum
1520 1966 1761 2031 adduxit,
1791 1975 1847 2022 ut
1872 1980 2063 2036 seque-

477 2062 632 2116 strati
664 2062 732 2115 ab
759 2060 1070 2116 hominibus
1095 2061 1289 2116 divina:
1309 2058 1746 2131 contemplationi
1769 2067 2058 2116 vacarent:

479 2155 572 2209 sed
613 2169 734 2209 cum
775 2162 918 2209 esset
944 2153 1051 2219 ibi,
1083 2153 1295 2209 diabolo
1339 2152 1649 2225 instigante,
1681 2153 1782 2223 ipsi
1810 2152 2061 2210 monachi

479 2257 667 2300 contra
710 2244 957 2301 abbatem
1005 2259 1161 2301 suum
1209 2253 1720 2311 murmuraverunt,
1768 2244 1910 2315 quod
1955 2259 2062 2299 non

479 2342 701 2404 possent
731 2351 842 2407 prae
866 2335 1009 2393 fame
1034 2336 1089 2391 in
1111 2351 1296 2391 eremo
1322 2336 1571 2393 habitare
1596 2353 1611 2404 ;
1651 2336 1746 2394 sed
1775 2337 2063 2393 consolans

480 2441 574 2480 eos
608 2425 776 2481 abbas
826 2442 977 2493 suus,
1029 2442 1058 2482 a
1091 2426 1320 2481 Domino
1346 2427 1477 2498 ipsis
1509 2427 1759 2497 promisit
1787 2427 2060 2491 solatium,

481 2517 623 2587 quod
650 2527 707 2573 et
741 2518 814 2572 ita
861 2518 1058 2574 evenit.
1086 2517 1221 2574 Nam
1251 2517 1512 2576 Dominus
1545 2535 1646 2591 per
1671 2519 1932 2576 visionem
1962 2535 2061 2574 an-

482 2610 708 2680 gelicam
737 2611 1024 2682 quemdam
1060 2611 1282 2667 divitem
1328 2612 1621 2683 corripuit,
1666 2612 1808 2682 quod
1852 2613 1964 2683 ipse
2008 2614 2063 2667 in

485 2700 690 2756 deliciis
710 2701 917 2768 vivens,
945 2702 1117 2758 servis
1140 2704 1252 2758 suis
1281 2701 1334 2757 in
1365 2715 1549 2759 eremo
1574 2702 1945 2760 habitantibus
1966 2703 2064 2769 ali—

485 2802 724 2848 mentum
761 2808 866 2848 non
901 2793 1198 2863 praeberet:
1231 2793 1322 2863 qui
1362 2807 1484 2849 cum
1513 2808 1619 2849 non
1662 2794 1829 2850 sciret
1865 2794 1955 2850 ubi
1988 2793 2060 2850 illi

486 2888 807 2951 habitarent,
831 2887 1055 2944 consilio
1073 2896 1295 2958 accepto
1317 2888 1657 2960 septuaginta
1679 2886 1913 2943 camelos
1934 2904 2063 2944 one-

486 2982 640 3036 rabat
681 2980 981 3045 alimentis,
1030 2987 1083 3035 et
1111 2979 1317 3034 dimisit
1359 2978 1479 3035 illos
1508 2994 1615 3050 quo
1666 2978 1927 3049 Dominus
1969 2994 2063 3035 cus

484 3071 645 3128 vellet
671 3072 986 3143 perducere.
1017 3071 1087 3126 At
1129 3071 1202 3127 illi
1230 3087 1259 3127 a
1290 3072 1509 3128 domino
1538 3087 1637 3127 suo
1665 3072 1906 3139 dimissi,
1940 3087 2063 3143 per-

483 3165 681 3232 gcbant
707 3163 759 3218 in
802 3162 1144 3218 solitudinem
1186 3164 1273 3217 ubi
1307 3162 1446 3218 servi
1486 3162 1581 3218 Dei
1630 3163 1979 3229 habitabant,
2008 3171 2063 3219 et

484 3257 562 3309 cis
591 3253 843 3308 alimenta
871 3254 1001 3309 satis
1030 3254 1335 3323 portabant.
1363 3251 1469 3309 Sed
1491 3260 1711 3309 sanctus
1736 3253 1941 3310 Fronto
1961 3254 2063 3310 hoc

485 3345 693 3407 videns,
721 3358 916 3399 cavens
949 3344 1252 3409 avaritiam,
1281 3343 1452 3399 noluit
1470 3344 1651 3400 omnia
1677 3345 1946 3417 accipere,
1968 3347 2064 3402 sed

489 3432 826 3489 medietatem
875 3433 1032 3488 tulit:
1074 3433 1300 3490 alteram
1344 3449 1472 3490 vero
1516 3436 1864 3491 medietatem
1902 3450 2065 3507 super

486 3523 719 3579 camelos
746 3524 977 3594 positam
1005 3524 1213 3579 remisit
1238 3522 1303 3578 ad
1332 3522 1608 3577 dominum
1631 3539 1809 3589 suum,
1832 3525 1922 3595 qui
1947 3527 2064 3581 sani

486 3614 552 3669 ad
588 3615 862 3685 proprium
903 3614 1177 3670 dominum
1223 3614 1425 3669 reversi
1468 3623 1615 3668 sunt.
1649 3614 1728 3669 Ex
1770 3615 1866 3671 illo
1903 3614 2066 3686 igitur

486 3719 628 3759 anno
654 3718 822 3773 usque
854 3703 921 3758 ad
950 3702 1115 3757 vitam
1146 3701 1437 3758 Frontonis
1467 3702 1615 3758 misit
1644 3703 1795 3758 dives
1831 3704 1944 3775 ipse
1969 3718 2065 3759 no-

487 3797 601 3843 tato
624 3800 887 3859 tempore,
921 3804 1031 3861 quo
1055 3805 1198 3847 anno
1236 3790 1397 3864 [forte
1417 3794 1568 3866 ante]
1617 3794 1863 3864 miserat,
1906 3812 2064 3856 escas

485 3880 849 3948 necessarias,
870 3895 1008 3951 quas
1027 3880 1293 3939 fratribus
1314 3882 1617 3955 dirigebat:
1636 3886 1758 3941 aliis
1778 3887 1859 3943 sic
1877 3888 2062 3945 diviti-

486 3972 856 4028 bnsDominus
869 3974 1192 4046 imperabat,
1211 3986 1258 4031 et
1281 3990 1344 4031 ex
1360 3977 1617 4035 omnibus
1631 3979 1860 4051 dapibus
1875 3982 2065 4053 irriga-

483 4068 549 4130 ti,
573 4065 707 4120 nihil
731 4066 822 4120 Dei
850 4067 994 4122 servi
1018 4082 1142 4123 cum
1175 4077 1371 4124 sancto
1393 4068 1670 4128 Frontone
1694 4074 1875 4129 minus
1898 4075 2063 4132 babe-

486 4158 643 4223 bant,
669 4157 967 4228 vigilabant
984 4158 1039 4213 hi
1060 4146 1314 4230 operibus
1334 4160 1448 4230 Dei,
1473 4161 1565 4216 lilii
1589 4179 1713 4219 cum
1735 4174 1887 4235 patre
1913 4183 1930 4234 ;
1954 4169 2065 4238 spi-

485 4250 768 4304 ritualibus
787 4263 882 4305 eos
896 4249 1191 4307 admovens
1206 4250 1459 4322 dapibus,
1475 4253 1804 4322 adimplebat
1821 4256 2066 4314 ouotidic

488 4352 735 4393 sermone
760 4334 984 4400 cmlesti,
1012 4339 1288 4394 exsultans
1313 4338 1597 4394 hetabatur
1623 4339 1675 4393 in
1702 4340 1949 4407 Domino,
1972 4342 2064 4413 qui

489 4429 587 4483 sibi
636 4429 798 4484 talem
830 4431 1047 4485 dederat
1087 4429 1451 4497 intellectum,
1495 4438 1554 4486 ut
1592 4432 1727 4487 avia:
1758 4433 2065 4490 solitudinis

490 4520 602 4574 loca
631 4521 983 4590 qttzcsivisset.

559 4608 852 4665 Xl’llltxn.
893 4610 947 4663 In
992 4610 1208 4667 civitate
1234 4609 1480 4667 Corduba
1511 4611 1689 4668 natale
1733 4612 2064 4684 Olympiadis

490 4713 543 4755 et
570 4700 784 4756 Maximi
814 4703 1088 4767 nobilium,
1108 4704 1222 4773 qui,
1240 4702 1463 4772 jubente
1487 4703 1669 4770 Decio,
1684 4703 1916 4761 fustibus
1937 4707 2062 4761 caesi

488 4805 541 4845 et
571 4793 761 4848 deinde
786 4792 1095 4863 plumbatis,
1128 4794 1195 4849 ad
1228 4794 1413 4849 ultima
1441 4795 1616 4866 capita
1639 4811 1825 4851 eorum
1854 4797 2059 4853 securi-

487 4884 585 4938 bus
614 4893 793 4948 tunsa,
822 4885 993 4940 donec
1018 4885 1331 4941 emitterent
1354 4885 1622 4955 spiritum.

557 4976 672 5032 XVI
702 4977 832 5032 lixa.
865 4976 920 5031 lu
950 4976 1454 5069 Aclraia,\Corintb0
1476 4977 1715 5039 civitate,
1748 4986 2056 5032 sanctorum

556 5106 579 5132 ιι
612 5090 795 5165 Varia
817 5104 937 5147 sunt
970 5108 1089 5162 qum
1133 5092 1439 5148 referuntur
1464 5097 1529 5145 de
1554 5105 1755 5165 sancto
1785 5094 2051 5165 Georgio,

485 5178 654 5231 eaque
684 5163 752 5232 ita
786 5163 1013 5226 incerta,
1042 5172 1098 5217 ut
1131 5165 1217 5217 vix
1259 5164 1413 5216 tidem
1441 5164 1699 5219 adhibere
1725 5166 1915 5232 ρθςιδίδ.
1938 5163 2055 5218 Ἀυ-

487 5241 657 5285 tmnat
688 5231 1053 5287 lleuschcnius
1087 5232 1232 5286 illum
1272 5232 1556 5298 plebeium,
1604 5235 1695 5298 qui
1727 5231 2053 5287 Diocletiani

488 5250 657 5285 mutat
688 5250 1053 5287 ucttscncutus
1087 5250 1232 5286 ntttm
1272 5250 1556 5298 ptcncmm,
1604 5251 1695 5287 (Ill
1741 5250 2052 5287 UIOt‘lcllatll

485 5301 713 5355 t.-.llCllllll
742 5301 809 5355 de
840 5302 1210 5369 persecutione
1234 5296 1544 5356 dilaceravit
1566 5344 1578 5366 ,
1619 5250 1783 5358 luisse
1809 5312 2052 5357 sanctum

484 5371 794 5443 fleor-ginta,
824 5372 912 5440 qui
942 5388 1081 5426 anno
1106 5371 1253 5443 5025’),
1282 5386 1482 5443 mense
1509 5372 1705 5442 Aprili,
1739 5374 2051 5443 nntrlyrium

486 5440 805 5493 Nicomedia‘
836 5458 1025 5509 passus
1051 5451 1150 5494 est.
1184 5440 1258 5494 lbi
1290 5441 1441 5509 plura
1470 5440 1635 5495 habes
1657 5442 1722 5495 de
1751 5440 2049 5497 Alexandra

486 5512 549 5563 ab
596 5511 711 5577 ipso
744 5512 1069 5565 litettletiano
1108 5512 1401 5572 damnata;
1440 5515 1504 5564 de
1534 5528 1637 5579 qua
1673 5513 1757 5565 hic
1804 5512 2053 5566 ltahanus

483 5595 586 5633 non
632 5580 836 5641 solum,
870 5582 1041 5634 sedet
1074 5579 1322 5634 Dalttzins
1368 5581 1623 5648 loquitur.
1661 5582 1794 5636 Acta
1840 5582 1926 5634 illa
1976 5589 2052 5635 tot

482 5648 675 5702 fabulis
721 5665 782 5703 ac
826 5652 1224 5704 narrationibus
1258 5651 1583 5718 portentosis
1614 5653 1766 5719 plena
1799 5660 1953 5711 sunt,
1996 5660 2050 5702 ttt

480 5721 638 5785 plane
668 5729 891 5779 constet,
928 5719 1057 5774 nihil
1098 5720 1219 5773 boni
1267 5720 1490 5788 sanique
1521 5736 1581 5773 ev
1618 5721 1722 5773 illis
1759 5737 1912 5788 posse
1942 5721 2048 5772 (ιιιΙο

481 5791 590 5857 ἰὲεἱ.
649 5791 758 5846 [Tua
810 5789 1124 5845 Alexandrte
1173 5790 1391 5843 historia
1440 5793 1614 5843 omnia
1662 5801 1938 5859 portarunt
1993 5790 2039 5841 la-

2162 1969 2336 2041 gonis,
2368 1977 2424 2023 et
2458 1966 2704 2040 Expediti
2727 2008 2742 2035 ,
2786 1976 2842 2023 et
2876 1968 2929 2022 in
2969 1966 3275 2038 Hispaniis,
3308 1967 3363 2021 in
3403 1966 3742 2023 Calcelivcris

2165 2060 2601 2135 [Caucoliberis],
2638 2060 2932 2117 Vincentii.

2234 2150 2323 2207 Xll
2355 2150 2490 2207 Kac.
2523 2151 2708 2206 Itonia:
2730 2150 2942 2205 Aniceti
2971 2164 3121 2222 paprc
3144 2160 3200 2207 et
3219 2151 3501 2223 martyris,
3517 2152 3609 2222 qui
3631 2166 3741 2205 con.

2163 2244 2339 2299 stituit
2368 2243 2422 2298 in
2456 2242 2700 2298 Ecclesia
2733 2251 2795 2298 ut
2825 2241 3003 2298 clerus
3027 2257 3240 2299 comam
3274 2258 3380 2299 non
3411 2243 3667 2308 nutrit-ct,
3692 2253 3741 2297 et

2163 2333 2406 2405 sepultus
2426 2342 2510 2389 est
2535 2334 2591 2389 in
2613 2333 2928 2389 coemeterio
2951 2330 3182 2388 Callisti.

2233 2422 2304 2480 XI
2329 2423 2463 2479 KAL.
2488 2422 2549 2478 In
2573 2422 2700 2478 Asia
2724 2420 2991 2478 Nativitas
3020 2421 3298 2478 Maximini
3329 2423 3619 2494 martyris,
3657 2424 3739 2491 qui

2164 2524 2409 2586 tempore
2439 2512 2585 2570 Decii
2613 2512 2961 2584 imperatoris
2977 2512 3191 2568 oblatus
3208 2522 3294 2568 est
3310 2513 3630 2583 proconsuli
3651 2530 3739 2565 no—

2163 2606 2311 2662 mine
2335 2604 2574 2677 Optitno,
2599 2604 2692 2675 qui
2716 2620 2839 2659 cum
2864 2604 2932 2659 ab
2954 2618 3020 2659 eo
3052 2603 3337 2659 tormentis
3363 2614 3653 2675 cogeretur
3679 2603 3738 2655 all

2164 2696 2577 2754 sacrificandum
2601 2696 2780 2762 idolis,
2809 2706 2863 2753 et
2888 2695 3072 2762 nollet,
3093 2694 3187 2751 diu
3213 2695 3267 2751 itt
3292 2694 3528 2769 equuleo
3560 2703 3737 2759 tortus,

2165 2788 2233 2844 ad
2263 2797 2567 2845 extremum
2587 2786 2857 2858 lapidibus
2881 2801 3173 2858 oppressus
3197 2794 3301 2842 est.

2234 2880 2283 2934 Χ
2309 2879 2446 2935 Kac.
2475 2878 2664 2934 Romae
2693 2878 2957 2950 depositio
2977 2878 3149 2933 sancti
3173 2877 3292 2933 Gaii
3319 2893 3493 2949 papae,
3514 2878 3738 2949 quicum

2164 2972 2460 3029 Ecelcsiam
2506 2971 2757 3028 undecim
2802 2986 3004 3037 annos,
3052 2984 3267 3025 menses
3313 2979 3583 3040 quatuor,
3636 2970 3743 3024 dies

2165 3064 2449 3120 duodecim
2478 3063 2730 3126 rexisset,
2760 3062 3021 3135 martyrio
3059 3071 3354 3118 coronatur
3398 3063 3501 3118 sub
3540 3062 3737 3116 Diocle-

2166 3158 2314 3213 tiano
2334 3157 2576 3229 principe
2602 3171 2723 3212 cum
2752 3154 2981 3212 Gabinio
3016 3152 3272 3229 {Gabino}
3321 3153 3512 3209 fratre.
3546 3154 3736 3209 Eodem

2165 3249 2253 3305 die
2291 3250 2346 3304 in
2386 3248 2635 3304 Corduba
2664 3248 2882 3303 civitate
2912 3247 3165 3302 nativitas
3190 3246 3487 3312 Parmenii,
3520 3245 3742 3317 llclynta:

2166 3339 2504 3415 [llelimenae]
2528 3349 2583 3397 et
2609 3339 2950 3412 Cbrysotbeli
2980 3338 3422 3412 presbyterorum
3439 3379 3453 3405 ,
3492 3348 3547 3393 et
3571 3338 3741 3402 Luce,

2163 3441 2220 3487 et
2247 3432 2404 3488 Mucii
2437 3433 2785 3488 diaconorum
2816 3433 2892 3504 de.
2907 3430 3227 3503 Babylonia,
3258 3446 3489 3501 quorum
3518 3431 3739 3500 primus,

2165 3523 2391 3594 pratcisa
2423 3524 2584 3579 etiam
2612 3524 2815 3595 lingua,
2848 3522 3198 3595 loquebatur:
3222 3537 3413 3577 omnes
3441 3523 3493 3576 in
3524 3521 3743 3591 equuleo

2165 3615 2434 3684 suspensi,
2463 3623 2518 3670 et
2549 3616 2776 3670 nexibus
2799 3614 2963 3669 artati
2994 3622 3150 3679 sunt;
3191 3613 3385 3669 deinde
3429 3613 3639 3667 laminis
3662 3628 3743 3666 ar-

2165 3706 2418 3762 dentibus
2445 3706 2650 3762 circum
2676 3706 2845 3760 latera
2875 3705 3157 3775 Oppositis,
3185 3704 3403 3759 ustulati
3423 3745 3437 3770 ,
3464 3712 3519 3758 ct
3542 3704 3743 3773 ungulis

2164 3798 2408 3863 lacerati,
2433 3798 2500 3853 ad
2531 3798 2777 3853 ultimum
2815 3797 2993 3869 gladio
3026 3796 3277 3852 trucidati
3309 3806 3456 3862 sunt,
3487 3806 3742 3867 prasente

2164 3898 2515 3960 persecutore
2543 3888 2726 3943 Decio.
2753 3888 2809 3943 In
2842 3887 3097 3958 passione
3123 3886 3429 3942 Laurentii.

2234 3982 2303 4036 IX
2331 3982 2464 4037 list.
2498 3980 2642 4036 Man.
2684 3980 2949 4035 Nativitas
2968 3980 3139 4035 sancti
3167 3992 3193 4020 ελ
3215 3978 3430 4047 Georgii
3460 3979 3739 4051 martyris,

2162 4073 2253 4145 qui
2281 4074 2380 4128 sub
2414 4072 2668 4134 Daciano,
2715 4085 2842 4140 rege
2882 4070 3174 4126 Persarum
3219 4069 3627 4140 potentissimo,
3653 4069 3740 4138 qui

2162 4168 2543 4223 dominabatur
2568 4180 2730 4235 super
2759 4163 3103 4235 septuaginta
3146 4178 3331 4235 reges,
3374 4162 3558 4217 multis
3586 4164 3743 4216 mita-

2163 4258 2299 4314 culis
2330 4257 2525 4312 claruit
2547 4256 2914 4326 plurimosque
2941 4254 3211 4309 convertit
3239 4254 3306 4307 ad
3332 4251 3495 4308 ﬁdem
3523 4250 3739 4317 Christi,

2164 4348 2324 4404 simul
2351 4357 2407 4403 et
2429 4347 2810 4410 Alexandrum,
2842 4360 3065 4401 uxorem
3100 4345 3269 4416 ipsius
3295 4344 3549 4408 Daciani,
3578 4357 3741 4413 usque

2164 4442 2231 4498 ad
2256 4443 2574 4513 martyrium
2612 4438 2977 4496 confortavit:
3018 4438 3131 4508 ipse
3168 4425 3300 4491 vero
3338 4436 3625 4492 novissime
3652 4437 3739 4490 de-

2088 4563 2139 4622 D
2164 4532 2410 4596 collatus,
2438 4532 2757 4602 martyrium
2788 4529 3040 4601 explevit;
3073 4525 3226 4595 cujus
3260 4527 3441 4583 Vitam
3464 4537 3518 4583 et
3543 4526 3739 4599 passio-

2165 4638 2288 4679 nem
2312 4623 2568 4693 scriptam
2605 4621 2727 4692 legi.

2233 4714 2345 4769 \‘lll
2385 4713 2516 4768 ΚΜ..
2546 4713 2819 4781 Depositio
2855 4710 3037 4766 Melliti
3067 4709 3302 4780 episcopi
3353 4710 3408 4764 in
3434 4708 3727 4764 Britannia.

2163 4804 2276 4859 llac
2301 4803 2389 4858 dic
2410 4802 2670 4866 Ananias,
2707 4801 2951 4869 Azarias,
3001 4799 3225 4856 Misahel
3272 4800 3340 4856 dc
3365 4799 3576 4855 camino
3602 4799 3736 4868 ignis

2161 4894 2400 4949 ardentis
2424 4904 2548 4948 sunt
2576 4892 2812 4948 liberati.

2236 4983 2319 5038 νη
2359 4983 2490 5037 ΚΑΙ..
2533 4981 2800 5037 Nativitas
2847 4983 3020 5037 sancti
3077 4981 3243 5037 Marci
3293 4980 3635 5053 evangelista:
3683 4981 3735 5036 in

2156 5103 2375 5174 galeata
2402 5103 2650 5174 supcrat;
2673 5104 2740 5174 et.
2765 5108 2951 5174 revera
2973 5102 3204 5174 exeunte
3232 5093 3528 5174 Februario
3550 5108 3738 5163 passus

2155 5163 2239 5218 est
2286 5164 2377 5232 qtti
2428 5163 2742 5219 Diocletiani
2790 5164 3020 5218 edictuin
3060 5163 3427 5232 dilaceravit;
3468 5180 3570 5217 non
3607 5178 3736 5232 ergo

2158 5234 2209 5288 in
2240 5231 2441 5304 mensis
2483 5232 2682 5302 Aprilis
2711 5233 2852 5288 diem
2886 5233 2958 5304 25
2990 5231 3071 5304 vel
3099 5233 3170 5304 25
3199 5233 3348 5300 rejici
3389 5233 3735 5304 potestAillius

2156 5305 2355 5372 passio.
2384 5301 2540 5374 l'lu_ra
2576 5304 2758 5374 itidem
2791 5304 2855 5357 de
2879 5302 3110 5374 Georgio
3131 5301 3554 5374 leguntur’apud
3572 5301 3736 5374 Baro;

2157 5370 2303 5443 nium
2334 5373 2399 5427 ad
2433 5372 2504 5426 €23
2527 5372 2770 5443 Aprilis;
2807 5371 2899 5427 sed
2927 5373 2970 5427 si
3088 5370 3340 5443 conferas
3368 5370 3491 5443 cuin
3516 5370 3734 5443 Georgii

2156 5442 2441 5496 Alexandri
2466 5438 2703 5512 epis—copi
2732 5440 2874 5503 Vita,
2903 5458 2968 5496 ex
3010 5438 3333 5512 Arianorum
3373 5442 3588 5512 scriptis
3611 5438 3732 5495 esse

2156 5513 2434 5579 desumpta
2468 5509 2624 5567 facile
2648 5509 3065 5566 animadvertas.
3088 5509 3358 5567 Babanns
3388 5519 3444 5564 et
3472 5509 3734 5564 Notkerus

2154 5582 2221 5634 de
2253 5581 2476 5635 Datiano
2496 5623 2509 5645 ,
2538 5598 2642 5635 non
2679 5583 2744 5635 dc
2776 5581 3105 5650 Diocletiano
3133 5579 3467 5650 loquuntur:
3508 5588 3735 5648 uterque

2154 5652 2284 5703 Acta
2334 5652 2598 5718 passionis
2642 5651 2864 5721 legerat.
2916 5649 3107 5716 Adjicit
3161 5649 3431 5721 Notkcrus
3482 5666 3547 5703 ea
3594 5651 3735 5721 inter

2155 5721 2486 5841 timocrvphas
2521 5722 2600 5774 sui
2637 5718 2889 5841 ἰιῖιῖψθΐίὸ
2924 5721 3195 5774 numerati
3227 5720 3557 5790 scripturas,
3588 5718 3733 5788 qtto-l

2182 5795 2407 5841 ianatttts
2434 5790 2632 5841 omisit.
2688 5793 2817 5841 Lassi.

2159 5791 2407 5844 liabauus
2434 5790 2632 5844 Uflllzil.
2665 5790 2817 5844 Ιῖράδς.
