3924 6366
536 356 667 409 1115

1163 352 1223 407 Β.
1266 351 1515 408 RABANI
1554 351 1769 408 MAURI
1806 349 2123 407 ARCHIEP.
2165 348 2472 408 MOGUNT.
2517 351 2799 409 OPERUM
2836 352 3016 409 PARS
3052 351 3116 408 11.

3651 354 3797 412 ηις

532 466 654 520 duci
684 465 749 520 ad
772 463 993 520 ﬂuvium
1018 463 1517 537 Ancso[Anisum],
1568 466 1720 521 etiln
1774 464 2100 535 praecipitari
2130 466 2176 525 Λ
2206 464 2429 519 nuarius
2475 461 2621 518 illum
2672 464 2844 535 magis
2884 463 3126 519 lucratus
3154 472 3239 519 est
3290 462 3534 527 Christo,
3582 472 3643 519 et
3689 464 3801 519 ba-

530 572 655 611 eum
684 556 752 611 de
784 564 965 626 ponte.

602 648 665 704 111
712 647 847 703 Non.
887 646 945 702 ln
991 646 1213 702 Arelato
1242 648 1508 719 depositio
1550 653 1723 702 sancti
1767 645 1956 699 Hilarii
1988 644 2100 713 epi-

530 740 718 809 scopi,
784 738 875 809 qui
945 737 1287 809 Pelagianam
1338 738 1564 793 haeresin
1633 738 1685 790 in
1755 735 2100 789 collatoribus

531 828 884 907 deprehendit
935 836 992 881 et
1035 827 1310 899 corrigere
1348 826 1569 881 studuit.
1621 823 1968 878 Antisiodoro
2012 837 2101 877 eo-

531 920 652 973 dem
695 918 782 973 die
839 916 1019 987 passio
1068 916 1239 971 sancti
1290 914 1529 980 Juviani,
1586 913 1807 969 lectoris
1846 922 1904 967 et
1956 927 2101 966 mar-

536 1020 588 1081 ty
599 1010 692 1064 ris.

603 1098 647 1154 ll
667 1096 798 1154 Non.
825 1096 1012 1153 Passio
1040 1099 1319 1155 beatorum
1341 1103 1637 1167 martyrum
1666 1093 1890 1148 Mariani
1919 1100 1975 1148 et
2017 1090 2104 1146 Ja-

532 1189 675 1255 cobi,
721 1197 775 1244 et
816 1187 1042 1243 aliorum
1078 1188 1173 1256 qui
1223 1202 1346 1241 cum
1385 1186 1450 1240 iis
1490 1200 1590 1256 pro
1639 1183 1857 1238 nomine
1903 1181 2102 1237 Christi

533 1278 675 1348 passi
702 1285 847 1333 sunt.
893 1276 1025 1331 Nam
1051 1293 1147 1347 per
1174 1276 1555 1331 revelationem
1583 1274 1663 1329 eis
1690 1273 1947 1328 Dominus
1969 1287 2105 1342 prm-

535 1368 769 1438 signavit
800 1366 1033 1438 qualiter
1053 1368 1218 1421 vitam
1247 1373 1563 1437 prmsentem
1586 1380 1686 1434 per
1711 1363 1933 1435 gloriam
1961 1379 2106 1418 mar-

537 1457 659 1527 tyrii
687 1456 842 1511 finire
866 1457 1181 1521 debuerunt,
1210 1457 1347 1511 sicut
1372 1450 1427 1509 in
1465 1454 1726 1525 martyrio
1756 1468 1943 1509 eorum
1972 1453 2106 1508 scri-

535 1556 683 1616 ptum
723 1547 953 1603 contine;
966 1562 1049 1601 ur.

605 1642 788 1697 Νοςιε.
827 1642 883 1697 1η
935 1641 1240 1697 Nicomedia
1278 1640 1473 1695 natalis
1508 1639 1677 1694 Flavii
1732 1638 1993 1709 episcopi,
2050 1647 2107 1693 et

536 1730 787 1797 FroJisii,
819 1732 1094 1795 Macrobii,
1118 1726 1428 1801 ‘Augustinl
1475 1728 1746 1800 episcopi;
1796 1736 1849 1783 et
1879 1728 1934 1783 in
1958 1727 2101 1784 Con-

2201 554 2426 623 ptizavit
2466 554 2624 608 simul
2670 568 2793 609 cum
2834 552 3039 608 Marina
3083 566 3250 609 uxore
3299 568 3437 618 sua;
3494 553 3643 623 quod
3692 569 3799 608 au-

2201 641 2354 699 diens
2383 642 2585 698 factum
2626 641 2869 697 Julianus
2897 642 3151 712 praecepit
3194 641 3573 698 Clementiano
3604 641 3796 710 jndici

2202 741 2262 787 ut
2284 747 2430 797 eum,
2459 731 2503 787 si
2524 732 2691 786 nollet
2707 731 2867 789 idolis
2894 732 3226 795 sacrificare,
3248 731 3481 801 puniret.
3509 730 3650 786 Nam
3683 732 3795 786 ira-

2204 838 2290 883 tus
2322 826 2487 896 jussit
2515 826 2954 896 inscriptionibus
2984 824 3226 879 damnari
3278 833 3526 880 sanctum
3575 823 3795 879 Janua-

2204 919 2342 974 rium
2391 917 2760 989 presbyterum
2811 925 2866 972 et
2896 917 3115 971 beatum
3158 915 3513 982 Gordianum,
3551 931 3798 971 uxorem

2205 1019 2383 1064 autem
2418 1007 2535 1075 ejus
2562 1008 2823 1062 Marinam
2871 1007 2925 1061 in
2952 1007 3185 1077 quadam
3224 1007 3372 1071 villa,
3400 1022 3523 1078 quae
3549 1017 3797 1063 vocatur

2204 1101 2385 1171 Aquas
2411 1100 2641 1164 Salvias,
2675 1101 2728 1154 in
2754 1099 2976 1155 servitio
3006 1099 3332 1154 rusticorum
3360 1099 3617 1169 Opprimi.
3652 1098 3797 1154 Cum

2205 1201 2385 1245 autem
2424 1190 2648 1244 vidisset
2675 1187 3077 1244 Clementianus
3108 1189 3250 1257 quod
3302 1197 3522 1242 sanctus
3549 1186 3796 1242 Gordia-

2206 1296 2307 1337 nus
2328 1281 2473 1336 nullo
2502 1281 2660 1336 modo
2683 1296 2712 1334 a
2740 1289 2883 1335 statu
2916 1278 3039 1333 fidei
3070 1293 3179 1334 suae
3200 1278 3367 1332 averti
3391 1287 3597 1346 posset,
3624 1275 3799 1345 jussit

2206 1388 2327 1427 eum
2383 1371 2616 1443 primum
2646 1369 2937 1439 plumbatis
2974 1369 3127 1433 exedi,
3161 1368 3354 1422 deimle
3406 1368 3588 1435 capite
3638 1375 3800 1421 trun-

2207 1463 2357 1527 cari;
2411 1462 2553 1532 quod
2590 1474 2714 1515 cum
2762 1458 2961 1514 factum
3008 1459 3402 1528 comperissent
3451 1457 3787 1522 Christiani,

2210 1565 2472 1613 nocturno
2500 1554 2713 1609 silentio
2759 1560 3024 1606 venerunt
3057 1559 3110 1605 et
3136 1556 3433 1619 rapuerunt
3461 1564 3669 1618 corpus
3701 1563 3793 1602 ve-

2210 1646 2507 1702 nerandum
2560 1642 2728 1698 sancti
2779 1642 3032 1712 martyris
3076 1640 3355 1705 Gordiani,
3398 1648 3454 1693 et
3505 1640 3793 1693 venientes

2211 1740 2263 1792 in
2317 1738 2401 1790 via
2454 1750 2574 1805 qum
2627 1732 2818 1787 Latina
2877 1738 3258 1799 nuncupatur,
3323 1744 3431 1783 non
3494 1728 3660 1798 longe
3724 1728 3793 1782 ab

538 1822 905 1892 stantinopoli,
948 1822 1203 1886 Achaici;
1235 1798 1624 1893 Augustoduno
1659 1798 1921 1889 depositio
1958 1818 2103 1875 beati
2134 1798 2179 1855 Β
2209 1826 2339 1880 urbe
2390 1798 2558 1878 Roma
2635 1821 2888 1875 milliario
2955 1798 3076 1889 plus
3136 1818 3315 1871 minus
3382 1832 3521 1874 uno.
3587 1832 3789 1887 posue—

539 1914 725 1968 Plaeiti
758 1915 1081 1984 presbyteri.

591 2003 703 2057 V'lll
730 2004 804 2058 lo.
831 2002 1035 2057 Natalis
1061 2003 1230 2057 sancti
1266 2002 1496 2059 Victoris
1524 2002 1778 2074 martyris
1808 2002 1861 2057 in
1889 2002 2107 2057 civitate

538 2092 918 2148 Mediolanensi
943 2094 1042 2147 sub
1060 2091 1383 2147 Maximiano
1415 2094 1757 2163 imperatore.
1796 2089 1932 2145 Nam
1963 2089 2103 2145 idem

536 2186 830 2255 imperator
851 2182 1014 2253 jussit
1041 2183 1255 2239 beatum
1292 2183 1584 2262 Victorem,
1616 2184 1707 2255 qui
1740 2190 1860 2238 erat
1888 2180 2105 2236 Maurus

537 2289 757 2346 genere,
784 2273 969 2329 militis
993 2271 1166 2328 officio
1195 2273 1432 2345 functus,
1461 2283 1681 2345 propter
1710 2274 1869 2329 fidem
1898 2273 2101 2329 Christi
2136 2346 2139 2349 _

535 2370 593 2418 et
614 2361 1007 2418 confessionem
1037 2363 1221 2418 multis
1250 2364 1423 2419 modis
1445 2364 1697 2428 cruciari,
1723 2365 1825 2419 hoc
1876 2372 1958 2419 est
1985 2379 2104 2417 car-

533 2466 659 2509 cere
686 2452 906 2517 includi,
939 2452 1027 2507 ubi
1058 2452 1171 2508 dies
1196 2468 1288 2508 sex
1317 2454 1515 2508 mansit
1540 2455 1655 2508 sine
1696 2454 1816 2509 cibo
1855 2462 1910 2509 et
1951 2463 2106 2525 potu;

534 2550 718 2613 postea
745 2540 873 2597 fecit
923 2557 1046 2597 eum
1081 2541 1310 2597 fustibus
1359 2551 1413 2596 et
1458 2542 1682 2615 flagellis
1726 2544 2102 2615 frequentibus

532 2630 665 2686 caedi
690 2648 704 2683 :
730 2630 922 2686 deinde
950 2631 1168 2700 plumbo
1217 2631 1418 2700 liquato
1445 2647 1640 2701 corpus
1666 2631 1780 2700 ejus
1807 2632 2055 2701 perfundi
2082 2650 2095 2697 ;

532 2722 625 2777 sed
654 2722 839 2777 statim
870 2721 1090 2792 angelus
1126 2722 1336 2777 Domini
1382 2722 1572 2786 adfuit,
1606 2731 1659 2777 et
1706 2722 1979 2793 plumbum
2028 2722 2098 2777 ita

531 2812 783 2884 frigidum
808 2812 952 2875 fecit,
977 2813 1115 2868 sicut
1144 2828 1338 2882 aquam
1362 2814 1426 2867 de
1460 2811 1605 2867 fonte
1630 2811 1884 2878 levatam,
1913 2821 1968 2867 et
1993 2827 2097 2866 non

531 2910 613 2958 est
635 2902 971 2957 combustum
1012 2916 1207 2971 corpus
1236 2900 1350 2969 ejus
1382 2902 1433 2956 in
1465 2902 1569 2956 ulla
1600 2912 1771 2970 parte.
1797 2901 2097 2956 Novissime

534 3007 685 3055 vero,
726 3006 849 3047 cum
880 2992 1026 3047 nullo
1054 2992 1212 3046 modo
1240 2992 1305 3045 ad
1344 2990 1606 3046 idolorum
1663 2990 1925 3045 culturam
1972 3006 2097 3045 eon-

530 3089 741 3135 vertere
792 3081 983 3149 potuit,
1016 3081 1111 3135 sed
1154 3080 1339 3135 Victor
1370 3081 1423 3134 in
1474 3080 1577 3135 fide
1610 3079 1809 3135 Christi
1845 3096 2097 3148 persevc-

535 3186 662 3226 rans
700 3141 896 3240 ubique
939 3141 1218 3225 victoriam
1243 3171 1445 3235 habuit,
1487 3170 1652 3240 jussit
1705 3141 1991 3241 praedictus
2019 3180 2099 3240 ty-
2126 3141 2169 3203 Ο

536 3280 740 3319 rannus
779 3273 939 3333 caput
1008 3264 1125 3333 ejus
1180 3264 1461 3327 abscindi,
1514 3265 1654 3333 quod
1714 3273 1931 3319 sanctus
1988 3265 2099 3318 Ma-

554 3366 738 3411 ternus
788 3355 1071 3423 episcopus
1121 3355 1341 3409 audiens
1379 3355 1597 3417 factum,
1659 3353 1871 3424 collegit
1908 3369 2101 3423 corpus

539 3442 692 3513 ejus,
751 3452 805 3499 et
865 3444 919 3498 in
982 3444 1237 3514 przedicta
1307 3446 1523 3499 civitate
1582 3460 1703 3499 eum
1760 3446 1965 3501 honore
2014 3461 2099 3500 se-

530 3533 732 3604 pclivit.

598 3623 689 3678 Vll
716 3623 793 3678 lo.
819 3622 875 3677 ln
895 3622 1140 3694 Axiopoli
1166 3624 1359 3678 natalis
1384 3624 1615 3690 Quirilli,
1639 3623 1828 3679 Gindei
1851 3633 1905 3678 et
1924 3624 2098 3679 Ceno—

531 3712 649 3777 nis;
674 3720 729 3767 et
752 3712 804 3766 in
818 3713 1023 3768 Tharso
1037 3713 1260 3777 Cilicice,
1278 3713 1612 3783 Aphrodisii;
1640 3724 1693 3770 et
1717 3715 1899 3770 Romae
1921 3716 2097 3770 natale

532 3802 703 3856 sancti
745 3802 896 3855 Beati
934 3801 1277 3856 confessoris.

598 3890 665 3945 Vl
698 3892 773 3947 lo.
806 3890 1128 3947 Sanctorum
1160 3891 1394 3957 Faltoni,
1418 3892 1677 3948 Pilioniet
1700 3894 1925 3948 aliorum
1948 3910 2093 3950 mar-

527 3992 726 4053 tyrum.
783 3980 990 4047 Romm,
1053 3981 1351 4052 Calepodii,
1400 3982 1556 4039 Senis
1607 3986 1935 4055 presbyteri,
1994 3988 2095 4042 sub

528 4073 831 4129 Alexandro
857 4073 1197 4143 imperatore,
1230 4076 1319 4144 qui
1352 4090 1474 4129 eum
1519 4075 1644 4130 fecit
1688 4076 1862 4131 occidi
1893 4092 1923 4131 a
1958 4077 2096 4132 Lao-

526 4164 687 4227 dicio,
746 4170 801 4218 et
829 4178 1025 4233 corpus
1064 4164 1203 4218 trahi
1234 4180 1329 4233 per
1366 4165 1661 4229 civitatem,
1698 4175 1860 4236 atque
1900 4167 1955 4221 in
2005 4167 2095 4221 Ti-

527 4253 696 4307 berim
713 4252 935 4323 jactari,
965 4254 1069 4307 die.
1105 4292 1118 4305 .
1150 4293 1162 4306 .
1200 4292 1214 4306 .
1246 4292 1259 4307 .
1306 4254 1589 4319 Maiarum,
1636 4258 1777 4325 quod
1818 4258 2091 4311 inventum

524 4340 824 4410 piscatores
851 4340 1181 4405 levaverunt,
1209 4351 1263 4396 et
1306 4353 1661 4399 narraverunt
1709 4344 1932 4401 Callisto
1978 4347 2093 4416 epi-

2210 1922 2334 1969 runt
2361 1930 2483 1970 eum
2506 1915 2559 1968 in
2584 1920 2795 1983 crypta,
2826 1918 2980 1966 sexto
3012 1910 3133 1964 ldus
3185 1908 3372 1974 Maias,
3407 1909 3497 1963 ubi
3540 1907 3660 1976 jam
3685 1909 3795 1980 pri-

2206 2003 2326 2059 dem
2358 2012 2605 2058 sanctum
2635 2001 2989 2071 Epimachum
3022 1997 3363 2068 sepelierant.

2278 2094 2321 2147 γ
2365 2093 2439 2147 lo.
2469 2091 2657 2147 Passio
2695 2090 2868 2145 sancti
2908 2089 3095 2143 Evellii
3124 2088 3399 2157 martyris,
3448 2089 3542 2158 qui
3602 2088 3792 2143 videns

2204 2186 2506 2257 passionem
2572 2182 2746 2237 sancti
2814 2180 3062 2250 Torpetis
3105 2181 3361 2250 martyris
3415 2189 3469 2234 et
3519 2179 3791 2234 mirabilia

2206 2290 2324 2346 quae
2374 2274 2519 2337 fecit,
2577 2270 3071 2332 crcdiditChristo,
3124 2269 3214 2338 qui
3240 2278 3401 2323 antea
3436 2268 3792 2325 consiliarius

2205 2361 2431 2416 Neronis
2463 2359 2805 2431 imperatoris
2834 2357 2959 2423 fuit,
3004 2355 3235 2427 qualiter
3264 2356 3563 2412 Christiani
3591 2367 3792 2427 marty-

2206 2452 2528 2506 rizarentur.

2272 2541 2339 2597 1V
2367 2542 2441 2596 lo.
2476 2541 2662 2596 Sancti
2692 2540 2871 2595 Patris
2900 2540 3072 2595 nostri
3098 2538 3384 2609 Epiphanii
3412 2540 3656 2610 episcopi
3690 2540 3789 2612 Cy-

2202 2632 2307 2702 pri,
2330 2640 2382 2685 et
2404 2630 2587 2686 Romze
2616 2630 2789 2685 sancti
2831 2630 3123 2693 Pancratii,
3172 2629 3265 2699 qui
3292 2645 3416 2684 cum
3447 2638 3593 2684 esset
3622 2645 3790 2683 anno-

2203 2738 2319 2775 rum
2350 2720 2778 2791 quatuordecim,
2801 2720 2902 2775 sub
2923 2719 3260 2775 Diocletiano
3289 2721 3617 2789 martyrium
3643 2722 3789 2791 capi-

2203 2813 2270 2867 tis
2299 2812 2703 2867 detruncatione
2732 2810 3040 2880 complevit.
3075 2811 3276 2865 Eodem
3327 2812 3412 2867 die
3444 2812 3631 2867 Romae
3666 2829 3787 2883 pas-

2199 2901 2279 2955 sio
2310 2911 2619 2956 sanctornm
2641 2898 2801 2955 Nerei
2829 2909 2883 2955 et
2902 2898 3125 2954 Achillei
3152 2898 3405 2954 fratrum.

2271 3013 2335 3068 111
2350 3012 2423 3068 ln.
2442 3012 2732 3069 Festivitas
2749 3012 2919 3068 sancti
2934 3012 3169 3067 Onesimi
3186 3012 3531 3068 confessoris.
3547 3012 3673 3083 lpso
3700 3013 3785 3068 die

2203 3102 2381 3157 Marim
2408 3104 2660 3173 martyris
2686 3101 2947 3157 festivitas
2984 3102 3286 3157 celebratur
3317 3119 3329 3155 :
3357 3117 3477 3172 quae
3499 3119 3623 3159 cum
3655 3104 3782 3159 fuis-

2204 3202 2286 3247 set
2300 3192 2521 3247 Tertulli
2552 3190 2833 3263 cujusdam
2851 3192 2949 3247 viri
2976 3192 3286 3263 principalis
3302 3194 3512 3257 ancilla,
3532 3195 3780 3250 nobilita-

2205 3294 2311 3339 tem
2342 3285 2541 3338 domini
2589 3284 2785 3339 mentis
2806 3284 3141 3354 benignitate
3169 3285 3438 3348 vincebat,
3479 3296 3535 3339 et
3564 3285 3778 3341 Christo

2203 3388 2261 3428 se
2285 3374 2530 3443 probavit
2572 3375 2881 3444 inge:.uam.
2921 3372 3045 3427 Haec
3093 3389 3215 3428 cum
3245 3390 3273 3427 a
3302 3376 3517 3429 domina
3560 3392 3655 3430 sua
3684 3391 3778 3446 per

2203 3469 2467 3516 tormenta
2514 3476 2543 3515 a
2575 3461 2677 3516 fide
2719 3460 2918 3518 Christi
2973 3463 3227 3516 recedere
3268 3476 3575 3533 cogeretur,
3631 3465 3774 3518 nullo

2200 3551 2358 3605 modo
2402 3552 2694 3607 consensit.
2722 3550 2949 3620 Propter
2971 3551 3073 3606 hoc
3093 3553 3314 3620 praesidi
3363 3554 3563 3607 tradita
3601 3564 3683 3609 est
3708 3556 3771 3608 ad

2200 3639 2581 3705 cruciandum;
2610 3640 2703 3694 sed
2726 3654 2844 3694 eam
2873 3653 2973 3694 nec
3004 3640 3163 3694 mina:
3190 3640 3358 3709 ipsius
3410 3656 3513 3695 nec
3545 3650 3771 3697 tormen-

2200 3740 2251 3785 ta
2306 3746 2337 3784 a
2382 3730 2598 3786 Christo
2633 3746 2885 3803 separare
2923 3740 3211 3802 poterant;
3264 3733 3559 3787 novissime
3616 3749 3771 3803 super

2197 3827 2402 3887 petram
2460 3820 2715 3889 grandem
2764 3820 2827 3873 ad
2874 3818 3247 3874 decollandum
3291 3821 3539 3885 adducta,
3608 3822 3771 3891 ipsius

2197 3916 2365 3977 petrae
2404 3909 2665 3964 divisione
2704 3908 2864 3974 facta,
2909 3910 3110 3964 Christi
3138 3909 3335 3964 famula
3368 3911 3497 3966 illuc
3525 3913 3764 3978 intravit,

2195 4001 2480 4069 subitoque
2531 4009 2681 4071 petra
2711 4000 2904 4055 iterum
2956 4002 3299 4070 scmetipsam
3334 4004 3628 4067 concludit,
3670 4021 3765 4063 nec

2194 4103 2518 4157 quemquam
2567 4097 2970 4159 persecutorum
3020 4091 3265 4145 ancillam
3292 4091 3493 4147 Christi
3524 4096 3763 4164 persequi

2195 4179 2422 4245 sinebat,
2450 4181 2544 4235 sed
2594 4196 2765 4250 usque
2801 4182 2869 4237 ad
2904 4182 3045 4238 diem
3082 4182 3271 4252 judicii
3329 4185 3401 4238 ita
3449 4182 3757 4240 conclusam

2194 4282 2393 4327 servat.
2463 4274 2659 4329 Eodem
2709 4274 2795 4329 die
2846 4275 2899 4329 in
2948 4276 3143 4344 oppido
3199 4275 3545 4345 Trajectense
3592 4278 3763 4334 natale

2194 4363 2361 4419 sancti
2421 4362 2649 4419 Servatii
2707 4365 2940 4435 episcopi
2986 4377 3040 4421 et
3087 4368 3435 4434 confessoris,
3504 4372 3595 4438 qui
3640 4387 3758 4426 cum

526 4446 731 4501 scopo:
765 4440 820 4485 at
850 4431 938 4485 ille
975 4440 1252 4501 acceptum
1274 4433 1515 4487 condidit
1560 4450 1681 4488 cum
1738 4436 2087 4502 aromatibus,

2202 4452 2559 4522 Tungrensem
2620 4431 2827 4523 regeret
2862 4431 3152 4510 Ecclesiam
3183 4431 3430 4528 tempore
3472 4431 3579 4529 quo
3623 4460 3755 4515 Huni

523 4529 579 4574 et
599 4520 1017 4585 linteaminibus,
1048 4529 1103 4574 et
1135 4522 1380 4591 sepelivit
1411 4523 1464 4577 in
1492 4528 1804 4580 cmmeterio
1830 4526 2086 4594 ejusdem,

524 4610 608 4663 via
640 4609 875 4674 Aurelia,
904 4610 1153 4665 milliario
1186 4612 1253 4665 ab
1286 4610 1428 4667 Urbe
1464 4616 1642 4678 tertio,
1671 4614 1723 4668 in
1764 4624 1951 4684 crypta
1982 4617 2089 4671 Vil-

524 4698 729 4752 demari
773 4716 785 4751 :
817 4707 942 4753 tunc
975 4699 1266 4755 decollatus
1293 4710 1375 4755 est
1417 4702 1485 4757 ab
1520 4702 1827 4759 Alexandro
1879 4705 2087 4759 Palma-

524 4787 676 4843 chius
703 4788 911 4852 consul,
937 4804 1058 4842 etim
1084 4804 1270 4855 uxore,
1305 4798 1359 4845 et
1387 4791 1528 4857 filiis,
1557 4800 1611 4846 et
1647 4793 1766 4847 aliis
1795 4794 2085 4863 promiscui

524 4892 681 4935 sexus
725 4880 1111 4953 quinquaginta
1134 4882 1369 4947 duobus;
1420 4900 1539 4939 cum
1573 4887 1767 4955 quibus
1790 4896 1841 4941 et
1867 4887 2083 4957 Simpli-

521 4968 637 5024 cius
681 4980 916 5037 senator,
972 4974 1063 5042 qui
1116 4990 1211 5043 per
1246 4977 1547 5031 doctrinam
1596 4980 1800 5034 Callisti
1856 4997 2006 5050 papae
2032 4990 2087 5036 et

520 5056 789 5130 Calepodii
820 5063 1115 5132 presbyteri
1160 5080 1329 5134 nuper
1373 5064 1585 5121 fuerant
1639 5069 1913 5136 baptizati.
1940 5070 2085 5125 Seri-

518 5156 669 5214 ptum
707 5147 760 5203 in
811 5147 1067 5205 Passione
1106 5156 1274 5207 sancti
1328 5154 1531 5211 Callisti
1558 5172 1728 5227 papa).
1772 5160 1973 5216 Eodem
1997 5162 2084 5216 die

520 5236 698 5291 natale
742 5237 998 5293 Gordiani
1038 5242 1308 5312 martyris,
1349 5244 1440 5313 qui
1488 5246 1587 5300 sub
1627 5245 1836 5303 Juliano
1878 5250 2081 5319 impiis-

518 5326 655 5379 simo
715 5328 1041 5396 imperatore
1066 5345 1256 5399 passus
1284 5344 1385 5388 est.
1419 5333 1551 5389 Nam
1583 5338 1867 5406 praedictus
1895 5348 2078 5409 tyran-

517 5435 619 5474 nus
644 5436 764 5475 cum
820 5424 1161 5493 praecepisset
1201 5436 1498 5482 memorato
1544 5428 1820 5485 Gordiano
1868 5432 2076 5485 vicario

517 5522 636 5571 suo,
686 5522 806 5564 cum
838 5512 1011 5565 adhuc
1040 5528 1281 5583 paganus
1301 5526 1459 5579 esset,
1492 5528 1549 5571 ut
1578 5517 1892 5574 Ianuarium
1926 5537 2075 5589 pres-

512 5600 757 5667 byterum
799 5601 1082 5672 diligenter
1121 5607 1447 5674 exquireret,
1481 5610 1523 5662 si
1571 5624 1676 5677 quo
1718 5611 1874 5664 modo
1924 5611 2070 5665 illum

512 5700 685 5755 posset
729 5701 971 5747 avertere
1007 5711 1034 5746 a
1074 5696 1175 5748 title
1219 5695 1418 5752 Christi
1455 5720 1463 5751 :
1498 5701 1716 5753 sanctus
1763 5712 1937 5756 autem
1982 5702 2068 5753 J‘l-

2193 4540 2403 4594 venturi
2431 4549 2586 4594 erant
2620 4542 2671 4594 in
2724 4540 2971 4609 Galliam,
3023 4545 3216 4599 timens
3242 4547 3439 4616 populo
3476 4549 3579 4602 sibi
3614 4564 3756 4604 com-

2191 4629 2381 4693 misso,
2423 4643 2492 4683 ne
2547 4629 2614 4683 ab
2665 4628 2835 4684 Hunis
2876 4639 3203 4697 vastaretur,
3251 4636 3489 4703 perrexit
3534 4636 3750 4693 Romam

2190 4720 2594 4789 deprecaturus,
2650 4730 2916 4790 quatenus
2970 4739 3068 4793 per
3100 4726 3290 4780 merita
3318 4734 3375 4780 et
3422 4727 3752 4784 intercessio-

2189 4826 2311 4865 nem
2340 4821 2647 4867 sanctorum
2695 4814 3060 4881 apostolorum
3120 4818 3436 4886 impetraret
3492 4818 3749 4877 defensio-

2191 4916 2311 4955 nem
2362 4903 2542 4971 populi
2590 4904 2692 4958 sui.
2726 4903 2968 4974 Cumque
3000 4907 3197 4962 ibidem
3221 4907 3443 4977 jejuniis
3494 4918 3547 4966 et
3593 4912 3745 4967 obsc-

2188 4992 2519 5046 orationibus
2562 5008 2656 5062 per
2690 4995 2978 5050 multorum
3009 4997 3218 5051 dierum
3256 5000 3426 5068 Spatia
3453 5000 3506 5054 in
3552 5002 3639 5055 tali
3674 5004 3747 5056 af-

2187 5082 2419 5136 ﬂictione
2473 5095 2796 5148 moraretur,
2842 5085 3013 5140 fertur
3057 5087 3163 5144 tale
3200 5090 3267 5143 ab
3308 5078 3553 5159 apostolo
3596 5091 3744 5146 Petro

2186 5170 2457 5240 accepisse
2485 5174 2801 5241 responsum
2836 5190 2849 5227 :
2896 5192 2914 5225 ι
2943 5176 3079 5241 Quid
3112 5192 3219 5241 me,
3265 5178 3350 5231 vir
3392 5180 3741 5244 sanctissime,

2186 5260 2491 5328 inquietas?
2516 5261 2653 5317 Ecce
2679 5263 2823 5317 enim
2849 5266 2989 5335 apud
3027 5267 3315 5321 Dominum
3365 5268 3740 5324 deliberatione

2182 5362 2400 5414 pmrsus
2444 5348 2707 5402 sancitum
2745 5359 2849 5413 est,
2892 5351 3073 5406 Hunos
3123 5353 3175 5407 in
3235 5351 3438 5408 Callias
3478 5355 3736 5420 advenire,

2178 5449 2379 5504 easque
2416 5437 2647 5490 maxima
2675 5448 2990 5506 tempestate
3020 5441 3216 5496 debere
3244 5444 3575 5512 depopulari.
3601 5444 3739 5502 Nunc

2180 5523 2341 5593 igitur
2395 5539 2547 5579 sume
2588 5527 2870 5582 consilium
2928 5545 3127 5593 meum,
3178 5533 3424 5587 accelera
3474 5534 3732 5599 velociter,

2177 5613 2360 5667 nrdina
2376 5616 2589 5669 domum
2630 5624 2799 5679 tuam,
2837 5618 3162 5687 sepulturam
3187 5636 3471 5690 compone,
3505 5623 3732 5693 relinque

2177 5704 2485 5758 linteamina
2521 5706 2733 5759 munda.
2769 5708 2903 5763 Ecce
2932 5709 3073 5763 enim
3099 5711 3421 5781 migraveris
3444 5730 3473 5769 a
3503 5730 3727 5784 corpore,
