3924 6334
267 349 405 406 H45

1573 356 2197 416 MARTVROLOGIUM.

3368 383 3505 440 H13

256 483 358 523 nec
385 465 641 521 videbunt
685 466 824 521 oculi
857 466 933 521 tui
976 467 1114 522 niala
1148 482 1267 538 qua:
1295 469 1486 524 facturi
1531 480 1659 527 sunt
1688 472 1829 527 lluni
1858 476 1906 534 Α
1936 474 2024 527 ubi
2058 472 2271 529 titulum
2316 490 2435 530 meo
2464 478 2667 533 nomini
2690 488 2846 550 pater
2875 498 3059 541 carum
3088 489 3238 546 bona:
3265 499 3509 551 recorda—

257 559 311 614 in
344 558 552 623 Galliis,
580 558 718 614 sicut
756 559 967 616 locutus
1006 570 1089 616 est
1139 561 1397 619 Dominus
1444 572 1645 618 noster.
1679 583 1709 639 ι
1731 564 1829 619 Ac-

253 658 413 720 cepto
462 664 592 720 ergo
640 650 742 706 hoc
799 666 1056 722 responso
1104 653 1365 706 remeavit
1402 654 1469 708 ad
1524 653 1821 709 Ecclesiam

256 740 361 796 sibi
419 742 782 807 commissam,
847 742 1101 797 nuntians
1148 743 1259 799 suis
1313 760 1628 816 responsum
1684 746 1825 800 beati

252 827 422 891 Petri,
464 839 673 900 etpost
728 848 834 887 non
865 828 1060 888 multos
1116 833 1231 889 dies
1298 836 1463 889 vitam
1505 844 1824 905 prmsentem

254 919 471 985 finiens.
529 920 779 993 migravit
820 922 887 977 ad
929 932 1186 977 aeternam
1237 925 1500 993 requiem.
1538 924 1645 983 ,Hic
1693 918 1824 996 quo-

250 1024 359 1078 quo
402 1009 641 1079 sepultus
688 1011 741 1064 in
778 1010 894 1066 loco
941 1010 1302 1080 Trajectensi,
1346 1028 1468 1067 cum
1521 1013 1821 1083 sepulcrum

249 1098 371 1169 ejus
385 1098 485 1153 sub
505 1099 628 1155 divo
655 1108 799 1155 esset
825 1100 1083 1170 positum,
1113 1116 1212 1157 nec
1238 1103 1352 1166 nix,
1386 1117 1486 1157 nec
1527 1102 1702 1173 pluvia
1731 1119 1821 1157 ee-

247 1188 380 1243 cidit
407 1203 567 1258 super
586 1203 728 1254 eum,
766 1188 936 1244 donec
963 1204 994 1243 a
1017 1205 1327 1246 successore
1350 1190 1467 1260 ejus
1482 1201 1669 1247 sancto
1709 1193 1824 1247 Mu-

248 1275 400 1331 nult‘o
419 1278 669 1348 episcopo
692 1278 945 1348 templum
977 1294 1227 1350 magnum
1258 1280 1309 1335 in
1333 1281 1449 1351 ejus
1476 1283 1677 1336 honore
1700 1299 1823 1338 con-

248 1373 520 1420 structum
570 1375 675 1421 εει.

323 1453 361 1508 ll
411 1455 482 1508 in.
531 1453 717 1512 Sancti
774 1457 950 1513 Patris
998 1459 1276 1514 Pachumii
1331 1458 1675 1535 [Pachumii],
1727 1465 1817 1533 qui

245 1555 372 1596 cum
420 1552 561 1598 esset
604 1544 759 1600 factis
808 1548 1110 1616 apostolica:
1154 1550 1341 1621 gratia:
1394 1550 1642 1622 insignis,
1703 1554 1819 1609 fun-

245 1635 509 1705 datorque
553 1636 768 1711 Egypti
803 1640 1190 1707 ctenobiorum,
1220 1642 1438 1712 scripsit
1462 1647 1817 1701 monasterio-

246 1738 367 1778 rum
398 1725 647 1798 Regulas.
680 1743 816 1798 quas
866 1731 1054 1801 angelo
1080 1732 1316 1786 dictante
1344 1733 1603 1789 didicerat
1648 1736 1810 1789 simul

243 1822 304 1869 et
330 1815 393 1869 de
418 1826 654 1888 tempore
682 1818 947 1876 Paschali.
975 1822 1094 1890 lpso
1127 1823 1211 1878 die
1237 1825 1288 1878 in
1321 1822 1476 1895 Syria
1507 1826 1697 1881 natalis
1729 1828 1815 1882 Vi—
1847 1808 1889 1866 Β

242 1904 414 1960 cteris
462 1915 517 1961 et
557 1906 803 1976 Coronea,
842 1911 939 1966 sub
992 1912 1261 1969 Antonino
1295 1916 1635 1985 imperatore,
1685 1919 1818 1973 duce

240 1994 581 2055 Alexandriae
608 2000 945 2058 Sebastiano.
990 2003 1121 2059 Erat
1166 2015 1343 2060 autem
1385 2005 1570 2062 Victor
1606 2010 1757 2065 miles
1786 2027 1815 2065 a

240 2084 453 2152 Cilicia,
496 2090 579 2143 cui
626 2090 972 2148 Sebastianus
1036 2094 1087 2148 in
1142 2094 1476 2152 confessione
1524 2097 1644 2153 ﬁdei
1690 2115 1817 2155 con-

240 2178 405 2249 fringi
446 2181 638 2251 digitos
670 2192 724 2240 et
750 2186 901 2241 evelli
930 2188 1089 2255 jUSéll
1112 2204 1139 2242 a
1165 2200 1323 2256 cute;
1355 2192 1546 2247 deinde
1588 2194 1733 2247 illum
1758 2196 1811 2249 in

240 2271 512 2325 caminum
544 2274 681 2345 ignis
708 2277 867 2341 mitti,
897 2279 984 2333 ubi
1034 2280 1207 2334 triduo
1228 2297 1547 2350 permanens
1578 2299 1683 2338 non
1731 2298 1813 2341 est

239 2358 431 2427 lzcsus;
465 2363 655 2419 deinde
679 2381 944 2421 venenum
987 2369 1171 2425 bibere
1202 2369 1402 2438 jussus,
1435 2389 1537 2427 non
1562 2385 1648 2437 est
1670 2391 1813 2428 mor-

243 2458 387 2513 tuus,
414 2453 505 2507 sed
532 2454 825 2510 veneﬁcum
852 2458 1030 2527 potius
1054 2460 1121 2514 ad
1144 2460 1303 2515 ﬁdem
1333 2465 1596 2517 convertit
1621 2482 1633 2528 ;
1663 2466 1812 2519 dein-

238 2539 308 2592 de
347 2538 553 2605 jussum
602 2553 684 2598 est
721 2560 914 2601 nervos
960 2550 1202 2617 corporis
1245 2550 1360 2620 ejus
1418 2552 1557 2615 tolli;
1618 2553 1811 2609 deinde

237 2627 417 2681 oleum
444 2630 675 2687 bnlliens
711 2634 849 2688 mitti
881 2636 931 2689 in
958 2638 1217 2705 pudendis
1238 2640 1370 2709 ejus.
1416 2640 1541 2695 Post
1570 2642 1682 2697 haec
1697 2643 1810 2711 jus-

237 2718 312 2774 sit
340 2719 611 2793 lampades
632 2724 884 2782 ardentes
910 2741 1172 2798 suspenso
1220 2731 1285 2785 ad
1322 2729 1488 2788 latcra
1521 2734 1806 2805 applicari;

240 2823 363 2878 post
413 2813 515 2868 hoc
567 2824 779 2871 acetum
829 2827 884 2873 et
909 2818 1108 2874 calcem
1136 2822 1294 2875 simul
1332 2824 1566 2888 misceri,
1610 2837 1662 2880 et
1693 2828 1805 2882 dari

236 2905 289 2957 ei
338 2905 390 2959 in
432 2920 543 2961 ore.
578 2909 776 2965 Deinde
807 2912 990 2968 oculos
1015 2915 1129 2968 erui
1155 2932 1169 2979 ;
1205 2917 1325 2971 dein
1354 2919 1529 2973 triduo
1559 2922 1805 2976 deorsum

237 2995 415 3063 Capite
449 2999 798 3069 suspendi,et
846 3003 971 3057 dum
1020 3006 1193 3059 adhuc
1222 3008 1473 3075 spiraret,
1495 3010 1659 3080 jussit
1683 3028 1804 3067 cum

236 3088 524 3143 excoriari.
558 3089 708 3145 Tunc
743 3090 949 3148 Corona
981 3111 1099 3150 eum
1132 3107 1275 3152 esset
1328 3116 1465 3154 uxor
1491 3103 1673 3157 militis
1718 3119 1809 3159 cu-

228 3176 469 3248 jusdam,
517 3182 680 3250 erepit
732 3184 1040 3240 beatiﬁcare
1104 3198 1345 3243 sanctum
1390 3191 1660 3247 Victorem
1710 3212 1806 3264 pro

235 3267 407 3339 gloria
436 3274 700 3343 martyrii,
744 3283 798 3329 et
823 3277 946 3329 dum
984 3278 1085 3332 hoc
1123 3279 1342 3346 faceret,
1379 3283 1509 3338 vidit
1546 3284 1682 3339 duas
1712 3302 1805 3339 co-

236 3377 400 3417 ronas
427 3364 564 3419 cmlo
595 3367 857 3436 delapsas,
901 3385 1061 3423 unam
1110 3371 1334 3436 Victori,
1360 3382 1414 3427 et
1459 3375 1681 3430 alteram
1705 3378 1804 3431 sibi

238 3455 491 3521 missam;
539 3472 773 3527 eumque
797 3470 852 3514 et
872 3461 972 3516 hoc
1000 3464 1208 3518 cunctis
1238 3466 1579 3522 audientibus
1618 3480 1803 3538 prote-

233 3550 491 3609 staretur,
517 3554 664 3600 tenta
694 3558 777 3602 est
823 3565 852 3602 a
879 3551 1031 3615 duce,
1066 3553 1382 3625 jussumque
1405 3558 1540 3613 duas
1585 3560 1805 3616 arbores

232 3632 427 3700 palmae
457 3636 668 3689 curvari
708 3639 773 3691 ad
822 3640 1071 3705 invicem,
1127 3651 1180 3696 et
1221 3645 1537 3701 cannabinis
1589 3646 1804 3705 {niuibus

233 3722 391 3793 ligari
410 3727 673 3782 Coronam
720 3728 773 3782 in
800 3739 1049 3798 utraque,
1102 3734 1350 3790 manibus
1386 3744 1442 3791 et
1468 3739 1709 3805 pedibus,
1749 3752 1802 3796 ct

230 3814 307 3868 sic
328 3814 548 3869 arbores
576 3816 797 3882 dimitti;
814 3822 952 3887 quod
974 3821 1099 3875 dum
1119 3821 1289 3887 ﬁeret,
1315 3825 1483 3880 divisa
1497 3836 1579 3881 est
1592 3828 1799 3885 Corona

230 3903 284 3956 in
326 3902 459 3957 duas
486 3914 683 3973 partes.
717 3906 845 3961 Erat
884 3918 1062 3965 autem
1090 3925 1352 3966 annorum
1374 3913 1626 3971 sedecim.
1666 3917 1799 3973 Tmn

227 4012 443 4068 quoque
484 4000 664 4053 Victor
693 4001 1008 4068 dccollatus,
1035 4010 1090 4058 et
1132 4004 1246 4074 ipse
1270 4005 1511 4062 victoria:
1544 4012 1800 4078 perennis

228 4087 559 4156 triumphum
578 4092 795 4144 meruit.

298 4177 493 4233 IDIBUS.
524 4179 579 4233 ln
619 4178 830 4250 Syrmio
853 4183 1045 4238 natalis
1085 4183 1352 4240 Timothei
1393 4194 1447 4241 et
1497 4200 1592 4241 sex
1636 4189 1802 4261 virgi-

224 4284 377 4323 num.
413 4271 479 4324 Et
501 4271 553 4325 in
576 4271 823 4328 Sardinia
863 4276 1045 4332 natale
1078 4277 1339 4349 Simplicii
1364 4279 1707 4351 presbyteri;
1744 4293 1799 4338 et

224 4360 280 4414 in
305 4360 523 4415 civitate
565 4362 852 4431 Filasiana,
885 4365 1117 4421 Rosulze.

299 4449 824 4509 XVllKacJuuus.
875 4454 932 4510 ln
980 4457 1199 4514 civitate
1224 4458 1410 4516 Picino
1433 4459 1653 4515 Ausimo
1697 4477 1793 4517 na-

221 4541 334 4597 tale
382 4540 697 4601 Diocletiani
743 4555 800 4602 et
833 4547 1149 4603 Florentini.
1195 4550 1251 4604 In
1300 4551 1642 4608 Antisiodoro
1669 4568 1793 4623 pas-

221 4633 309 4688 sio
354 4634 526 4688 sancti
564 4634 883 4707 Peregrini,
938 4639 1097 4707 primi
1158 4641 1392 4711 episcopi
1450 4642 1616 4712 ipsius
1662 4644 1795 4698 civi-

223 4722 372 4777 tatis.
416 4721 473 4776 In
525 4723 818 4781 Trecasine
866 4726 1127 4797 depositio
1166 4729 1357 4795 Fidoli,
1400 4732 1698 4803 presbyteri
1739 4741 1795 4788 ct

219 4809 571 4867 confessoris.

296 4900 411 4955 XVI
434 4902 565 4958 ΚΑι.
602 4904 658 4959 1η
682 4904 1002 4963 Alexandria
1028 4908 1205 4965 natale
1228 4910 1500 4972 Adrionis,
1557 4912 1790 4968 Victoris

214 5000 279 5048 et
319 4992 546 5050 Basillze.

294 5081 407 5137 XV.
454 5085 588 5141 ΚΑι..
659 5086 872 5143 Hortasi
915 5098 970 5144 et
1018 5089 1327 5161 Serapionis
1366 5092 1684 5163 presbyteri,
1731 5102 1788 5148 et

216 5172 387 5229 Marci
426 5191 594 5246 papae,
622 5185 678 5232 et
707 5177 1052 5235 Potamionis.

293 5264 406 5319 XIV
448 5266 582 5321 ΚΜ..
607 5266 817 5324 Sancta:
867 5268 1210 5326 Pudentiante
1256 5272 1499 5344 virginis,
1536 5288 1654 5341 qurc
1679 5272 1781 5326 fuit

211 5354 328 5411 illia
361 5355 616 5413 Pudentis
641 5367 695 5412 et
729 5374 884 5413 soror
908 5360 1163 5416 Praxedis
1186 5364 1425 5434 virginis.
1457 5364 1572 5432 ipsa
1601 5373 1780 5417 autem

209 5460 371 5501 soror
408 5446 665 5504 Praxedis
718 5459 772 5504 et
817 5448 1162 5517 Pudentiana,
1213 5470 1425 5509 omnem
1468 5452 1777 5509 facultatem

210 5538 516 5594 dividentes
542 5538 683 5593 inter
711 5554 792 5605 se,
834 5550 1112 5610 creperum
1159 5545 1391 5599 vendere
1427 5558 1586 5598 omne
1612 5544 1775 5614 patri-

208 5628 457 5684 monium
499 5637 554 5683 et
574 5644 792 5700 erogare
816 5632 1154 5701 pauperibus.
1202 5634 1256 5688 ln
1288 5636 1475 5690 eodem
1506 5651 1633 5691 vero
1659 5635 1776 5691 loco

1930 564 2090 618 tionis
2121 564 2335 620 Pudens
2364 566 2652 635 dedicavit,
2693 580 2748 626 et
2777 574 2877 628 hoc
2907 576 3190 635 consilium
3240 584 3383 640 inter
3414 604 3498 643 me

1927 663 1980 708 et
2020 655 2247 709 famulas
2283 656 2481 713 Christi
2519 658 2815 718 Praxedem
2862 674 2915 720 et
2959 667 3331 729 Potentianam
3374 676 3503 750 [Pu-

1927 742 2261 817 dentianam]
2306 746 2445 803 ﬁlias
2470 760 2716 807 sacratas
2742 758 3010 824 convenit,
3064 770 3121 814 ut
3158 763 3209 817 in
3249 765 3334 821 die
3374 742 3502 823 san-

1926 841 2026 888 ctzc
2047 834 2284 900 Paschaz,
2320 838 2444 907 quia
2474 838 2739 897 desiderio
2768 858 2952 899 earum
2996 856 3049 901 et
3096 850 3259 908 nimio
3307 857 3501 912 ardore

1928 923 2050 977 ﬁdei
2114 927 2483 996 urgebantur,
2542 938 2761 1001 propter
2826 933 3084 990 familiam
3134 956 3495 1010 communem,
3562 1008 3567 1013 _

1924 1027 2042 1080 qua:
2066 1015 2276 1083 gentilis
2321 1029 2459 1083 erat,
2510 1020 2563 1073 in
2593 1021 2782 1077 eodem
2812 1023 2966 1079 titulo
2993 1026 3193 1083 fontem
3246 1032 3495 1101 baptismi

1924 1112 2235 1159 construere
2262 1109 2593 1164 studuissent
2618 1128 2632 1176 ;
2678 1127 2838 1182 quem
2882 1116 3096 1171 titulum
3127 1131 3346 1177 sanctus
3374 1124 3501 1181 Pius

1924 1207 2085 1247 manu
2127 1209 2223 1249 sua
2272 1200 2645 1265 consecravit;
2703 1200 2792 1256 ubi
2849 1204 3123 1274 baptizata
3187 1219 3270 1264 est
3322 1215 3500 1269 omnis

1921 1280 2125 1336 familia
2154 1299 2357 1347 eorum,
2404 1295 2458 1341 et
2494 1289 2874 1360 ingenuitatem
2914 1304 3096 1363 postea
3143 1305 3441 1367 promeruit
3477 1324 3490 1360 :

1922 1384 2107 1428 saneta
2137 1373 2467 1430 Pudentiana
2494 1387 2672 1433 autem
2716 1380 3031 1439 duodecimo
3057 1402 3197 1442 anno
3232 1391 3353 1445 vitae
3386 1410 3495 1452 sua:

1920 1466 2207 1537 emigravit
2239 1470 2305 1522 ad
2335 1470 2640 1525 Dominum.
2685 1472 2882 1528 Eodem
2924 1476 3009 1529 die
3056 1479 3231 1532 natale
3279 1492 3491 1538 sancto-

1922 1572 2039 1610 rum
2095 1556 2355 1612 Calocerii
2409 1558 2693 1633 [Caloceri]
2751 1572 2806 1617 et
2851 1562 3164 1633 Parthenii,
3222 1574 3494 1629 eunucho-

1919 1662 2038 1700 rum
2088 1648 2274 1703 uxoris
2319 1649 2465 1703 Decii
2505 1650 2861 1720 imperatoris,
2921 1672 3149 1726 quorum
3190 1677 3329 1717 unus
3366 1680 3490 1719 cum

1916 1744 2059 1791 esset
2079 1738 2393 1807 prmpositus
2417 1741 2665 1805 cubiculi,
2692 1743 2827 1798 alter
2862 1761 2990 1801 vero
3017 1750 3372 1818 primicerius,
3397 1769 3492 1811 no-

1919 1827 2089 1883 lentes
2106 1829 2602 1897 sacrilicareidolis,
2627 1848 2656 1886 a
2678 1833 2838 1891 Decio
2861 1838 3026 1893 occisi
3048 1850 3189 1895 sunt.
3216 1842 3490 1914 Depositio

1917 1918 2119 1973 domini
2144 1918 2379 1974 Alcuini.

1984 2031 2097 2085 XIII
2150 2033 2278 2087 Κλι.
2334 2033 2519 2089 Passio
2573 2046 2877 2093 sanctorum
2924 2051 3218 2113 martyrum
3260 2057 3286 2085 ι
3316 2045 3490 2104 Cono-

1914 2122 2014 2185 nis,
2043 2131 2097 2177 et
2121 2122 2213 2177 ﬁlii
2239 2122 2373 2191 ejus,
2400 2124 2455 2179 in
2478 2127 2691 2181 civitate
2719 2128 2895 2183 lconia
2936 2133 3221 2199 provincia:
3247 2136 3480 2204 Isauriae,

1914 2225 2167 2287 regnante
2203 2217 2493 2273 Aureliano
2531 2229 2780 2285 tyranno,
2818 2222 2916 2275 sub
2940 2225 3241 2281 Domitiano
3268 2230 3481 2283 comite.

1912 2310 2046 2364 Nam
2069 2310 2180 2379 ipse
2222 2318 2440 2364 sanctus
2479 2310 2661 2365 Conon
2696 2313 2880 2367 habuit
2909 2330 3151 2382 uxorem,
3183 2325 3237 2372 et
3286 2320 3486 2375 disces-

1910 2399 2002 2466 Sit,
2038 2410 2325 2470 castusque
2346 2402 2662 2472 permansit,
2691 2403 2895 2458 habens
2922 2404 3106 2469 filium,
3138 2415 3192 2460 et
3213 2410 3482 2478 accipiens

1910 2507 2031 2545 eum
2074 2491 2272 2547 mansit
2304 2491 2357 2545 in
2401 2492 2706 2547 solitudine.
2737 2493 3043 2549 Ambulavit
3103 2499 3244 2553 enim
3277 2501 3330 2554 in
3386 2504 3481 2557 viis

1910 2584 2095 2656 Moysi,
2127 2586 2405 2653 increpans
2435 2583 2647 2645 ﬂuetus,
2683 2584 2882 2640 faciens
2908 2590 3158 2642 mandata
3198 2591 3310 2646 Dei.
3350 2593 3479 2647 Erat

1908 2674 2050 2726 enim
2104 2687 2268 2742 prope
2298 2674 2411 2741 ipso
2439 2673 2554 2727 loco
2596 2672 2788 2728 ﬂuvius
2821 2684 3051 2739 torrens,
3096 2692 3256 2746 quem
3301 2680 3478 2736 nullus

1910 2772 2117 2839 poterat
2146 2767 2209 2824 de
2246 2766 2411 2823 vicino
2438 2766 2556 2823 loco
2577 2782 2605 2822 a
2634 2766 2974 2825 multitudine
3001 2784 3151 2841 aquse
3201 2771 3432 2827 transire
3460 2790 3473 2827 :

1908 2861 2255 2929 appropiante
2270 2875 2397 2914 vero
2426 2860 2618 2930 populo
2650 2862 2907 2931 rogabant
2929 2872 3173 2918 sanctum
3203 2864 3476 2918 Cononem

1907 2957 1968 3003 ut
1994 2964 2058 3003 eo
2086 2948 2488 3013 transfretarct;
2519 2949 2805 3019 increpans
2826 2961 3045 3005 sanctus
3064 2950 3248 3005 Conon
3278 2967 3473 3020 aquam

1908 3041 2095 3096 statuit
2140 3055 2277 3103 eam,
2327 3049 2383 3094 et
2422 3040 2626 3095 faciens
2666 3042 2801 3095 viam
2834 3044 3017 3098 eduxit
3046 3059 3187 3098 eam.
3244 3044 3479 3100 Descen-

1834 3162 1877 3223 ρ
1910 3130 2069 3184 dente
2117 3144 2248 3183 vero
2291 3136 2476 3184 sancto
2510 3128 2727 3184 Conone
2770 3131 2824 3184 in
2875 3134 3260 3187 monasterium
3298 3149 3475 3201 suum,

1902 3219 2100 3290 jubens
2129 3218 2286 3288 aquis
2336 3228 2395 3273 ut
2428 3234 2535 3274 non
2577 3230 2857 3274 currerent
2900 3237 3067 3289 usque
3102 3224 3168 3277 ad
3211 3232 3423 3294 tempus
3459 3242 3475 3278 ε

1907 3310 2098 3365 deinde
2143 3309 2370 3380 implens
2417 3325 2473 3364 se
2520 3325 2656 3377 aqua
2704 3311 2981 3365 inundavit
3018 3312 3328 3380 plurimum.
3375 3314 3479 3369 Co-

1904 3414 2165 3471 gnosceus
2194 3407 2409 3455 sanctus
2452 3398 2635 3453 Conon
2694 3399 2835 3468 quod
2863 3397 3061 3454 factum
3108 3401 3319 3467 fuisset,
3351 3419 3475 3472 pcr-

1904 3503 2036 3559 gens
2066 3488 2209 3544 venit
2262 3488 2328 3542 ad
2370 3486 2583 3553 flumen,
2602 3487 2794 3557 jubens
2825 3491 2873 3544 ei
2905 3499 2963 3544 ut
2992 3490 3062 3544 ita
3096 3502 3336 3548 curreret
3365 3496 3469 3548 sic-

1904 3586 1963 3632 ut
2003 3594 2193 3634 cursus
2245 3576 2360 3649 ejus
2400 3586 2516 3632 erat
2552 3579 2844 3633 secundum
2877 3582 3299 3636 misericordiam
3330 3583 3424 3638 Dei
3460 3603 3473 3639 :

1904 3670 2043 3721 unde
2092 3670 2354 3723 hactenus
2378 3684 2562 3724 omnes
2590 3670 2892 3726 habitantes
2921 3672 3168 3726 lcetantur
3189 3676 3256 3729 ab
3285 3690 3369 3741 eo,
3413 3687 3465 3731 et

1902 3759 2155 3828 subjecta
2186 3767 2308 3813 sunt
2336 3759 2383 3812 ei
2414 3777 2516 3814 non
2545 3762 2715 3815 solum
2746 3778 2919 3831 aquae,
2950 3764 3042 3818 sed
3063 3775 3117 3819 et
3143 3768 3317 3820 omnis
3352 3769 3466 3839 ipsa

1903 3860 2066 3904 terra.
2110 3849 2443 3921 Completum
2490 3863 2573 3907 est
2619 3854 2785 3917 enim,
2832 3858 2973 3923 quod
3038 3858 3295 3927 scriptum
3346 3868 3468 3911 est:

1903 3941 2056 4007 Quod
2093 3942 2139 3996 si
2166 3943 2450 3996 habueritis
2499 3944 2657 4010 [idem
2697 3956 2943 4014 tanquam
2983 3964 3202 4017 granum
3244 3949 3466 4019 sinapis,

1899 4032 2051 4086 dicite
2075 4033 2196 4086 huic
2222 4035 2381 4086 monti
2409 4049 2427 4086 :
2461 4032 2648 4088 Transi
2682 4034 2894 4105 (Matth.
2925 4036 3091 4109 xvn);
3144 4046 3200 4091 et
3234 4054 3339 4093 non
3371 4055 3464 4095 so-

1898 4122 2008 4177 lum
2048 4124 2200 4193 aquis
2228 4124 2477 4194 imperat,
2501 4124 2591 4179 sed
2622 4135 2673 4180 et
2699 4126 2944 4182 ﬂuctibus
2964 4129 3135 4198 jubet.
3168 4129 3301 4183 Nam
3331 4145 3466 4199 prre-

1899 4215 2074 4270 dictus
2114 4214 2470 4281 Domitianus,
2518 4232 2815 4286 agnoscens
2846 4221 3096 4275 virtutem
3125 4222 3295 4277 sancti
3344 4223 3462 4287 viri,

1898 4306 2088 4360 ascivit
2110 4321 2232 4361 eum
2259 4307 2325 4361 ad
2354 4323 2412 4362 se
2438 4316 2493 4362 et
2520 4309 2682 4362 tilium
2710 4310 2843 4379 ejus,
2874 4320 2928 4363 et
2955 4320 3206 4379 torquere
3225 4327 3319 4367 eos
3354 4310 3470 4380 jus-

1897 4397 1969 4449 sit
2015 4396 2066 4449 in
2108 4397 2366 4451 craticula
2414 4414 2575 4468 super
2626 4400 2887 4455 carbones
2955 4400 3203 4455 ardentes
3270 4404 3464 4472 posita,

1819 4486 2011 4556 Doleo
2055 4487 2109 4541 in
2158 4488 2334 4560 ignem
2387 4488 2668 4565 fuso;~sed
2716 4492 2929 4546 vincere
2978 4506 3071 4545 eos
3120 4507 3223 4546 non
3267 4494 3462 4561 potuit,

1897 4579 2021 4649 quia
2065 4578 2207 4634 Deus
2250 4581 2316 4635 de
2364 4582 2484 4650 igne
2534 4596 2628 4636 eos
2678 4582 2961 4648 liberavit;
2992 4590 3177 4651 postea
3213 4584 3461 4638 malleum

1896 4669 2128 4741 ligneum
2161 4667 2376 4734 afferre,
2432 4679 2485 4724 ct
2532 4686 2723 4725 manus
2767 4686 2953 4727 eorum
3005 4681 3282 4728 conterere
3326 4689 3464 4742 prae.

1893 4759 2071 4827 cepit;
2110 4758 2203 4814 sed
2228 4760 2323 4827 ipsi
2357 4760 2407 4813 in
2437 4760 2540 4814 ﬁde
2562 4770 2735 4829 empta
2758 4772 3253 4830 perseveraverunt,
3279 4764 3461 4832 sicque

1890 4849 2189 4903 orationem
2218 4848 2477 4905 facientes
2503 4852 2839 4905 tradiderunt
2867 4852 3134 4921 spiritum,
3166 4854 3459 4924 migrantes

1892 4939 1960 4993 ad
1985 4939 2219 4994 caelestia
2244 4954 2428 5009 regna.

1962 5071 2052 5127 ΧΠ
2094 5072 2226 5127 Kac.
2299 5071 2356 5125 ln
2426 5071 2744 5128 Mauritania
2810 5074 2989 5131 natale
3060 5076 3346 5140 Timothei,
3403 5086 3455 5133 ct

1890 5163 1944 5217 in
1992 5163 2244 5219 Ravenna
2312 5165 2601 5237 Martyriaz.
2653 5164 2710 5218 ln
2763 5166 2977 5219 civitate
3027 5166 3453 5221 Antisiodorensi

1884 5252 2144 5319 depositio
2188 5254 2331 5309 beati
2373 5254 2519 5309 Valis
2566 5254 2852 5328 [Valentis]
2884 5256 3184 5326 presbyteri
3225 5264 3282 5311 et
3324 5272 3450 5312 con-

1879 5343 2123 5399 fessoris.

1935 5450 2006 5507 XI
2032 5453 2163 5509 ΚΜ..
2196 5453 2253 5508 In
2278 5454 2475 5519 Africa,
2501 5456 2647 5512 Casti
2671 5467 2726 5513 et
2747 5457 2901 5513 Emili
2932 5456 3201 5532 [Emiliil
3233 5458 3324 5527 qui
3351 5471 3448 5527 per

1876 5544 2053 5614 ignem
2085 5546 2389 5613 passionem
2417 5558 2920 5606 consummaverunt
2952 5570 2966 5604 :
3011 5550 3202 5608 scribit
3223 5550 3446 5623 Cypria-

1879 5649 1979 5688 nus
1999 5633 2139 5689 libro
2164 5636 2228 5689 de
2250 5633 2459 5703 Lapsis.

284 5752 307 5780 ι·
340 5741 413 5796 De
444 5739 547 5795 illis
577 5742 897 5811 martyribus
926 5758 1021 5797 nos
1048 5742 1163 5798 fuse
1185 5744 1533 5800 disseruimus
1577 5746 1628 5800 in
1662 5743 1891 5801 llistoria
1926 5743 2320 5802 Ecclesiastica.
2376 5747 2534 5804 Basu.
