3924 6340
451 334 473 389 l
493 334 584 387 H7

1080 329 1141 385 Β.
1178 325 1432 384 RABANI
1473 324 1689 383 ΜΑυιιι
1728 319 2023 378 ARClllEP

2129 322 2399 400 IOG‘UNT.
2438 321 2719 381 OPERUM
2760 326 2938 383 PARS
2977 326 3039 382 ll.

3566 333 3698 388 illi!

520 446 559 502 Χ
584 446 718 501 Kac.
765 444 949 501 Passio
978 443 1152 499 sancti
1188 442 1450 498 Desiderii
1503 438 1740 512 episcOpi
1769 445 1826 493 et
1876 452 2025 491 mar—
2051 438 2098 497 A
2127 432 2290 508 [Syci
2313 435 2331 508 ]
2353 444 2407 492 et
2424 436 2650 493 Palatini
2670 479 2686 505 ,
2713 441 2803 509 qui
2846 441 3011 496 multa
3053 450 3321 499 tormenta
3351 454 3576 516 propter
3600 462 3693 505 ne.

447 548 497 595 tv
507 540 600 592 ris.

468 597 481 609 .
512 628 585 683 lx
614 628 745 683 Kac.
787 623 846 681 lu
867 624 1054 682 Galliae
1080 623 1300 680 civitate
1324 620 1627 677 Mammetis
1697 617 2022 682 natale,san-

445 729 655 776 ctorum
682 716 963 788 [legatiaui
985 725 1042 772 et
1061 708 1369 781 Donatiani,
1394 726 1774 787 germanorum
1800 716 1855 766 et
1885 725 2020 766 mar-

444 817 646 882 tyrant.

522 903 624 958 Vlll
654 901 786 957 Kac.
815 901 998 957 Romae
1025 900 1197 956 sancti
1229 898 1461 956 Urbana:
1493 912 1646 969 papa:
1665 906 1720 951 et
1750 896 2024 953 confesso—

446 996 522 1049 ris
547 991 867 1066 [martyris],
897 993 1051 1062 cujus
1073 989 1318 1047 doctrina
1358 988 1513 1044 multi
1565 989 1829 1059 martyrio
1869 1002 2023 1043 coro-

442 1086 555 1139 nati
585 1093 730 1140 sunt.

517 1175 601 1231 Vll
625 1175 758 1231 Kac.
796 1176 855 1231 ln
891 1174 1170 1231 Britannia
1207 1171 1466 1243 depositio
1488 1169 1788 1240 Augustini,
1857 1167 2020 1240 primi

440 1265 737 1337 Anglorum
763 1265 1019 1335 episcopi.
1055 1262 1258 1318 Eodem
1301 1260 1391 1316 die
1417 1260 1604 1315 Romre
1651 1260 1830 1330 passio
1884 1257 2023 1315 Mar-

438 1354 615 1408 cellini
650 1369 821 1424 papa),
866 1354 960 1424 qui
987 1350 1320 1423 temporibus
1341 1347 1656 1404 Diocletiani
1692 1362 1886 1419 passus
1913 1355 2017 1413 est,

440 1460 548 1514 quo
596 1453 839 1515 tempore
870 1442 971 1498 fuit
1006 1441 1310 1513 persecutio
1345 1455 1565 1511 magna,
1623 1446 1684 1493 ut
1731 1439 1873 1493 intra
1915 1439 2019 1493 tri-

436 1536 586 1606 ginta
632 1534 749 1589 dies
769 1532 1155 1604 septemdecim
1197 1530 1365 1586 millia
1408 1529 1688 1585 hominum
1724 1527 2017 1600 promiscui

436 1641 599 1682 sexus
645 1640 743 1696 per
787 1625 1031 1680 diversas
1052 1623 1361 1695 provincias
1390 1622 1653 1693 martyrio
1690 1635 2018 1677 coronaren-

441 1725 534 1770 tur
587 1713 900 1771 Christiani.
950 1713 1027 1769 De
1072 1729 1178 1786 qua
1229 1726 1288 1769 re
1317 1720 1371 1770 et
1416 1714 1533 1783 ipse
1570 1711 1909 1767 Marcellinus
1947 1710 2016 1766 ad

436 1806 762 1863 sacrificium
792 1807 986 1861 ductus
1005 1811 1090 1861 est
1111 1814 1171 1861 ut
1203 1804 1563 1870 thuriﬁcaret,
1591 1804 1735 1874 quod
1760 1812 1817 1883 et
1840 1801 1969 1859 fecit
1998 1820 2013 1871 ;
2043 1791 2092 1851 Β

434 1909 491 1953 et
530 1906 648 1968 post
701 1913 905 1967 paucos
951 1898 1087 1961 dies,
1120 1896 1439 1966 poenitentia
1463 1896 1675 1960 ductus,
1721 1897 1791 1951 ab
1824 1895 2016 1951 eodem

436 1985 769 2042 Diocletiano
809 2001 908 2056 pro
966 1986 1072 2040 ﬁde
1127 1983 1329 2041 Christi
1369 1998 1493 2039 eum
1523 1982 1779 2048 Claudio,
1830 1991 1886 2039 et
1919 1981 2023 2056 Cy-

435 2081 577 2148 rino,
613 2086 681 2136 ‘et
712 2082 969 2145 Antonio.
997 2081 1174 2152 capite
1215 2087 1299 2135 est
1322 2085 1606 2134 truncatus
1637 2086 1692 2133 et
1724 2085 2018 2134 coronatus

437 2173 719 2244 martyrio.

510 2262 573 2318 Vl
595 2261 727 2316 Kac.
752 2260 807 2315 ln
844 2259 1117 2317 Parisiaca
1141 2261 1359 2316 civitate
1396 2259 1651 2316 nativitas
1679 2258 1853 2314 sancti
1884 2256 2018 2313 Ger-

436 2355 581 2409 mani
604 2354 838 2424 episcopi
868 2362 922 2408 et
966 2351 1317 2419 confessoris,
1366 2352 1458 2422 qui
1499 2366 1568 2408 ex
1612 2350 1886 2405 nobilibus
1914 2365 2013 2420 pa-

436 2446 680 2501 rentibus
745 2454 905 2502 natus
945 2445 1074 2513 fuit;
1129 2446 1223 2501 sed
1270 2445 1401 2501 licet
1446 2461 1572 2502 eum
1623 2444 1856 2517 genitrix
1901 2444 2018 2515 ejus

436 2535 709 2592 malitiosa
748 2545 931 2593 mente
963 2535 1267 2591 interﬁcere
1309 2534 1591 2602 voluisset,
1624 2543 1804 2592 tamen
1834 2534 2016 2590 divino

438 2633 639 2689 auxilio
684 2648 714 2688 a
753 2630 994 2703 periculo
1024 2630 1213 2684 mortis
1262 2629 1545 2694 liberatus,
1572 2627 1628 2684 in
1666 2627 1897 2699 pueritia
1918 2640 2015 2681 sua

438 2726 646 2783 sanctis
679 2723 812 2779 viris
837 2723 905 2778 ad
929 2722 1023 2776 Dei
1047 2722 1327 2776 servitium
1360 2718 1706 2775 nutriendum
1740 2732 2017 2773 commen-

439 2818 600 2873 datus
636 2814 955 2886 proﬁciebat
995 2813 1048 2868 in
1101 2811 1274 2884 gratia
1305 2809 1421 2865 Dei.
1467 2809 1757 2881 Presbyter
1801 2808 2019 2864 ordina-

438 2923 526 2968 tus
572 2926 601 2965 a
653 2909 908 2980 pontiﬁce
940 2905 1217 2967 Nectario,
1253 2902 1419 2959 abbas
1460 2902 1527 2957 ad
1579 2909 1826 2958 sanctum
1858 2900 2017 2970 Sym-

440 3003 757 3074 phorianunt
795 3000 990 3070 dignus
1016 2996 1289 3053 assistitur
1318 3013 1331 3049 :
1365 2993 1419 3048 in
1447 3008 1553 3063 quo
1576 2989 1752 3048 ollicio
1778 3005 1883 3047 non
1927 3006 2016 3046 so-

441 3095 552 3150 lum
594 3091 904 3154 virtutibus,
954 3088 1045 3143 sed
1069 3086 1233 3141 etiam
1274 3083 1442 3153 signis
1492 3082 1604 3138 Deo
1641 3081 1871 3154 placitus
1894 3096 2015 3136 esse

443 3187 861 3241 demonstratur.
901 3178 1092 3233 Postea
1121 3192 1249 3230 vero
1283 3174 1569 3245 episcopus
1612 3173 1896 3228 ordinatus
1922 3184 2016 3226 no-
2042 3136 2087 3196 Ο

436 3273 621 3330 biliter
660 3269 992 3327 Parisiacam
1028 3266 1167 3321 rexit
1195 3265 1515 3329 Eeclesiam,
1567 3263 1855 3332 multisque
1898 3276 2021 3331 pro-

446 3365 541 3420 mit
598 3378 704 3419 non
779 3359 951 3416 solum
1008 3358 1059 3411 in
1135 3356 1422 3421 doctrina,
1479 3354 1579 3410 sed
1623 3355 1787 3409 etiam
1853 3361 1907 3408 et
1964 3352 2018 3406 in

443 3454 777 3508 inﬁrmorum
828 3449 1129 3505 curatione.
1171 3446 1250 3501 Ad
1294 3454 1595 3500 extremum
1633 3460 1763 3498 vero
1791 3444 1846 3499 in
1905 3459 2022 3499 om-

442 3547 497 3604 ni
564 3544 705 3599 bono
752 3540 1024 3612 perlectus
1067 3536 1446 3608 octogenarius
1491 3533 1743 3604 migravit
1791 3535 1859 3589 ad
1919 3531 2024 3587 Do—

451 3638 668 3691 minuto.

517 3725 558 3779 V'
582 3723 714 3778 Kac.
745 3720 1017 3791 Depositio
1048 3716 1220 3773 sancti
1248 3714 1475 3770 Joannis
1498 3728 1670 3784 papae,
1708 3727 1867 3781 quem
1895 3712 2022 3781 quia

444 3815 781 3870 orthodoxus
806 3820 944 3875 erat,
977 3817 1032 3865 et
1060 3825 1089 3863 a
1119 3806 1332 3862 .lustino
1362 3805 1688 3874 imperatore
1725 3800 2024 3858 orthodoxe

450 3902 963 3973 (hirtstanlinopolim
1016 3898 1240 3954 veniens
1285 3895 1517 3966 gloriose
1546 3900 1831 3960 susceptus
1883 3898 2023 3957 erat,

447 3993 815 4051 Theodericus
855 4006 947 4046 rex
1005 3988 1238 4042 Arianns
1288 3991 1642 4040 revertentem
1686 3982 1738 4036 in
1770 3980 2025 4035 Ravenna

448 4088 503 4140 in
551 4082 795 4140 custodia
869 4087 1076 4134 tcutum
1122 4076 1191 4131 ad
1234 4083 1461 4130 mortem
1516 4086 1686 4139 usque
1733 4085 1856 4126 cum
1908 4070 2027 4126 aliis

446 4189 601 4245 atque
621 4171 900 4227 catholicis
945 4168 1074 4223 viris
1100 4165 1348 4238 perduxit
1378 4181 1443 4218 xv
1471 4162 1589 4217 lial.
1621 4161 1828 4217 lunias.
1856 4159 2027 4229 llujus

453 4262 697 4321 ineminit
734 4269 954 4317 sanctus
1013 4258 1307 4329 Gregorius
1367 4255 1418 4309 in
1471 4255 1609 4308 libro
1662 4252 2025 4323 Dialogorum,

458 4355 610 4423 cujus
659 4368 877 4423 corpus,
909 4350 1226 4407 translatum
1253 4350 1319 4403 de
1343 4347 1620 4411 Ravenna,
1650 4346 1916 4415 sepultum
1946 4354 2031 4400 est

459 4465 509 4501 ιιι
539 4446 759 4502 basilica
780 4444 948 4501 sancti
968 4443 1109 4497 Petri
1138 4441 1363 4511 apostoli
1386 4456 1415 4494 v
1443 4440 1560 4493 Kal.
1587 4438 1790 4502 lunias,
1809 4438 2028 4508 Olybrio

460 4536 699 4593 consule.

530 4627 595 4683 IV
628 4625 761 4680 Κλι..
804 4624 859 4679 In
888 4622 1127 4677 Treviris
1178 4621 1441 4690 depositio
1482 4620 1755 4677 Maximini
1793 4618 2029 4689 episcopi

461 4728 516 4774 et
542 4716 880 4772 confessoris.
907 4713 1105 4768 Eodem
1129 4714 1213 4767 die
1245 4713 1297 4765 in
1326 4713 1542 4779 regione
1566 4711 1802 4781 Anagnia
1829 4711 2034 4781 [Anau-

465 4808 579 4879 nia]
625 4806 779 4876 juxta
841 4803 1211 4859 Tridentinam
1262 4803 1445 4855 urbem
1505 4801 1682 4871 passio
1722 4810 2030 4867 sainztorum

420 4908 764 4973 {tu-.irtyrum
813 4894 1034 4949 Sisiunii
1094 4893 1324 4955 diaconi,
1395 4901 1448 4944 et
1510 4890 1749 4961 Martyrii
1790 4890 2030 4953 lectoris,

471 4998 633 5057 atque
677 4984 962 5040 Alevandri
987 4982 1215 5044 ostiarii,
1244 4982 1333 5049 qui
1381 4982 1481 5034 sub
1539 4980 1793 5034 Stilironc
1816 4981 2033 5033 consule

469 5078 631 5147 p-issi,
678 5090 928 5130 coronam
975 5081 1403 5142 promeruerunt.
1449 5070 1821 5125 Namsanctns
1863 5070 2036 5125 Sisin-

472 5171 592 5224 nius
626 5168 796 5238 capite
845 5166 967 5220 tuba
1014 5179 1314 5232 percussus,
1367 5174 1526 5233 atque
1566 5162 1847 5215 securibus
1907 5178 2036 5215 con-

475 5263 649 5315 fossus
713 5268 813 5311 cst.
874 5256 1158 5324 lllartyrius
1215 5254 1443 5307 fustibus
1493 5268 1679 5316 mosus,
1735 5252 2036 5306 Alexander

474 5353 626 5405 vivus
681 5347 872 5402 vinetis
945 5345 1166 5415 pedibus
1234 5343 1525 5396 trahi-udus
1581 5342 1902 5409 apponitur,
1978 5349 2036 5394 ut

475 5458 570 5513 per
617 5437 953 5508 scopulorum
1007 5436 1199 5489 itinera
1242 5433 1613 5502 palpitantium
1672 5432 2034 5485 nmmbrorum

473 5541 656 5603 partes
701 5531 1010 5592 amitteret,
1062 5527 1233 5580 donec
1282 5525 1348 5577 al
1399 5526 1518 5578 vita:
1568 5523 1860 5577 terminum]
1910 5538 2036 5590 pcr-

479 5619 596 5673 veni
607 5627 679 5670 ιϊΙ
690 5656 704 5672 .

549 5708 612 5761 ιιι
646 5708 775 5761 ΚΜ..
814 5708 871 5761 ln
904 5705 1182 5763 Antiochia
1214 5712 1521 5759 sanctorum
1563 5710 1857 5775 marlyrum
1906 5700 2034 5755 δὴ·ἰί

2122 541 2244 583 men
2270 527 2473 584 Christi
2507 529 2648 600 passi
2672 540 2816 587 sunt.

2189 617 2232 672 ll
2258 618 2391 673 Kac.
2424 620 2609 676 Romae
2650 622 2902 677 nativitas
2940 621 3258 680 Petronellze
3285 625 3538 696 virginis,
3575 627 3705 688 lilia!

2121 709 2293 763 sancti
2319 708 2462 763 Petri
2491 711 2741 779 apostoli,
2768 728 2929 781 quant
2959 714 3146 769 beatus
3170 717 3471 785 apostolus,
3500 733 3703 791 rogan-

2122 798 2266 854 tibus
2290 799 2557 865 ﬁdelibus,
2589 816 2617 855 a
2641 802 2871 875 paralysi
2902 806 3141 871 sanavit;
3169 806 3261 860 sed
3288 807 3473 862 statim
3501 817 3560 863 ut
3579 823 3700 865 sur-

2121 891 2261 945 rexit
2296 906 2447 953 sana,
2503 899 2554 945 et
2604 893 2965 948 ministerium
3009 895 3267 965 explevit,
3319 896 3515 972 iterum
3540 898 3703 968 jussit

2119 997 2242 1037 eam
2266 982 2332 1036 ad
2367 984 2647 1054 grabatum
2681 985 2877 1039 redire.
2906 984 2977 1039 At
3010 986 3099 1040 ubi
3140 987 3195 1041 in
3233 987 3326 1042 Dei
3367 990 3559 1045 timore
3590 1005 3701 1046 οω-

2120 1074 2198 1144 pit
2235 1090 2357 1151 esse
2390 1073 2663 1146 perfecta,
2701 1091 2807 1131 non
2840 1076 3010 1132 solum
3057 1078 3173 1148 ipsa
3212 1081 3417 1135 salvata
3454 1091 3559 1148 est,
3605 1086 3700 1140 sed

2119 1164 2285 1220 etiam
2331 1165 2578 1235 plurimis
2608 1168 2943 1237 recuperavit
2988 1169 3040 1223 in
3072 1169 3267 1225 melius
3300 1170 3414 1228 suis
3440 1172 3703 1229 orationi—

2118 1256 2220 1313 bus
2254 1258 2561 1312 sanitatem.
2605 1258 2670 1313 Et
2693 1259 2948 1328 quoniam
2972 1260 3134 1316 nimis
3156 1263 3399 1333 speciosa
3434 1272 3574 1330 erat,
3602 1280 3698 1321 ve—

2119 1347 2201 1402 nit
2233 1348 2302 1403 ad
2344 1363 2464 1403 eam
2515 1347 2739 1404 Flaccus
2776 1365 2961 1406 comes
3004 1366 3127 1406 cum
3170 1352 3428 1409 militibus
3474 1363 3535 1409 ut
3574 1369 3702 1412 eam

2117 1438 2219 1495 sibi
2260 1455 2487 1496 uxorem
2534 1441 2839 1512 acciperet;
2889 1443 2974 1498 cui
3013 1442 3315 1500 Petronella
3363 1446 3440 1500 ait
3475 1464 3489 1498 :
3539 1462 3559 1498 ι
3589 1445 3699 1502 Ad

2117 1531 2349 1604 puellam
2387 1533 2650 1588 inermem
2677 1548 2800 1589 cum
2840 1534 3102 1591 militibus
3130 1537 3353 1591 armatis
3387 1537 3617 1603 venisti;
3650 1538 3700 1595 si

2117 1636 2343 1677 uxorem
2371 1636 2457 1678 me
2489 1622 2689 1679 habere
2728 1624 2846 1690 vis,
2896 1623 2981 1681 fac
3010 1635 3285 1681 matronas
3327 1626 3565 1697 virgines
3594 1629 3698 1682 ho-

2119 1722 2305 1770 nestas
2330 1714 2397 1768 ad
2423 1710 2510 1769 me
2542 1724 2663 1784 post
2697 1724 2808 1771 tres
2833 1715 2952 1772 dies
2976 1717 3178 1782 venire,
3202 1726 3265 1771 ut
3289 1733 3414 1772 cum
3438 1717 3572 1787 ipsis
3601 1734 3699 1774 ve-

2119 1808 2265 1863 niam
2287 1807 2355 1863 ad
2380 1807 2597 1863 domum
2622 1816 2783 1863 tuam.
2822 1828 2841 1860 ι
2873 1807 3095 1863 Factum
3120 1816 3204 1864 est
3231 1818 3412 1865 autem
3445 1818 3505 1863 ut
3533 1811 3698 1865 trium

2121 1898 2331 1954 dierum
2376 1907 2657 1969 acceptum
2701 1900 2933 1969 spatium
2980 1899 3133 1971 virgo
3174 1907 3360 1955 sancta
3396 1898 3620 1970 ieiuniis
3646 1910 3699 1956 et

2120 1989 2455 2045 orationibus
2482 2000 2794 2062 occuparet,
2842 1990 3046 2047 habens
3088 2005 3271 2048 secum
3311 2002 3557 2048 sanctam
3585 1993 3700 2047 vir—

2120 2079 2300 2151 ginem
2342 2078 2655 2146 Feliculam,
2680 2081 3065 2137 colluctaneam
3092 2096 3267 2148 suam,
3295 2082 3349 2137 in
3372 2082 3469 2138 Dei
3501 2084 3700 2140 timore

2118 2168 2437 2238 perfectam.
2461 2167 2644 2224 Tertio
2662 2170 2844 2240 itaque
2875 2171 2962 2226 die
2988 2171 3211 2226 veniens
3229 2174 3296 2226 ad
3322 2187 3444 2227 eam
3476 2184 3699 2230 sanctus

2119 2259 2447 2317 Nicomedes
2478 2263 2779 2333 presbyter,
2827 2262 3117 2319 celebravit
3153 2267 3409 2336 mysteria
3462 2267 3700 2333 Christi;

2118 2353 2272 2424 virgo
2295 2361 2475 2409 autem
2505 2353 2869 2409 sacratissima
2902 2369 3025 2409 mox
3055 2364 3113 2409 ut
3147 2354 3351 2411 Christi
3391 2372 3703 2412 sacramen-

2120 2451 2235 2496 tum
2278 2445 2506 2513 aceepit,
2557 2442 2827 2498 reclinans
2854 2459 2912 2499 se
2941 2444 2995 2499 in
3020 2444 3294 2509 lectulum,
3340 2446 3523 2501 emisit
3542 2448 3703 2517 ειιίιίίο

2118 2542 2255 2589 tum.
2282 2533 2485 2588 Eodem
2509 2532 2597 2588 die
2623 2535 2956 2596 martvrizati
2987 2542 3115 2590 sunt
3147 2536 3451 2591 beatissimi
3497 2548 3702 2609 marty-

2120 2642 2210 2682 res
2259 2626 2505 2692 Cautius,
2553 2627 2847 2697 Cantlauus
2896 2635 2953 2681 et
3001 2625 3344 2693 Cantianilla,
3397 2629 3703 2698 imperante

2119 2715 2476 2782 Diocletiano,
2522 2725 2578 2772 et
2606 2729 2863 2789 regnante
2898 2717 3128 2775 Domino
3158 2729 3344 2776 nostro
3381 2718 3510 2776 Jesu
3537 2719 3700 2775 Chri-

2117 2814 2221 2863 sto.

2694 2936 3095 3013 JUNIUS.

2187 3066 2321 3123 Kac.
2349 3067 2468 3124 Jua.
2501 3070 2687 3129 Sancti
2718 3071 3024 3127 Nicomedis
3052 3074 3309 3143 martyris
3337 3076 3583 3129 ecclesiae
3609 3077 3704 3129 dc-

2117 3158 2338 3223 dieatio,
2370 3160 2501 3214 etin
2527 3159 2909 3216 Thessalonica
2944 3163 3126 3217 natale
3158 3162 3381 3227 Octavi,
3422 3174 3478 3218 ct
3509 3165 3561 3219 in
3587 3166 3702 3219 An—

2128 3249 2346 3312 tiochia,
2378 3248 2599 3304 Zosimi.

2187 3338 2258 3395 IV
2291 3337 2423 3393 Non.
2473 3338 2658 3396 Romae
2713 3340 3006 3397 Marcellini
3063 3343 3388 3414 presbyteri,
3444 3355 3500 3399 et
3555 3343 3702 3400 Petri

2119 3432 2421 3496 cxorcistm,
2471 3433 2562 3503 qui
2592 3433 2790 3490 multos
2817 3435 2869 3489 in
2903 3449 3123 3490 carcere
3150 3436 3217 3490 ad
3253 3436 3413 3491 ﬁdem
3448 3437 3704 3492 erudien-

2123 3533 2223 3586 tes,
2252 3533 2371 3593 post
2401 3523 2536 3577 dura
2562 3521 2773 3578 vincula
2812 3534 2866 3579 et
2901 3525 3131 3593 plurima
3159 3535 3423 3579 tormenta
3454 3526 3701 3581 decollati

2122 3622 2248 3670 sunt
2268 3614 2366 3668 sub
2396 3614 2577 3684 judice
2608 3614 2849 3680 Sereno;
2904 3624 2959 3669 et
2987 3616 3077 3686 qui
3109 3632 3203 3671 eos
3233 3616 3538 3678 deeollavit,
3566 3619 3706 3672 vidit

2122 3706 2331 3759 animas
2358 3720 2543 3761 eorum
2575 3704 2853 3775 splendide
2880 3715 3099 3761 ornatas
3124 3709 3193 3761 ab
3235 3706 3444 3777 angelis
3474 3707 3601 3762 ferri
3630 3710 3703 3761 ad

2123 3794 2311 3859 ρωπος,
2341 3803 2393 3849 et
2423 3795 2794 3864 paenitentiam
2816 3810 2976 3866 agens
3006 3798 3105 3851 sub
3129 3797 3272 3854 .lnlio
3300 3813 3436 3867 papa
3464 3798 3709 3868 baptiza-

2126 3890 2213 3938 tus
2237 3893 2321 3938 est
2348 3884 2400 3938 in
2423 3891 2698 3939 senectute
2731 3899 2825 3938 sua
2860 3886 3078 3939 nomine
3118 3884 3434 3939 Dorothens.
3470 3887 3589 3955 Ipso
3611 3888 3706 3941 die

2124 3972 2179 4026 in
2222 3971 2481 4043 Lugdune
2520 3980 2722 4026 sanclm
2764 3972 3036 4027 Blandinm
3081 3988 3203 4028 cum
3248 3972 3528 4044 sexaginta
3579 3985 3707 4030 octo

2127 4062 2474 4132 martyribus,
2526 4062 2610 4116 cui
2652 4077 2682 4116 a
2710 4064 2882 4132 prima
2928 4064 3045 4116 luce
3087 4078 3256 4133 usque
3300 4064 3366 4117 ad
3416 4080 3704 4134 vesperam

2128 4158 2391 4205 tormenta
2424 4167 2636 4221 semper
2671 4153 3009 4219 innovantcs,
3051 4155 3116 4208 ad
3159 4156 3405 4209 ultimum
3436 4160 3606 4211 victos
3644 4176 3705 4213 se

2130 4251 2361 4296 tortores
2404 4242 2732 4317 confitentur
2768 4262 2779 4297 :
2811 4259 2930 4312 qua:
2969 4254 3023 4298 et
3065 4246 3297 4299 secundo
3333 4246 3542 4315 pulsata
3579 4264 3706 4301 cm-

2130 4332 2360 4387 ciatibus
2387 4349 2491 4386 non
2528 4342 2829 4403 superatur.
2882 4334 3065 4389 Tertio
3094 4352 3306 4405 quoque
3336 4338 3446 4403 die,
3476 4339 3701 4408 religata

2131 4424 2198 4478 ad
2229 4426 2463 4495 stipitem
2496 4433 2658 4494 atque
2684 4426 2736 4480 in
2762 4427 2940 4481 crocis
2980 4428 3193 4481 modum
3225 4427 3483 4493 distenta,
3517 4431 3706 4485 bestiis

2134 4513 2386 4583 pabulum
2437 4524 2790 4585 przrparatur.
2843 4515 3014 4582 Quam
3063 4531 3183 4569 eum
3214 4517 3356 4571 nulla
3400 4533 3466 4572 ex
3520 4520 3710 4573 bestiis

2135 4607 2354 4659 auderet
2380 4606 2665 4675 attingere,
2716 4620 2928 4661 rursum
2968 4616 3250 4661 revocatur
3285 4611 3350 4661 ad
3377 4624 3660 4663 carcerem
3692 4631 3704 4662 ε

2135 4703 2329 4766 quarto
2363 4694 2524 4749 etiam
2554 4695 2867 4750 verberibus
2905 4703 3047 4761 aeta,
3082 4696 3354 4750 craticnlis
3395 4708 3609 4759 exusta,
3654 4709 3711 4751 ct

2137 4784 2302 4838 multa
2353 4784 2456 4838 alia
2504 4798 2777 4853 perpessa,
2823 4784 2888 4837 ad
2919 4783 3161 4837 ultimum
3194 4785 3367 4853 gladio
3404 4784 3709 4855 jugulutur.

2138 4873 2288 4928 Tunc
2318 4882 2372 4928 ct
2404 4873 2655 4928 Ponticus
2683 4889 2815 4943 puer
2843 4888 3102 4927 annorum
3131 4876 3434 4944 quindecim
3461 4892 3559 4945 per
3584 4893 3711 4930 orn—

2139 4965 2226 5018 nia
2274 4973 2657 5019 tormentorum
2704 4981 2898 5035 genera
2929 4981 3049 5019 eum
3094 4967 3206 5035 ipsa
3237 4967 3621 5030 circumactus,
3658 4980 3716 5023 ct

2140 5064 2380 5109 materna
2401 5055 2516 5123 ejus
2540 5056 2907 5109 cohortatione
2931 5057 3212 5111 roboratus
3234 5068 3357 5111 ante
3387 5059 3534 5113 illam
3557 5076 3715 5114 mar-

2142 5150 2339 5218 tyrium
2395 5148 2808 5203 consummavit.
2861 5148 2972 5202 Sub
3026 5149 3295 5203 Antonino
3349 5152 3711 5219 imperatore.

2140 5240 2396 5307 scriptum
2427 5238 2480 5292 iu
2505 5237 2737 5293 Historia
2766 5238 3159 5303 Ecclusiastica,
3193 5241 3281 5293 lib.
3317 5256 3366 5293 v.
3392 5241 3594 5295 Eodem
3624 5244 3720 5297 die

2139 5327 2332 5382 natalis
2375 5336 2459 5383 est
2496 5328 2703 5382 Erasini
2748 5329 3020 5397 martyris.
3057 5330 3146 5395 qui
3187 5329 3237 5381 in
3277 5328 3484 5384 Libano
3526 5342 3719 5384 tnonte

2139 5434 2376 5475 ercmum
2400 5420 2610 5488 petivit,
2646 5419 2825 5488 ibique
2857 5420 3052 5473 mansit
3074 5420 3228 5473 annis
3264 5429 3494 5488 septem,
3528 5420 3622 5472 ubi
3662 5431 3715 5474 et

2141 5512 2305 5566 multa
2338 5511 2594 5565 miracula
2638 5510 2793 5573 fecit;
2819 5512 2905 5564 hic
2944 5527 2974 5564 a
3018 5510 3345 5564 Diocletiano
3383 5511 3716 5578 imperatore

2141 5603 2559 5672 corripi-cliensus
2607 5611 2824 5672 propter
2867 5604 3024 5655 tidem
3066 5601 3266 5656 Christi
3309 5601 3477 5655 multa
3519 5617 3718 5671 passus

2141 5703 2223 5752 est
2247 5713 2259 5748 ε
2285 5694 2407 5763 quia
2440 5693 2583 5747 illaut
2609 5693 2759 5760 jussu
2788 5691 3122 5760 inqwratoris
3153 5691 3464 5761 nequissimi
3491 5690 3690 5745 (uirtuti
