3924 6336
236 370 365 423 illi!)

1539 364 1676 417 MAli
1690 363 1726 416 'l'
1741 362 2166 418 \'li0l.tiGlU.\l.

3363 368 3501 425 Ηδύ

224 494 315 533 m-
340 480 568 531 num)“,
590 488 643 529 οι
673 476 965 544 μιιιηιιωιιδ
986 490 1060 529 em
1086 475 1296 540 Ichant;
1332 475 1571 543 plumbo,
1595 483 1643 526 et
1674 474 1809 544 pice,
1844 474 1888 532 Α
1919 475 2207 529 habentem
2250 474 2416 545 jussit
2456 476 2747 546 plumbatis
2776 480 2904 533 caedi
2939 498 2949 530 :
2988 490 3171 548 j‘lislf‘ﬂ
3194 495 3323 535 vero
3354 484 3497 539 misit

221 579 276 627 ct
304 570 562 640 sulplmre
590 584 712 621 cum
744 582 867 621 cera
898 575 951 621 et
979 567 1095 619 oleo
1126 566 1348 620 ferventi
1384 566 1805 634 perfumlehant;

225 669 411 730 postea
444 662 495 713 in
520 673 796 712 carcerem
823 659 1046 712 missum
1072 658 1309 727 pondere
1332 656 1461 711 ferri
1486 659 1806 727 gravabant,

224 752 367 819 quod
399 750 606 804 Domini
640 748 838 803 virtute
868 748 920 801 in
953 748 1191 802 cinerem
1220 762 1433 802 versum
1456 757 1568 812 est,
1594 757 1649 802 et
1680 749 1806 802 nihil

222 858 347 897 eum
380 842 548 907 ltesit;
597 841 710 910 ipse
740 855 871 894 vero
904 847 1142 895 mortuos
1183 841 1485 905 suscitavit,
1526 852 1579 896 et
1612 841 1809 897 multos

222 934 429 989 debiles
470 934 701 987 sanavit.
742 932 941 986 Deinde
974 947 1101 986 vero
1139 930 1430 1002 ab-angelo
1460 933 1671 987 Domini
1715 934 1810 988 ad-

222 1025 493 1085 monitus,
542 1022 594 1075 in
635 1020 839 1074 Italiam
875 1021 1144 1090 perrexit,
1188 1021 1278 1076 ubi
1318 1030 1373 1076 et
1405 1035 1434 1074 a
1481 1020 1807 1077 Maximiano

222 1115 551 1184 imperatore
603 1114 770 1168 multa
821 1123 1089 1169 tormenta
1128 1129 1339 1184 passus,
1388 1115 1456 1170 ad
1506 1129 1806 1171 extremum

217 1222 345 1260 cum
374 1206 547 1274 palma
574 1204 815 1275 martyrii
847 1206 912 1258 ad
935 1212 1191 1259 aeternam
1223 1206 1389 1258 vitam
1418 1206 1687 1275 migravit.
1723 1206 1806 1261 Si-

221 1297 423 1350 militer
463 1295 576 1364 ipsa
607 1294 736 1348 feria
765 1293 911 1349 Junii
944 1294 1145 1349 mensis
1175 1292 1445 1349 festivitas
1469 1303 1555 1350 est
1584 1293 1806 1350 Bonifa-

216 1389 289 1442 rii
341 1388 627 1460 martyris,
680 1389 769 1458 qui
821 1387 1155 1457 temporibus
1190 1389 1507 1444 Diocletiani
1547 1400 1602 1446 et
1635 1390 1809 1445 Maxi-

219 1480 385 1533 miani
430 1480 816 1549 imperatorum
852 1494 950 1549 pro
981 1480 1201 1536 nomine
1226 1478 1427 1536 Christi
1470 1496 1662 1552 passus
1698 1491 1803 1537 est.

218 1569 373 1624 lluuc
413 1584 540 1625 vero
579 1585 673 1624 sua
701 1570 943 1636 domina,
988 1572 1207 1627 nomine
1246 1570 1462 1642 Aglaes,
1506 1588 1535 1627 a
1562 1572 1804 1630 Romana

216 1663 372 1723 urbe,
409 1661 533 1716 licet
560 1677 682 1718 eum
715 1677 777 1718 ea
807 1661 1130 1718 adulterium
1160 1672 1588 1735 perpetraverat,
1622 1676 1805 1720 trans-

216 1755 364 1807 misit
407 1754 459 1807 in
503 1754 618 1809 loca
657 1754 746 1810 ubi
780 1753 1214 1818 Christianorum
1244 1757 1476 1811 maxima
1501 1758 1804 1827 persecutio

1911 579 2034 618 eum
2075 565 2128 619 in
2160 580 2454 633 carcerem,
2500 574 2552 621 et
2591 584 2763 637 neque
2793 571 2970 625 cilnnn
3019 585 3190 640 neque
3222 587 3414 642 aquam
3440 574 3492 629 ei

1911 656 2124 710 sinebat
2176 657 2438 725 prmbere.
2498 656 2698 711 Deinde
2750 658 2987 715 Primum
3042 662 3294 716 similiter
3333 662 3499 731 jussit

1910 747 2142 802 fustibus
2186 747 2339 802 caedi.
2387 746 2517 801 Dein
2554 764 2679 801 vero
2726 748 2777 803 in
2826 751 3224 819 amphitheatro
3275 760 3496 809 sanctos

1910 847 2177 910 martyres
2200 838 2445 895 leonibus
2476 841 2611 895 trati
2638 843 2909 909 percepit,
2944 842 3033 895 sed
3067 843 3211 897 nullo
3240 844 3397 900 modo
3425 844 3496 900 ab

1908 933 1989 988 eis
2030 932 2141 987 Lesi
2180 943 2325 999 sunt,
2364 934 2507 1005 quod
2548 934 2791 988 videntes
2835 938 3005 989 turtur.
3049 936 3389 990 crediderunt
3439 937 3493 991 in

1907 1023 2183 1080 Christum
2206 1025 2504 1097 plusquam
2531 1026 2672 1080 mille
2701 1027 3000 1097 quingenti.
3032 1026 3333 1082 Novissime
3366 1043 3493 1084 vero

1909 1115 2083 1170 sancti
2118 1124 2385 1186 martyres
2414 1132 2444 1170 a
2473 1117 2729 1187 prscdicto
2757 1118 2953 1172 comite
2979 1117 3225 1173 decollati
3266 1127 3412 1183 sunt,
3438 1127 3489 1175 et

1909 1223 1939 1260 a
1965 1205 2265 1262 cultoribus
2300 1204 2498 1261 Christi
2532 1207 2584 1261 in
2618 1215 2739 1278 apte
2769 1208 2886 1263 loco
2928 1208 3143 1277 sepulti.
3178 1208 3378 1264 Eodem
3406 1208 3495 1265 die

1907 1295 2162 1350 nativitas
2190 1294 2389 1350 Gctulii
2420 1296 2692 1367 martyris,
2734 1297 2824 1366 qui
2855 1296 2953 1351 sub
2986 1296 3223 1352 Adriano
3252 1297 3487 1368 impera-

1908 1398 2028 1444 tore
2050 1402 2238 1459 passus
2266 1396 2371 1443 est.
2403 1387 2537 1443 Nam
2569 1405 2690 1443 eum
2714 1400 2858 1445 esset
2893 1388 3408 1455 Christianissimus,
3436 1398 3493 1446 et

1909 1478 2105 1534 multas
2134 1478 2504 1551 cleemosynas
2531 1488 2586 1533 et
2618 1479 2756 1533 bona
2801 1494 2961 1549 opera
2993 1477 3229 1545 fecisset,
3263 1479 3494 1535 traditus

1907 1577 1989 1623 est
2025 1568 2093 1623 ab
2142 1567 2467 1637 imperatore
2514 1568 2721 1624 Cereali
2768 1570 2972 1624 vicario
3018 1584 3117 1624 suo
3161 1569 3228 1624 ad
3266 1570 3494 1639 punien-

1906 1658 2055 1714 dum.
2092 1658 2198 1714 Sed
2235 1667 2456 1715 sanctus
2499 1659 2746 1714 Getulius
2781 1674 2910 1713 sana
2954 1659 3334 1730 prcedicatione
3364 1674 3493 1714 con-

1906 1749 2071 1805 vertit
2113 1764 2238 1805 eum
2282 1750 2348 1805 ad
2398 1748 2556 1803 fidem
2587 1748 2800 1804 Christi.
2845 1748 2997 1804 Sicut
3031 1757 3083 1805 et
3125 1747 3254 1804 fecit
3289 1747 3491 1802 Aman-

216 1845 342 1909 fuit,
374 1854 431 1899 ut
458 1844 685 1914 alienius
710 1845 887 1901 sancti
922 1861 1120 1917 corpus
1144 1847 1317 1917 pretio
1346 1825 1669 1919 acquisitum
1700 1849 1802 1904 sibi
1836 1825 1879 1884 Β
1911 1841 2041 1896 tium
2063 1840 2360 1895 tribunum.
2410 1838 2630 1894 fratrem
2670 1840 2859 1909 ipsius.
2899 1841 3131 1896 Sanctus
3158 1854 3283 1895 vero
3309 1838 3495 1897 Sixtus

211 1937 435 1991 atl‘erret
466 1956 479 1994 :
513 1938 625 2007 ipse
672 1948 853 1995 autem
906 1940 1167 1996 obediens
1215 1941 1378 1997 dictis
1416 1941 1649 1998 domina:
1693 1957 1807 1998 suae

212 2028 457 2094 perrexit
504 2026 647 2093 illuc,
700 2037 758 2083 et
806 2029 947 2084 inter
990 2029 1327 2085 Christianos
1375 2032 1807 2101 comprehensus

206 2118 365 2183 jussu
394 2118 654 2188 principis
679 2120 915 2190 primum
958 2120 1061 2176 olla
1094 2118 1324 2176 ferventi
1370 2137 1494 2177 cum
1535 2124 1655 2194 pice
1681 2138 1808 2194 per-

207 2208 371 2264 fusus
389 2218 496 2271 est,
524 2210 617 2264 sed
645 2210 699 2264 in
729 2211 875 2267 nullo
908 2212 1086 2278 laesus,
1122 2212 1189 2268 ab
1219 2212 1547 2282 spiculatore
1575 2229 1802 2285 percus-

208 2311 326 2361 sus,
372 2312 405 2354 a
444 2301 731 2358 comitibus
770 2304 905 2369 suis,
950 2305 1041 2374 qui
1086 2320 1271 2361 secum
1309 2308 1629 2377 pergebant,
1682 2318 1807 2380 post

211 2395 460 2465 martyrii
502 2394 733 2463 palmam
773 2396 841 2450 ad
883 2396 1157 2453 dominam
1199 2413 1353 2453 suam
1392 2401 1650 2455 reductus
1697 2409 1801 2465 est,

208 2502 336 2554 qua:
385 2489 557 2556 ipsum
615 2489 887 2558 accipiens
927 2489 1111 2545 Roma:
1156 2491 1240 2545 via
1293 2490 1488 2545 Latina
1535 2490 1802 2562 sepelivit,

209 2578 396 2647 ibique
424 2578 708 2634 ecclesiam
737 2589 1076 2646 construens,
1116 2581 1345 2636 Domino
1380 2581 1651 2638 instanter
1684 2598 1802 2639 ser-

206 2669 367 2724 vivit.

283 2759 348 2814 lll
396 2758 531 2815 Nos.
585 2760 643 2815 ln
685 2761 868 2817 Africa
922 2762 1099 2819 natale
1142 2763 1375 2832 Quirini,
1407 2773 1464 2821 et
1503 2765 1555 2820 in
1607 2766 1802 2822 Tuscia
1835 2808 1856 2827 ..

207 2850 514 2916 Laurentii,
557 2862 613 2908 et
643 2852 870 2909 aliorum
904 2855 1282 2927 quadraginta.
1316 2855 1624 2913 Aurelianis
1668 2857 1803 2914 civi-

209 2953 326 2997 tate
371 2942 637 3014 depositio
689 2946 862 3002 sancti
908 2944 1157 3002 Leofardi
1207 2945 1534 3021 [Liphardi]
1582 2949 1805 3020 presby-

212 3045 335 3089 lcrt.

1905 1947 2044 2003 papa
2099 1931 2395 2002 baptizavit
2431 1930 2728 1993 Cerealem,
2772 1940 2829 1986 et
2872 1932 3212 1986 continuavit
3255 1930 3309 1985 in
3365 1929 3492 1986 fide.

1905 2022 2098 2079 Postea
2140 2039 2271 2080 vero
2320 2021 2443 2077 cum
2491 2014 2729 2079 audisset
2775 2023 2879 2078 hoc
2928 2021 3154 2088 factum,
3201 2023 3498 2093 imperator

1905 2114 2196 2184 prtedictus
2242 2114 2465 2168 tradidit
2507 2122 2751 2169 sanctum
2798 2112 3068 2168 Getulium
3097 2112 3307 2168 Licinio
3348 2126 3491 2182 prze-

1904 2211 2046 2264 tecto
2075 2221 2194 2272 suo,
2229 2214 2291 2261 ut
2318 2220 2445 2260 eum
2482 2220 2604 2260 cum
2633 2206 2797 2260 sociis
2824 2204 2968 2270 suis,
3004 2207 3051 2260 si
3079 2204 3247 2260 nollet
3285 2201 3492 2259 sacrifi-

1904 2314 2033 2355 care
2072 2297 2249 2364 idolis,
2303 2298 2540 2352 mitteret
2584 2296 2638 2350 in
2684 2296 2958 2351 caminum
3004 2296 3145 2368 ignis
3188 2294 3500 2359 ardentem;

1904 2389 2047 2460 quod
2090 2405 2212 2445 cum
2260 2388 2462 2445 factum
2503 2397 2667 2456 esset,
2714 2388 2859 2445 nullo
2894 2387 3056 2443 modo
3099 2385 3167 2441 ab
3212 2386 3336 2457 igne
3384 2383 3493 2439 lzrsi

1906 2490 2055 2537 sunt.

1977 2570 2044 2626 Ν
2072 2570 2148 2626 in.
2198 2570 2255 2625 In
2296 2569 2482 2626 Africa
2506 2569 2661 2626 Aresi
2687 2569 2703 2643 [
2728 2568 2959 2641 Aresii],
3007 2568 3222 2639 Rogati,
3253 2575 3309 2621 et
3355 2565 3491 2638 aiio-

1905 2679 2026 2719 rum
2073 2663 2377 2720 duodecim.
2416 2662 2474 2718 In
2512 2663 2801 2733 llispaniis,
2843 2661 3109 2731 Chrispoli
3166 2657 3491 2733 [Crispuli],

1906 2756 2185 2812 Restituti.
2238 2755 2294 2810 ln
2321 2754 2633 2811 Nicomedia
2673 2754 2849 2811 natale
2889 2755 3062 2811 sancti
3096 2752 3392 2808 Zacharim.
3433 2749 3493 2807 lu

1904 2848 2254 2905 Antisiodoro
2278 2848 2542 2917 depositio
2569 2846 2796 2902 Censuri
2827 2843 3143 2919 [Censurii]
3168 2842 3429 2914 episcopi.

1976 2961 2041 3016 Ili
2077 2960 2153 3016 io.
2186 2959 2372 3015 Romae
2402 2970 2428 3000 ι
2464 2958 2705 3014 Anacleti
2730 2972 2900 3029 papre,
2950 2958 3039 3028 qui
3088 2958 3294 3027 primus
3338 2952 3485 3010 beati

1904 3055 2054 3112 Petri
2093 3052 2410 3110 memoriam
2441 3052 2748 3108 construxit
2768 3059 2823 3105 et
2840 3051 3160 3121 composuit,
3188 3063 3309 3104 cum
3332 3061 3490 3118 pres-

283 3122 499 3241 llNoa;
606 3124 798 3241 Niniv‘e
842 3128 1043 3183 natalis
1085 3129 1295 3195 Dinoci.
1339 3130 1530 3200 Attali,
1561 3131 1797 3201 Camari,
1832 3179 1877 3241 Ο
1906 3146 2065 3217 byw
2105 3153 2255 3202 esset
2302 3144 2479 3201 factus
2516 3159 2548 3199 τι
2580 3145 2744 3200 beato
2795 3141 2980 3207 Petro,
3034 3150 3091 3197 et
3131 3139 3372 3211 sepultus
3411 3147 3492 3195 est

211 3217 444 3287 Fyrinre,
471 3216 626 3274 Julia:
656 3227 709 3273 et
737 3219 992 3287 Saraciat,
1019 3220 1259 3293 Cyprini.

283 3307 419 3363 Nos.
452 3307 573 3365 Jua.
605 3308 870 3367 Bonifacii
900 3313 1316 3385 archiepiscopi,
1344 3316 1498 3386 cujus
1530 3316 1581 3371 in
1609 3315 1803 3371 Frcso-

210 3401 296 3455 nis
327 3399 582 3474 [Frisia]
617 3403 863 3475 martyrii
904 3406 1086 3473 passio
1125 3416 1346 3476 peracta
1373 3416 1476 3474 est,
1508 3417 1563 3462 et
1599 3408 1802 3464 Eobani

208 3493 518 3563 coepiscopi
562 3494 679 3564 ejus
707 3511 830 3551 cum
861 3498 1033 3551 servis
1064 3496 1160 3552 Dei
1190 3497 1531 3570 Wiutrnnge,
1568 3509 1624 3555 et
1656 3501 1804 3555 Wal-

212 3585 388 3650 there,
418 3583 720 3652 Seirbalde,
749 3595 803 3641 et
823 3586 1020 3652 Bosan,
1048 3587 1350 3654 llamunde,
1381 3597 1436 3645 et
1467 3591 1804 3658 Aithelherc,

215 3676 508 3743 Wancare,
533 3686 588 3732 et
611 3675 954 3743 Gundacare,
982 3678 1296 3744 Willehcre,
1323 3690 1378 3734 et
1401 3679 1712 3735 lladavolfe.

286 3769 396 3825 Vlll
430 3770 509 3826 io.
527 3769 586 3826 In
608 3770 790 3826 Africa
815 3773 986 3828 sancti
1010 3772 1272 3838 Amantii,
1296 3774 1469 3828 Lucii.
1496 3775 1550 3828 lu
1577 3772 1805 3828 Alexano

211 3863 351 3927 dria,
397 3863 650 3928 Androm,
701 3861 893 3918 Donati
925 3873 981 3918 et
1012 3863 1311 3935 Peregrini.
1358 3865 1631 3935 Depositio
1658 3865 1804 3919 beati

212 3955 423 4011 Claudii
452 3953 713 4025 episcopi.
1704 3966 1707 3967 '

286 4046 378 4102 VII
432 4046 509 4101 In.
566 4046 624 4101 In
687 4046 861 4103 Gallia
912 4046 1221 4105 Suessionis
1273 4050 1495 4105 civitate
1540 4048 1805 4120 depositio

214 4138 389 4194 sancti
444 4136 682 4191 Medardi
727 4138 964 4209 episcopi
1015 4146 1071 4195 et
1115 4138 1460 4203 confessoris,
1503 4137 1655 4206 cujus
1695 4141 1803 4194 vita

216 4229 375 4297 plena
403 4226 696 4283 virtutibus
730 4230 1039 4300 conscripta
1067 4238 1171 4286 est.
1212 4230 1343 4284 Nam
1392 4230 1573 4301 largus
1618 4230 1721 4285 fuit
1750 4232 1806 4285 in
1840 4216 1873 4251 ⁸

216 4321 596 4390 eleemosynis,
645 4320 934 4377 virtutibus
971 4322 1150 4377 clarus
1179 4339 1193 4376 :
1222 4323 1517 4392 prophetize
1551 4324 1802 4393 spiritum

218 4409 431 4474 habuit,
474 4417 557 4465 ter
574 4410 755 4480 quinis
780 4411 935 4468 annis
960 4410 1477 4468 Veromandensium
1508 4415 1659 4470 urbis
1687 4414 1806 4485 epi-

1900 3235 2058 3305 juxta
2096 3252 2295 3308 corpus
2337 3236 2480 3293 beati
2521 3234 2669 3291 Petri
2708 3232 2935 3304 apostoli
2975 3243 3031 3287 et
3066 3231 3326 3287 Barnabte
3361 3246 3491 3302 apo-

1906 3326 2049 3382 stoli.

1976 3418 2019 3474 ll
2057 3417 2134 3472 in.
2170 3417 2354 3473 Roma:
2386 3417 2471 3471 via
2508 3414 2745 3480 Aurelia,
2785 3413 3037 3469 miliiario
3070 3411 3279 3482 quinto,
3315 3409 3495 3480 passio

1906 3509 2165 3580 martyris
2190 3507 2466 3574 Basilidis,
2492 3506 2699 3579 Cyrini,
2748 3505 2975 3560 Naboris
3005 3517 3059 3560 et
3092 3503 3330 3569 Nazarii,
3362 3517 3495 3573 quo-

1908 3616 2030 3654 rum
2086 3597 2355 3654 Naborem
2405 3606 2462 3652 et
2505 3596 2793 3651 Nazariutn
2843 3596 2999 3651 simul
3072 3610 3192 3649 cum
3244 3594 3495 3663 Gorgone

1908 3690 2254 3763 {Romanis}
2296 3699 2537 3761 martyre
2563 3689 2832 3745 transtuli:
2869 3704 2899 3743 a
2935 3688 3106 3743 Roma
3153 3688 3206 3742 in
3241 3685 3495 3753 Galliam,

1906 3783 2297 3854 llmocgangus
2326 3782 2583 3838 Metensis
2611 3781 2917 3852 episcopus,
2952 3778 3302 3850 permittente
3323 3777 3494 3832 Paulo

1906 3887 2045 3943 papa
2091 3872 2357 3940 Romano,
2416 3887 2558 3927 anno
2602 3872 2894 3927 Dominicaa
2934 3870 3324 3925 incarnationis
3368 3868 3492 3931 765,

1906 3971 1963 4017 et
2008 3963 2291 4020 collocavit
2338 3963 2629 4033 prmdictus
2674 3964 2958 4032 episcopus
3000 3969 3245 4016 sanctum
3289 3959 3497 4028 Gorgo—

1908 4069 2031 4108 nem
2068 4050 2476 4126 [Gorgouium]
2516 4052 2569 4107 in
2602 4053 2934 4108 monasterio
2959 4049 3103 4120 quod
3130 4048 3329 4104 dicitur
3356 4047 3494 4103 Gor-

1908 4143 2011 4209 zia‘,
2044 4152 2291 4198 sanctum
2323 4158 2452 4198 vero
2493 4142 2759 4199 Naborem
2793 4141 2845 4195 iu
2879 4139 3208 4194 monasterio
3241 4138 3384 4208 quod
3414 4137 3497 4190 di-

1907 4234 2052 4289 citur
2078 4231 2383 4288 Novacella.
2417 4230 2679 4288 Sanctum
2710 4246 2924 4301 quoque
2965 4227 3253 4285 Natarium
3286 4226 3342 4280 in
3381 4240 3494 4278 mo-

1910 4326 2147 4382 nasterio
2164 4324 2309 4396 quod
2334 4326 2533 4381 dicitur
2559 4325 2913 4389 Lauresham,
2947 4323 3035 4377 ubi
3064 4325 3214 4391 signa
3244 4329 3301 4375 et
3330 4319 3491 4374 mit-av

1909 4416 2031 4472 cuia
2087 4416 2143 4471 in
2195 4415 2429 4471 sanitate
2488 4417 2824 4472 infirmorum
2879 4424 2936 4471 et
2991 4413 3246 4470 debilium
3294 4411 3491 4481 smpius

218 4512 502 4573 scopatum
532 4502 739 4568 tenuit;
768 4504 836 4558 ad
855 4513 1157 4559 extremum
1179 4505 1247 4559 ad
1273 4505 1515 4560 etclestia
1541 4506 1801 4578 migrans,
1831 4528 1883 4589 Β
1911 4506 2066 4561 fiunt.

220 4591 693 4649 Sucssioneusium
737 4594 806 4649 ad
857 4596 1045 4650 urbem
1094 4611 1291 4666 corpus
1328 4595 1446 4665 ejus
1488 4598 1803 4653 translatum

219 4694 325 4752 est,
350 4684 530 4755 ibique
556 4686 862 4757 sepulcrum
890 4686 1072 4741 multis
1095 4686 1353 4741 virtutum
1384 4687 1555 4744 titulis
1584 4689 1799 4743 claruit.

219 4775 422 4830 Eodem
442 4774 526 4829 die
550 4774 814 4830 festivitas
841 4776 1012 4831 sancti
1041 4776 1270 4832 Naboris
1301 4777 1648 4835 confessoris.

298 4866 335 4918 Υ
377 4866 450 4920 lo.
494 4866 701 4933 Retine,
753 4867 917 4923 Primi
966 4877 1019 4923 ct
1055 4870 1315 4924 Felician‘i
1363 4879 1679 4942 martyrum,
1711 4874 1803 4942 qui

220 4958 324 5013 sub
357 4956 684 5012 Diocletiano
731 4967 785 5013 et
828 4959 1208 5015 Maxitniniano
1256 4964 1418 5031 irnpp.
1462 4978 1559 5032 pro
1602 4961 1805 5018 Christi

222 5049 446 5103 nomine
495 5049 659 5102 multa
702 5059 969 5104 tormenta
1011 5051 1153 5121 passi
1201 5061 1347 5106 sunt.
1382 5052 1516 5107 Nam
1552 5052 1805 5109 Pronioto

222 5140 443 5210 praesidi
485 5141 586 5207 ipsi
621 5141 935 5211 nequissimi
978 5143 1332 5210 imperatores
1374 5143 1441 5197 ad
1479 5145 1806 5212 puniendum

223 5247 321 5285 eos
356 5231 731 5297 tradiderunt;
777 5232 868 5301 qui
914 5248 1034 5286 cum
1076 5233 1281 5288 videret
1328 5248 1421 5286 eos
1456 5234 1600 5289 nullo
1651 5236 1809 5288 modo

225 5337 387 5392 posse
418 5337 445 5374 a
472 5322 674 5378 Christi
707 5323 1044 5378 confessione
1086 5324 1280 5387 averti,
1322 5326 1592 5394 separavit
1620 5341 1713 5379 eos
1740 5326 1809 5380 ab

227 5411 485 5479 invicem,
537 5425 593 5471 et
647 5417 897 5485 primitus
943 5417 1273 5473 Felicianum
1322 5420 1592 5491 octoginta
1638 5437 1809 5477 annos

302 5537 327 5562 εδ
356 5524 710 5596 υἱδιὶιιςιιίιξει·
751 5528 837 5583 hic
874 5528 1047 5583 (fletus
1082 5529 1150 5583 ab
1196 5529 1489 5591 Auaclelo:
1519 5530 1595 5586 sic
1641 5532 1802 5586 etiam

227 5593 553 5671 immitius;
573 5606 747 5671 tamen
778 5601 819 5650 si
854 5600 1118 5654 veteribus
1150 5599 1359 5662 credas,
1390 5617 1529 5655 unus
1560 5600 1805 5671 idemque

226 5666 329 5739 fuit
362 5667 621 5733 pontifex.
662 5668 912 5729 lrenmus,
945 5671 1033 5739 qui
1063 5671 1263 5725 certius
1293 5672 1581 5725 neotericis
1619 5666 1801 5726 vetera

226 5736 318 5789 ilia
345 5748 586 5801 noverat,
634 5739 944 5793 .‘vnarletum
968 5736 1254 5805 ἰιι-ι’ριιδυι,
1285 5740 1492 5795 Cletunt
1527 5744 1797 5797 otuittens.

225 5816 481 5871 annnu
524 5812 684 5861 {Latos
735 5834 782 5877 ιρι
815 5828 837 5861 t'
894 5809 1162 5863 Humanus
1216 5814 1491 5880 presbyter
1546 5814 1799 5869 lt‘edECim

1982 4601 2057 4655 In.
2108 4600 2164 4655 lu
2213 4598 2418 4666 Africa,
2463 4599 2765 4654 Lucianiet
2803 4598 3107 4654 Fortunati.
3157 4597 3358 4652 Eadem
3402 4596 3493 4652 die

1910 4690 2164 4745 nativitas
2210 4699 2411 4745 sancta:
2451 4690 2699 4745 Feliculce
2729 4690 2984 4760 virginis,
3016 4697 3070 4743 et
3110 4704 3141 4743 a
3171 4687 3364 4742 Flacco
3395 4703 3489 4743 coo

1910 4782 2062 4844 mite,
2101 4782 2193 4852 qui
2241 4781 2411 4837 voluit
2454 4781 2669 4837 beatam
2720 4781 3076 4836 Petroncllam
3122 4795 3345 4835 uxorem
3394 4782 3492 4834 du-

1909 4887 2055 4937 eere,
2108 4881 2231 4942 post
2271 4873 2477 4927 obitum
2526 4882 2725 4927 sancta:
2772 4871 3106 4935 l’etronellae,
3154 4871 3320 4926 voluit
3368 4885 3489 4924 eam

1910 4965 2160 5035 accipere
2196 4980 2442 5027 uxorem,
2490 4966 2583 5019 sed
2626 4965 2737 5036 ipsa
2776 4966 2877 5020 hoc
2925 4974 3217 5029 renuente,
3268 4963 3493 5018 tradidit

1914 5072 2035 5112 eam
2070 5057 2272 5111 vicario
2300 5071 2398 5111 suo
2433 5055 2485 5110 ir.
2525 5056 2819 5111 custodiam
2855 5057 3217 5120 tenebrosam,
3250 5055 3338 5109 ubi
3374 5054 3492 5108 sine

1916 5146 2038 5201 cibo
2067 5155 2121 5199 et
2162 5152 2286 5215 potu
2325 5161 2424 5216 per
2452 5155 2660 5216 septem
2709 5146 2825 5200 dies
2875 5147 3109 5200 mansit:
3138 5153 3322 5215 postea
3362 5158 3492 5197 vero

1916 5237 2114 5293 levavit
2152 5253 2274 5291 eam
2324 5238 2375 5291 in
2417 5238 2736 5306 equuleum,
2790 5247 2841 5291 et
2886 5237 2958 5292 ibi
3005 5245 3255 5305 torquere
3305 5234 3488 5305 jussit.

1916 5330 2087 5383 donec
2112 5330 2387 5382 emitteret
2415 5328 2682 5397 Spiritum,
2719 5337 2776 5382 et
2806 5329 2884 5382 sic.
2912 5326 3263 5397 prazcipitavit
3287 5340 3405 5379 eam
3434 5324 3489 5377 in

1916 5418 2176 5483 cloacam,
2207 5433 2369 5488 quam
2416 5426 2632 5473 sanctus
2678 5417 2994 5473 Nicomedes
3040 5417 3318 5487 presbyter
3348 5414 3493 5480 tulit,

1911 5546 2259 5587 successores
2280 5547 2311 5585 a
2337 5531 2498 5587 Petro
2537 5534 2603 5588 ad
2634 5529 2901 5588 Victorem
2929 5548 3239 5590 recensens.
3267 5532 3348 5585 vel
3375 5532 3495 5586 Cle-

1911 5612 2023 5656 tum
2063 5602 2147 5655 vel
2188 5602 2507 5665 Auacietum
2551 5603 2737 5658 debuit
2777 5607 3045 5659 omittere.
3098 5604 3172 5657 De
3226 5602 3490 5657 Anaclcto

1908 5672 2051 5744 nulla
2075 5672 2277 5744 tuentio
2306 5673 2358 5726 in
2398 5672 2616 5727 Canonc
2653 5674 2848 5728 misse.
2893 5674 3018 5728 Sive.
3064 5674 3426 5744 distinguatur
3452 5687 3490 5724 ι)

1903 5743 2077 5803 Cleto,
2107 5742 2219 5795 sive
2244 5758 2406 5795 unum
2429 5745 2782 5812 euuuletuque
2812 5744 2976 5797 facias
2998 5761 3121 5799 cum
3150 5742 3260 5806 illo,
3290 5752 3478 5798 neuter

1904 5812 2077 5883 attigit
2108 5813 2533 5881 persecutionem
2566 5813 2866 5869 I‘tonntiaui.
2897 5815 3057 5869 liasa.
