3924 6360
470 390 597 447 1131

1132 388 1192 442 Β.
1233 387 1486 444 RABANl
1527 387 1743 442 MAUlll
1781 380 2094 439 AllClllEP.
2132 380 2438 439 MOGUNT.
2477 382 2758 440 OPEBUM
2797 380 2976 437 PARS
3013 381 3076 437 ll.

3590 382 3716 440 “5‘3

467 513 520 560 et
558 503 801 574 sepelivit
838 517 956 557 eam
998 501 1228 572 septimo
1272 500 1523 555 milliario
1552 500 1621 554 ab
1665 497 1796 553 urbe
1841 497 2029 551 Roma.
2060 511 2109 567 Α
2135 493 2348 558 sistitis,
2404 509 2510 547 non
2540 492 2892 549 dissimulabo
2933 492 3325 548 fabricandum.
3359 492 3497 547 Nam
3526 510 3721 566 corpus

467 594 620 663 Quod
650 593 872 648 audiens
906 592 1198 662 praedictus
1236 605 1440 658 eomes,
1480 590 1645 661 jussit
1686 587 2040 658 comprehen-

466 684 594 741 dere
636 686 813 755 ipsum
868 683 1210 741 Nicomedem
1261 686 1652 756 presbyterum,
1712 691 1768 737 et
1803 680 1927 735 duci
1974 678 2041 734 ad

465 776 913 842 sacriﬁcandum;
945 778 1087 846 quod
1115 791 1238 830 cum
1277 774 1458 830 facere
1504 773 1691 839 nollet,
1731 772 1894 841 jussit
1917 786 2041 826 eum

466 866 757 937 plumbatis
801 867 957 931 caldi,
1001 867 1173 921 donec
1214 866 1485 921 emitteret
1525 864 1794 934 spiritum.
1833 861 2043 931 Corpus

468 973 595 1013 vero
648 958 763 1026 ejus
820 959 875 1012 in
925 959 1165 1014 Tiberim
1218 958 1609 1029 prmcipitatum
1652 963 1765 1020 est,
1814 953 2044 1009 clericus

467 1063 599 1103 vero
650 1048 891 1118 ejusdem
933 1050 1260 1122 presbyteri,
1297 1048 1514 1105 nomine
1553 1056 1609 1103 et
1642 1060 1806 1117 opere
1839 1045 2039 1111 Justus,

467 1140 683 1212 collegit
725 1157 921 1211 corpus
941 1142 1077 1212 ejus,
1118 1152 1174 1198 et
1206 1141 1452 1213 sepelivit
1495 1154 1618 1197 eum
1654 1140 1807 1210 juxta
1836 1155 2043 1207 muros,

469 1230 555 1285 via
587 1230 943 1287 Nomentana.

539 1318 703 1376 XVlll
736 1322 869 1377 ΚΑι..
897 1322 1043 1379 Julii.
1098 1324 1259 1380 Elisei
1308 1324 1613 1395 prophetm,
1646 1330 1699 1378 et
1740 1321 2048 1378 Suessionis

472 1408 689 1466 civitate
735 1414 919 1481 passio
965 1422 1275 1469 sanctorum
1302 1403 1497 1470 valerii
1529 1421 1583 1468 et
1618 1412 1795 1467 Ruﬁni
1837 1420 2045 1482 marty-

474 1515 615 1555 rum.

546 1591 683 1646 XVII
712 1591 845 1647 KAL.
891 1593 1153 1650 Nativitas
1191 1594 1362 1649 sancti
1388 1594 1495 1650 Viti
1520 1593 1795 1663 martyris,
1822 1592 1914 1663 qui
1949 1594 2048 1650 sub

473 1682 808 1739 Diocletiano
835 1694 891 1740 et
922 1683 1030 1757 (F.
1056 1685 1359 1758 redundat)
1389 1685 1660 1740 Antonino
1704 1685 2048 1755 imperatori-

474 1771 576 1826 bus
614 1772 809 1827 multas
849 1774 1075 1829 virtutes
1117 1784 1371 1845 operatus
1403 1762 1675 1831 esthuit
1710 1776 1854 1830 enim
1894 1784 2051 1846 pater

2141 596 2319 635 meum
2339 578 2494 648 juxta
2524 579 2967 635 Aurelianensem
2996 581 3183 635 urbem
3214 597 3245 635 a
3278 582 3507 638 Domino
3535 584 3723 642 decre-

2142 648 2257 726 tuiu
2299 681 2384 727 est
2405 672 2796 727 collocandum.
2830 692 2847 723 ι
2875 672 2974 727 Hic
3002 682 3182 727 autem
3212 683 3434 729 sanctus
3471 675 3565 729 Dei
3596 676 3720 733 dum

2143 762 2497 833 temporalem
2527 763 2692 816 vitam
2730 761 2926 827 ﬁnivit,
2964 762 3090 817 licet
3120 763 3299 833 populi
3330 764 3472 819 inter
3507 782 3565 820 se
3596 782 3723 821 con-

2142 850 2388 923 ﬂigerent
2416 853 2485 907 de
2526 853 2770 921 corporis
2807 852 2922 920 ejus
2964 854 3262 923 sepultura,
3304 855 3723 913 Aurelianenses

2144 950 2324 997 tamen
2372 942 2603 998 victores
2646 942 2698 997 id
2746 954 2928 997 secum
2981 952 3309 1012 rapuerunt;
3360 960 3527 1015 super
3574 945 3725 1014 cujus

2147 1030 2409 1085 tumulum
2456 1029 2754 1085 lliltiberus
2785 1045 2879 1084 rex
2904 1030 3240 1085 Francorum
3266 1032 3551 1087 ecclesiam
3598 1036 3723 1089 tedi-

2146 1120 2345 1188 ﬁcavit,
2379 1130 2434 1176 et
2472 1120 2777 1191 sepulcrum
2818 1121 2987 1191 ipsius
3019 1122 3271 1190 pretiosis
3298 1124 3533 1181 metallis
3573 1124 3726 1181 ador-

2146 1215 2317 1269 navit.

2221 1305 2336 1363 XJV
2363 1307 2496 1361 KAL.
2527 1307 2733 1373 Romae,
2764 1306 2931 1361 Marci
2958 1315 3014 1363 et
3039 1306 3367 1363 Marcelliani
3400 1318 3722 1381 martyrum,

2148 1399 2258 1469 qui,
2302 1399 2635 1470 temporibus
2677 1399 2993 1454 Diocletiani
3032 1408 3088 1455 et
3134 1400 3467 1468 Maximiani,
3502 1417 3602 1472 per
3634 1403 3726 1460 Se—

2147 1494 2454 1550 bastianum
2481 1494 2708 1548 militem
2734 1493 2932 1550 Christi
2964 1510 2993 1548 a
3024 1493 3390 1549 blandimento
3420 1510 3563 1549 vano
3608 1510 3728 1549 mu-

2149 1587 2341 1642 lierum
2380 1586 2638 1650 revocati,
2693 1602 2757 1642 ac
2799 1602 2932 1641 sano
2971 1588 3218 1658 dogmate
3262 1588 3583 1654 confortati,
3632 1603 3731 1658 pro

2152 1685 2368 1740 nomine
2392 1684 2595 1739 Christi
2640 1683 2783 1753 passi
2823 1691 2966 1738 sunt.
3005 1682 3204 1738 Eodem
3234 1683 3319 1737 die
3360 1683 3413 1737 in
3444 1683 3730 1738 Antiochia

2153 1777 2457 1831 celebratur
2502 1775 2681 1845 passio
2734 1773 2951 1829 Marinze
2996 1774 3241 1846 virginis,
3286 1790 3407 1844 qua:
3456 1791 3558 1845 per
3608 1772 3733 1845 Oly-

474 1860 589 1928 ejus
614 1861 776 1932 Hylas
815 1865 1052 1929 nomine,
1095 1865 1390 1935 sacrilegus
1417 1872 1471 1919 et
1516 1866 1732 1935 impius,
1766 1865 1860 1936 qui
1896 1865 2051 1935 jussu
2084 1862 2126 1920 Β
2155 1871 2329 1925 brium
2360 1867 2670 1939 praefectum
2706 1866 2873 1921 multa
2906 1874 3171 1922 tormenta
3210 1882 3372 1937 passa
3399 1874 3486 1922 est
3511 1882 3612 1937 pro
3638 1883 3734 1921 no.

475 1954 777 2024 principum
808 1955 976 2010 voluit
1005 1971 1127 2011 eum
1161 1966 1403 2010 avertere
1430 1972 1459 2010 a
1491 1956 1699 2011 cultura
1731 1972 1873 2012 verae
1916 1957 2053 2012 divi-

476 2042 679 2108 nitatis,
730 2044 824 2099 sed
873 2061 1007 2115 puer
1052 2054 1271 2102 sanctus
1298 2050 1594 2116 permansit
1630 2049 1686 2102 in
1716 2047 2054 2105 confessione

478 2145 619 2185 verae
641 2131 782 2197 ﬁdei,
805 2144 923 2187 erat
944 2134 1086 2189 enim
1115 2150 1377 2189 annorum
1401 2136 1704 2191 duodecim.
1730 2136 1864 2192 Nam
1886 2137 2053 2193 multa

479 2228 746 2275 tormenta
774 2237 870 2291 pro
891 2222 1109 2280 Christo
1140 2240 1330 2295 passus
1356 2235 1439 2281 est
1464 2242 1586 2281 cum
1618 2226 1857 2283 Modesto
1879 2228 2057 2297 parda—

478 2326 616 2383 gogo
661 2328 776 2376 suo,
826 2324 880 2368 et
906 2313 1219 2371 Crescentia
1259 2318 1529 2389 papatissa
1565 2333 1681 2372 sua.
1731 2317 1866 2373 Nam
1908 2320 2057 2375 misit

480 2419 574 2459 eos
621 2415 935 2475 persecutor
969 2408 1023 2462 in
1052 2424 1348 2475 carcerem,
1381 2420 1436 2465 et
1477 2409 1530 2465 in
1562 2411 1832 2466 clibanum
1865 2412 2057 2467 arden-

482 2506 591 2551 tem
625 2501 747 2552 cuni
792 2499 1032 2568 plumbo,
1069 2502 1249 2556 resina
1296 2509 1353 2556 et
1394 2502 1535 2573 pice,
1586 2505 1681 2558 sed
1720 2519 1825 2558 non
1875 2505 2060 2560 nocuit

482 2604 577 2645 eos
614 2592 770 2660 ignis,
818 2607 918 2648 nec
954 2592 1139 2647 leones
1168 2594 1220 2647 in
1253 2594 1359 2648 ullo
1384 2608 1479 2649 eos
1509 2609 1707 2651 nocere
1744 2604 2053 2665 potuerunt.

484 2678 783 2736 Novissime
819 2697 947 2737 vero
971 2681 1122 2751 juxta
1152 2681 1369 2737 ﬂuvium
1398 2686 1490 2753 qui
1521 2686 1716 2740 dicitur
1745 2684 1886 2742 Siler
1911 2688 2059 2756 quie—

486 2783 697 2829 scentes
738 2774 837 2829 sub
880 2776 1073 2830 arbore
1120 2776 1328 2830 animas
1375 2792 1501 2832 suas
1545 2777 1770 2834 Domino
1811 2778 2057 2835 reddide-

423 2872 428 2877 “
485 2875 630 2919 runt.

556 2957 673 3011 XVI
711 2957 844 3012 KAL.
880 2957 1117 3014 Ferreoli
1157 2960 1455 3031 presbyteri
1486 2966 1540 3015 et
1578 2959 1913 3015 Ferrutionis
1941 2960 2060 3016 dia-

487 3048 610 3102 coni
662 3049 716 3103 in
764 3048 984 3103 civitate
1029 3049 1347 3105 Visoncensi
1395 3048 1911 3123 [Vesontionensi],
1968 3049 2061 3120 qui

486 3137 585 3192 sub
616 3136 837 3193 Claudio
867 3137 1049 3205 judice
1082 3138 1150 3193 ad
1184 3139 1410 3195 trocleas
1454 3141 1659 3196 extenti
1700 3148 1753 3195 et
1788 3140 2055 3213 ﬂagellati,

2154 1962 2297 2016 mine
2324 1962 2543 2024 Christi,
2578 1958 2811 2024 vincula,
2848 1974 3115 2024 carceres,
3143 1958 3370 2028 ﬂagella,
3401 1960 3688 2028 equulenm
3714 1977 3728 2011 :

2154 2068 2316 2123 quam
2354 2063 2408 2106 et
2438 2051 2682 2107 diabolus
2724 2052 2775 2104 in
2815 2050 3061 2105 draconis
3094 2049 3273 2118 specie
3304 2049 3557 2104 similiter
3596 2057 3650 2103 et
3678 2049 3731 2103 in
3762 2070 3765 2071 ν

2154 2143 2426 2214 Αὲἒιιιὶομίδ
2472 2142 2696 2197 tentavit
2735 2127 2789 2195 et
2832 2140 3147 2195 subvertere
3173 2139 3361 2203 voluit,
3410 2139 3507 2193 sed
3538 2154 3635 2209 per
3658 2140 3735 2192 si-

2156 2250 2317 2306 gnum
2352 2241 2551 2287 sancta:
2580 2232 2757 2287 crucis
2797 2230 3064 2301 effugatus
3089 2239 3142 2284 et
3170 2238 3457 2300 superatus
3494 2239 3597 2285 est.
3623 2230 3730 2285 No-

2158 2324 2376 2379 vissime
2425 2338 2557 2377 vero
2596 2338 2693 2391 per
2737 2322 3055 2392 praedictum
3098 2319 3411 2389 praefectum
3449 2321 3735 2389 decollata,

2158 2430 2277 2471 cum
2310 2429 2465 2469 sacro
2501 2412 2761 2482 martyrio
2789 2413 2954 2465 vitam
2985 2410 3175 2465 ﬁnivit.

2228 2505 2344 2560 Xlll
2392 2504 2525 2560 ΚΜ..
2567 2504 2890 2559 Sanctorum
2919 2502 3161 2558 Cervasii
3196 2515 3250 2557 et
3281 2502 3513 2559 Protasii
3546 2504 3600 2558 in
3630 2504 3741 2562 hle-

2158 2597 2389 2659 diolano,
2439 2611 2668 2665 quorum
2715 2594 2963 2664 sepulcra
3008 2592 3345 2659 Ambrosius,
3396 2593 3626 2653 Domino
3654 2610 3741 2650 re-

2156 2686 2391 2749 velante,
2426 2686 2652 2757 reperit,
2711 2699 2773 2739 ac
2816 2684 2888 2738 ita
2924 2683 3236 2753 incorrupta
3275 2699 3463 2738 eorum
3511 2699 3739 2754 corpora

2159 2793 2224 2833 ac
2264 2779 2309 2832 si
2352 2778 2543 2832 eodem
2576 2776 2663 2831 die
2705 2775 2928 2831 fuissent
2974 2776 3469 2845 interempti:qu:e
3516 2792 3637 2832 cum
3683 2778 3736 2831 in

2158 2870 2347 2925 urbem
2401 2870 2891 2934 iutroducerentur,
2938 2868 3155 2939 quidam
3198 2869 3287 2923 diu
3329 2884 3507 2923 caecus
3552 2868 3738 2925 feretri

2161 2967 2305 3013 tactu
2342 2958 2520 3013 lumen
2552 2958 2785 3027 recepit;
2830 2957 2972 3027 passi
3012 2965 3139 3012 sunt
3166 2967 3349 3013 autem
3377 2960 3552 3013 sancti
3590 2974 3741 3014 mar~

2162 3055 2307 3119 tyres
2329 3047 2640 3112 Gervasins,
2673 3056 2727 3102 et
2749 3046 3026 3102 Protasius
3048 3047 3149 3103 sub
3186 3047 3445 3102 Astachio
3474 3047 3737 3121 [Astasio]

2162 3139 2374 3204 comite,
2403 3140 2493 3209 qui
2518 3138 2833 3209 Cervasium
2854 3138 3016 3209 jussit
3037 3139 3221 3193 tandiu
3243 3138 3535 3208 plumbatis
3563 3141 3739 3206 tundi,

486 3233 676 3288 deinde
703 3233 756 3287 in
786 3249 1064 3289 carcerem
1108 3235 1324 3301 seclusi,
1352 3243 1406 3292 et
1435 3251 1593 3292 mane
1637 3236 1931 3307 amputatis
1959 3235 2061 3289 lin-
2087 3208 2131 3270 (ἶ
2163 3244 2441 3299 Quousque
2488 3227 2736 3299 spiritum
2764 3227 3075 3292 exhalaret.
3123 3236 3178 3283 el
3212 3228 3518 3285 PPOlasillm
3560 3231 3739 3301 capite

485 3327 603 3393 guis
628 3324 994 3394 praedicabant
1014 3326 1237 3381 verbum
1272 3327 1365 3381 Dei
1396 3345 1407 3379 :
1437 3336 1557 3398 post
1593 3329 1706 3383 haec
1733 3328 1935 3382 subula:
1964 3327 2060 3382 tri-

484 3417 633 3486 ginta
676 3417 887 3486 utrique
935 3416 1112 3471 inﬁxa:
1154 3418 1206 3471 in
1251 3419 1499 3474 manibus
1537 3427 1589 3473 et
1630 3419 1857 3488 pedibus
1884 3427 1940 3474 et
1966 3433 2060 3489 pe-

484 3515 632 3559 ctore
660 3519 673 3557 :
706 3505 773 3558 ad
810 3504 1054 3559 ultimum
1089 3504 1263 3576 gladio
1301 3506 1589 3560 feriuntur.
1631 3505 1698 3559 Et
1746 3507 1800 3561 in
1839 3506 2059 3563 civitate

485 3594 824 3667 Moguntiaco
874 3595 1052 3663 passio
1099 3604 1411 3651 sanctorum
1468 3596 1631 3650 Aurei
1684 3597 1961 3666 episcopi,
2006 3603 2060 3652 et

481 3686 708 3746 Iustina:
729 3690 930 3745 sororis
962 3694 1101 3760 ejus,
1127 3688 1215 3759 qui
1245 3688 1312 3743 ab
1336 3686 1544 3744 llunnis
1567 3687 1903 3746 vastantibus
1922 3680 2060 3762 prte-

485 3782 684 3837 dictam
713 3783 984 3837 civitatem
1013 3783 1067 3836 in
1096 3781 1321 3837 ecclesia
1341 3783 1504 3837 occisi
1538 3791 1683 3837 sunt.

559 3873 650 3927 XV
674 3871 807 3927 KAL.
842 3873 897 3926 ln
922 3872 1223 3927 Aurelianis
1246 3873 1461 3927 civitate
1481 3874 1652 3928 sancti
1680 3873 1823 3927 Aviti
1846 3874 2063 3945 presby-

491 3962 608 4022 teri,
641 3962 793 4030 cujus
816 3964 923 4017 vita
951 3962 1225 4017 miraculis
1250 3964 1588 4019 eoruscabat.
1619 3963 1753 4019 Nam
1776 3963 1897 4020 ideo
1922 3966 2058 4020 scri-

484 4061 636 4122 ptum
681 4060 765 4107 est
811 4052 953 4122 quod
1004 4053 1057 4107 in
1096 4054 1374 4108 nativitate
1417 4054 1533 4125 ejus
1579 4054 1759 4110 lumen
1810 4055 1876 4110 de
1922 4056 2061 4111 coelo

486 4145 743 4199 etnissum
770 4153 935 4208 esset,
965 4154 1023 4199 ut
1052 4152 1296 4199 sanctum
1339 4159 1459 4198 eum
1491 4145 1905 4215 demonstraret.
1936 4143 2058 4211 llic,

487 4235 783 4292 monachus
820 4233 1012 4298 factus,
1065 4235 1404 4291 solitudinem
1437 4235 1726 4304 expetivit;
1770 4235 1841 4289 ibi
1892 4235 2060 4288 mira-

486 4325 624 4383 culis
675 4324 832 4384 faCtls
884 4326 1095 4401 pupulis
1149 4340 1307 4380 verus
1359 4324 1448 4381 Dei
1508 4322 1738 4379 famulus
1792 4325 2056 4392 innotuit,

487 4429 671 4491 postea
720 4436 844 4476 vero
881 4420 1267 4477 monasterium
1293 4416 1361 4477 ibi
1399 4415 1698 4476 construxit
1732 4435 1745 4474 :
1776 4418 1879 4473 iste
1920 4432 2057 4491 que-

487 4528 591 4581 que
638 4514 921 4581 quemdam
976 4511 1296 4569 monachum
1342 4514 1653 4569 defunctum
1694 4515 1745 4568 in
1792 4513 2055 4579 ecclesia,

487 4602 697 4656 ameris
730 4600 988 4657 fratribus
1028 4616 1216 4656 somno
1261 4602 1517 4669 gravatis,
1564 4602 1805 4657 oratione
1844 4600 1960 4655 fusa
1989 4601 2056 4655 ad

487 4692 771 4747 Dominum
819 4709 849 4747 a
898 4701 1071 4747 morte
1117 4694 1415 4748 suscitavit.
1465 4692 1675 4748 interea
1723 4692 1943 4763 quidam
1992 4706 2058 4747 ex

488 4780 733 4837 Turiensi
778 4793 980 4849 castro,
1024 4791 1122 4853 pro
1148 4782 1263 4853 ejus
1305 4784 1583 4854 plebicul:e
1610 4785 1803 4848 salute,
1845 4800 2060 4840 eorum-

486 4888 590 4943 que
616 4873 879 4945 legatioae
921 4873 1155 4945 (unguis
1184 4875 1249 4928 ad
1288 4882 1532 4928 sanctum
1573 4874 1790 4929 Avitum
1835 4875 2059 4931 devotus

485 4965 733 5029 accessit,
770 4965 1063 5021 obsecrans
1091 4975 1224 5019 eom‘
1239 4974 1297 5019 ut
1322 4979 1516 5034 corpus
1549 4981 1702 5021 suum
1730 4967 1799 5021 ob
1835 4968 2056 5022 tutelam

485 5054 589 5110 loci
620 5055 787 5123 ipsius
826 5056 991 5110 castri
1023 5056 1131 5111 illic
1176 5052 1493 5115 «Incedere:
1522 5056 1892 5115 tvmulandum
1927 5059 2055 5113 :cui

485 5147 699 5218 dignam
726 5146 985 5203 fabricam
1023 5151 1194 5205 modis
1218 5146 1469 5206 omnibus
1495 5150 1705 5209 nomini
1724 5166 1827 5210 suc
1851 5151 2055 5227 prem?

484 5240 555 5295 sit
593 5238 1031 5296 eeustruendam.
1072 5240 1141 5294 At
1169 5240 1256 5295 ille
1282 5242 1704 5312 indignu'ﬂiesse
1731 5244 1931 5303 fatetur
1959 5248 2055 5303 ho-

485 5331 683 5386 minem
739 5338 1099 5401 peccassem,
1153 5347 1217 5388 ac
1263 5333 1444 5389 multis
1486 5324 1805 5392 criminibus
1844 5339 2053 5395 involu-

487 5428 622 5485 tum,
674 5423 774 5476 sub
818 5425 1129 5495 templorum
1182 5424 1413 5497 tegmine
1457 5425 1875 5493 recondendum,
1922 5430 2053 5499 quin

483 5512 663 5582 potius
689 5513 890 5583 campis
914 5516 1217 5583 patentibus
1246 5517 1313 5570 ad
1342 5512 1574 5570 ﬁrturam
1600 5519 2052 5574 exanimationem

482 5618 605 5658 ossa
638 5602 913 5658 humiliata
948 5605 1134 5661 tellure
1170 5606 1270 5659 sub
1300 5605 1441 5661 fossa
1483 5606 1672 5662 deccat
1707 5610 2047 5676 reponenda;

484 5693 724 5764 dixitque
766 5694 839 5749 illi
869 5714 883 5749 :
916 5714 935 5746 ι
965 5696 1165 5752 Tamen
1206 5706 1266 5751 ut
1303 5696 1482 5751 cordis
1511 5698 1676 5752 vestri
1722 5699 1865 5768 quod
1903 5706 2054 5769 optat

487 5784 731 5841 voluntas
757 5786 1019 5851 obtineat,
1066 5787 1320 5856 templum
1358 5786 1408 5840 in
1448 5788 1538 5842 Dei
1583 5787 1821 5855 nouiine,
1854 5788 1899 5843 si
1930 5804 2053 5858 pera

2164 3320 2326 3385 caedi;
2360 3333 2588 3388 quorum
2634 3327 2787 3389 pater
2814 3317 3006 3373 Vitalis
3050 3318 3167 3384 fuit,
3199 3328 3252 3374 et
3296 3330 3472 3375 mater
3500 3321 3736 3377 Valeria.

2160 3409 2436 3474 Paulinus,
2486 3408 2787 3464 consularis
2811 3409 2915 3475 vir,
2939 3408 3102 3478 jussit
3144 3418 3391 3465 sanctum
3424 3410 3650 3467 Vitalem
3685 3414 3741 3468 in

2161 3503 2390 3574 equuleo
2413 3503 2664 3573 suspendi
2687 3512 2741 3557 et
2780 3504 2832 3557 in
2864 3512 3087 3574 puteum
3114 3503 3325 3574 projici,
3376 3515 3433 3561 et
3477 3506 3560 3560 sic
3598 3507 3744 3562 Deus

2162 3593 2390 3649 Vitalem
2418 3603 2707 3663 martyrem
2737 3596 3093 3650 consecravit.
3142 3594 3351 3651 Valeria
3375 3607 3556 3651 autem
3592 3606 3742 3653 tenta

2160 3692 2244 3737 est
2271 3698 2300 3737 θ
2328 3683 2573 3746 Dominis,
2601 3690 2655 3739 et
2700 3686 2881 3740 tandiu
2916 3684 2987 3741 ab
3027 3686 3132 3743 illis
3168 3702 3303 3745 caesa
3336 3698 3454 3756 est,
3498 3689 3570 3742 ita
3596 3697 3653 3741 ut
3685 3690 3743 3744 in

2161 3780 2340 3833 triduo
2366 3779 2626 3850 migraret
2651 3780 2719 3835 ad
2744 3778 3039 3835 Clu-istum.
3070 3778 3255 3835 Romae
3287 3781 3544 3835 nativus:
3589 3777 3741 3836 Ursi-

2160 3871 2267 3925 cini
2296 3872 2571 3941 martyris.

2230 3960 2321 4014 ΧΙΙ
2350 3959 2483 4015 ΚΜ..
2517 3960 2825 4017 Translatio
2854 3962 3025 4017 sancti
3056 3962 3286 4017 Zenonis
3316 3962 3595 4032 martyris.

2231 4050 2299 4106 Xl
2325 4052 2457 4108 KAL.
2507 4053 2563 4108 ln
2587 4053 2859 4125 Moguntia
2894 4056 3091 4110 natalis
3122 4054 3310 4110 Albani
3342 4054 3619 4125 martyris,
3646 4054 3742 4123 qui

2161 4143 2261 4199 sub
2288 4142 2592 4199 Theodosio
2618 4146 2944 4215 imperatore
2970 4145 3036 4200 de
3062 4144 3230 4200 insula
3257 4142 3474 4199 Namsia
3505 4158 3742 4213 pergens

2160 4248 2284 4288 cum
2324 4242 2510 4289 sancto
2534 4232 2838 4289 Theonesto
2883 4244 2937 4289 et
2990 4234 3129 4290 Urse
3170 4232 3530 4288 Mediolanum
3568 4232 3741 4297 venit,

2159 4323 2391 4393 indeque
2418 4323 2627 4390 exiens,
2648 4325 2943 4381 auxiliante
2969 4326 3220 4389 Domino,
3244 4323 3496 4394 pervenit
3522 4324 3591 4377 ad
3612 4321 3744 4378 Gal-

2159 4412 2279 4482 lias,
2309 4424 2364 4472 et
2396 4414 2450 4469 in
2487 4414 2711 4471 servitio
2752 4416 2848 4471 Dei
2896 4431 3120 4471 manens
3163 4415 3230 4469 ad
3276 4414 3600 4485 martyrium
3641 4427 3748 4482 pro

2160 4510 2378 4563 nomine
2423 4507 2723 4563 Salvateris
2766 4516 3067 4577 promptus.
3118 4505 3410 4575 Postquam
3465 4512 3646 4559 autem
3690 4505 3745 4558 in

2159 4600 2400 4669 Augusta
2438 4599 2659 4654 civitate
2705 4599 2899 4654 beatus
2936 4597 3106 4654 Ursus
3150 4596 3473 4667 martyrium
3512 4596 3745 4665 accepit,

2161 4688 2499 4745 'l‘beonestus
2559 4705 2683 4744 eum
2736 4687 2942 4745 Albano
2996 4690 3394 4759 Moguntiacum
3456 4688 3749 4757 pervenit,

2160 4779 2394 4849 dumque
2432 4780 2503 4835 ibi
2532 4779 2861 4849 praedicam
2880 4780 3106 4833 verbum
3137 4779 3249 4841 Dei,
3281 4777 3546 4841 Albanus,
3586 4775 3752 4830 disci-

2157 4882 2315 4942 putu:
2362 4866 2501 4941 ejus,
2540 4865 2875 4933 ῐηαηνενςιεω
2891 4867 3144 4943 explevit,
3195 4875 3251 4921 et
3275 4864 3519 4935 sepultus
3552 4874 3637 4918 est
3676 4864 3755 4918 ibi

2152 4960 2309 5032 juxta
2339 4963 2635 5019 civitatem.

2232 5052 2278 5105 Χ
2309 5053 2442 5108 Kac.
2490 5052 2675 5111 Jacobi
2723 5058 2928 5129 Αιριηεί
2969 5042 3231 5133 θιρωιοιί,
3273 5055 3329 5099 et
3377 5045 3447 5133 in,
3473 5042 3756 5133 Britannia

2160 5146 2331 5202 sancti
2384 5144 2576 5199 Albani
2630 5151 2917 5220 martyris,
2978 5132 3071 5224 qui
3122 5148 3377 5212 tempore
3433 5132 3758 5186 θίοθιθῑίληῖ

2156 5248 2209 5300 in
2260 5236 2567 5300 ξ’ἑτεέηπηίο
2613 5240 2861 5308 civitate,
2918 5255 3038 5314 post
3088 5241 3336 5305 verbo.“
3381 5232 3437 5279 θί
3482 5232 3757 5278 mrum":

2157 5334 2370 5403 acerba,
2416 5335 2596 5405 capite
2641 5330 2829 5406 βιαιως
2876 5342 2993 5389 est:
3024 5339 3118 5393 sed
3168 5339 3258 5396 illo
3300 5343 3352 5397 in
3428 5322 3760 5406 m’mmg‘?"

2157 5426 2336 5493 dente,
2362 5404 2502 5482 oculi
2541 5404 2660 5496 ejus
2685 5427 2780 5499 qui
2810 5442 2932 5485 eum
2956 5432 3244 5501 percussit,
3285 5436 3487 5504 pariter
3550 5404 3762 5504 “aside.

2156 5529 2283 5574 runt
2310 5538 2323 5572 :
2357 5535 2547 5589 passus
2571 5529 2654 5576 est
2684 5536 2807 5577 cum
2859 5520 2950 5577 illo
2975 5523 3136 5578 etiam
3182 5540 3319 5581 unus
3348 5527 3413 5581 de
3443 5495 3760 5582 milituws’

2154 5624 2219 5663 eo
2240 5610 2382 5678 quod
2420 5625 2544 5664 eum
2593 5610 2757 5666 ferire
2802 5612 3036 5666 noluerit
3075 5612 3277 5682 jussus,
3318 5615 3507 5671 divino
3543 5617 3730 5687 utique

2152 5699 2473 5768 perterritus
2495 5700 2777 5767 miraculo,
2804 5702 2925 5773 quia
2956 5703 3163 5758 viderat
3184 5706 3399 5760 beatum
3430 5716 3729 5777 martyrem

2155 5789 2278 5853 sibi,
2307 5793 2432 5844 dum
2472 5790 2537 5845 ad
2566 5805 2824 5846 coronam
2868 5793 3110 5863 martyrii
3153 5802 3487 5865 properaret,
3520 5794 3735 5850 alveum
