3924 6356
163 397 286 457 11ἔῦ

1457 398 2086 456 MARTYROLOGIUM.

3262 400 3399 460 H55

159 512 318 572 amnis
357 510 660 582 interpositi
687 513 901 570 orando
939 510 1374 568 transmeabilcm
1405 511 1721 566 reddidisse.
1752 515 1800 572 Α
1830 519 2071 582 tempore
2101 510 2444 580 pontificatus
2487 511 2570 568 sui
2604 513 2769 568 multa
2798 513 3050 585 dogmata
3074 512 3224 570 utilia
3253 512 3404 585 fecit,

160 613 208 667 in
235 603 442 660 civitate
462 618 592 659 vero
616 600 755 659 Nola
786 603 980 660 natalis
1003 603 1212 659 Paulini
1231 602 1465 672 episcopi
1498 610 1554 656 ct
1589 616 1720 655 con-

159 696 398 762 fessoris,
451 697 517 752 de
569 710 674 765 quc
733 679 1026 769 Grcgoi-ius
1075 697 1130 752 in
1181 694 1323 751 libro
1378 694 1724 765 Dialogorum

158 797 345 844 narrat.

221 874 284 932 IX
318 877 449 934 KaL.
477 877 694 935 Sancta:
743 880 1044 952 Edildrydte
1093 879 1468 953 [Edildrudis]
1501 879 1727 947 virginis

154 976 203 1021 ct
228 966 419 1038 regina:
465 968 517 1020 in
551 967 858 1036 Britannia,
905 968 1058 1038 cujus
1088 984 1308 1039 corpus,
1338 984 1460 1024 cum
1491 968 1726 1023 sedecim

155 1060 297 1118 annis
339 1052 482 1116 cssei
538 1062 829 1132 sepultum,
881 1062 1252 1132 incorruptum
1298 1071 1382 1117 est
1429 1061 1724 1116 inventum.

158 1153 333 1224 Vigilia
361 1155 539 1210 sancti
574 1153 798 1209 Joannis
823 1153 1102 1224 Baptistae.

217 1259 342 1318 Vlll.
393 1264 529 1319 ΚΑΙ..
581 1263 848 1318 Nativitas
891 1263 1245 1334 praecursoris
1294 1262 1528 1327 Domini,
1574 1270 1630 1316 et
1673 1261 1728 1316 in

155 1349 365 1422 Epheso
404 1353 715 1410 dormitatio
756 1352 931 1408 sancti
974 1351 1196 1407 Joannis
1225 1351 1452 1422 apostoli
1475 1361 1530 1406 et
1559 1366 1729 1407 evan-

153 1445 369 1516 gelista.
405 1446 611 1511 Romze,
644 1444 828 1510 Fusci,
857 1442 1050 1500 Luceae
1080 1459 1204 1500 cum
1234 1443 1356 1498 aliis
1382 1443 1570 1514 viginti
1598 1441 1726 1498 duo.

155 1538 208 1590 ln
246 1536 460 1590 civitate
503 1535 893 1604 Augustoduno
918 1533 1182 1602 depositio
1205 1532 1379 1587 sancti
1407 1530 1691 1602 Simplicii.

219 1625 305 1681 Vll
351 1625 486 1680 KAL.
537 1624 960 1689 Thessalonicae,
996 1623 1188 1696 Bigati,
1229 1620 1478 1677 Cantani.
1521 1622 1725 1688 Romae,

153 1715 324 1772 Lucize
349 1715 576 1787 virginis
605 1723 659 1770 et
681 1717 859 1772 Aceiae
884 1715 1046 1784 regis.

224 1829 288 1885 Vl
333 1829 466 1924 lita.
505 1827 734 1924 Joannis
751 1837 805 1884 et
834 1827 987 1924 Pauli
1016 1826 1244 1924 Romae,
1264 1843 1492 1924 quorum
1519 1828 1729 1924 primus
1756 1844 1808 1914 ’Β

154 1922 487 1994 pmpositus,
535 1921 805 1976 secundus
833 1920 936 1976 fuit
973 1920 1337 1990 primicerius,
1366 1919 1734 1977 Constantina:

153 2013 372 2086 virginis
429 2011 553 2067 filiae
602 2010 964 2076 Constantini,
1012 2011 1101 2079 qui
1141 2018 1328 2080 postea
1375 2009 1476 2065 sub
1521 2009 1734 2064 Juliano

157 2105 470 2175 martyrium
508 2103 702 2173 capitis
749 2102 1082 2158 abscissione
1130 2111 1464 2167 meruerunt,
1510 2115 1608 2172 per
1634 2101 1737 2156 Te-

157 2193 455 2247 rentianum
503 2192 986 2263 campiductorem,
1034 2189 1128 2261 qui
1165 2191 1360 2247 deinde
1393 2190 1735 2246 Christianus

157 2281 330 2338 factus
359 2291 460 2338 est.

225 2390 268 2443 V
297 2392 429 2448 KAL.
463 2392 706 2449 inventio
736 2408 1022 2463 corporum
1053 2400 1368 2449 sanctorum
1400 2391 1650 2448 Fusciani
1680 2401 1736 2448 et

163 2480 429 2545 Victorlci,
476 2489 639 2552 atque
675 2481 927 2536 Gentiani
967 2491 1292 2552 martyrum,
1333 2497 1453 2552 quae
1497 2483 1736 2542 revelata

156 2579 276 2624 sunt
316 2569 577 2640 Lupicino
622 2571 1065 2628 Ambianensium
1111 2573 1450 2644 presbytero,
1479 2573 1570 2642 qui
1612 2588 1736 2628 cum

156 2671 344 2718 sancto
389 2662 703 2728 Honoratio,
747 2663 988 2732 ejusdem
1017 2663 1254 2720 civitatis
1280 2663 1555 2734 episcopo,
1593 2663 1738 2734 ipsas

157 2751 412 2822 reliquias
441 2752 656 2824 collegit
683 2762 738 2807 et
780 2755 842 2808 in-
871 2754 991 2810 loco
1024 2757 1152 2825 apto
1179 2754 1359 2824 posuit
1381 2772 1410 2808 σε
1434 2769 1570 2824 quas
1611 2755 1738 2810 licet

158 2844 338 2903 Hilder
363 2846 382 2920 [
404 2846 765 2919 Hildericus],
786 2863 885 2903 rex
907 2847 1243 2903 Francorum
1269 2848 1333 2902 ad
1355 2863 1416 2904 se
1440 2846 1739 2904 transferre

157 2937 337 3002 vellet,
381 2945 563 2993 tamen
604 2940 730 3009 quia
760 2954 866 2995 non
893 2939 1087 3010 potuit,
1135 2947 1418 3010 propterea
1463 2940 1516 2994 in
1547 2939 1738 3011 eodem

155 3026 274 3083 loco
303 3027 567 3084 aedificata
591 3028 838 3093 basilica,
863 3029 979 3098 ipsa
1007 3029 1305 3084 honorifice
1329 3029 1595 3098 sepelivit.
1628 3029 1735 3086 Eo-

157 3117 280 3173 dem
308 3118 393 3174 die
420 3119 475 3173 in
506 3119 740 3190 Ephesio
771 3117 791 3192 [
815 3118 1064 3191 Epheso]
1105 3120 1322 3175 civitate
1351 3118 1619 3179 festivitas
1644 3134 1734 3175 ce-

154 3207 397 3265 lebratur
448 3219 655 3280 septem
706 3209 935 3266 fratrum
988 3212 1407 3277 dormientium,
1460 3212 1562 3266 hoc
1613 3221 1736 3276 est,
1765 3197 1811 3260 C

152 3299 466 3354 Maximiani
497 3309 553 3355 et
579 3300 805 3365 Malchi,
858 3299 1108 3355 Martiani
1153 3298 1582 3372 [Martiniani],
1613 3300 1738 3354 Dio-

152 3393 316 3463 nysii,
349 3391 593 3458 Joannis,
646 3391 977 3463 Serapionis,
1029 3391 1390 3456 Constantini,
1431 3390 1523 3460 qui
1553 3389 1738 3444 Decia-

151 3498 278 3537 nam
320 3484 750 3554 persecutionem
794 3482 1057 3553 fugientes
1090 3490 1211 3552 post
1258 3479 1426 3535 multa
1470 3486 1737 3534 tormenta

148 3571 406 3644 fugerunt
447 3574 503 3628 in
531 3575 844 3644 Speluncam
885 3574 1142 3645 grandem
1171 3573 1223 3627 in
1264 3581 1445 3626 monte
1470 3571 1652 3636 Celeo,
1684 3557 1740 3624 et

147 3663 222 3718 ibi
260 3664 318 3718 in
368 3664 613 3720 oratione
658 3665 874 3720 assidua
925 3675 1268 3730 manserunt;
1322 3663 1468 3734 quod
1515 3664 1740 3720 audiens

148 3755 350 3809 Decius
377 3755 684 3824 imperator,
727 3755 888 3824 jussit
911 3754 1117 3810 obstrui
1143 3769 1206 3810 os
1240 3755 1534 3823 speluncae,
1575 3756 1736 3810 utibi

146 3845 456 3899 interirent.
498 3837 739 3900 Mortuus
783 3853 869 3898 est
906 3844 1100 3899 Decius
1143 3845 1437 3917 imperator
1471 3852 1528 3900 et
1560 3845 1739 3900 omnis

141 3936 427 4006 generatio
455 3935 568 4000 illa,
599 3943 655 3989 et
683 3943 1046 4004 regnaverunt
1084 3935 1174 3990 alii
1203 3936 1577 4005 imperatores.
1609 3935 1739 3991 Post
1803 3941 1816 3965 ἐ
1837 3951 1986 4020 ερορὶ
2012 3958 2069 4004 ει
2086 3949 2437 4015 confessoris,
2468 3959 2522 4006 ει
2547 3952 2814 4014 dedicatio
2837 3952 3290 4024 basilicm'ipsius.

145 4034 425 4081 trecentos
453 4041 581 4097 ergo
611 4023 953 4096 septuaginta
978 4033 1033 4080 et
1074 4026 1209 4080 duos
1254 4041 1446 4092 annos,
1483 4027 1586 4081 hoc
1628 4033 1734 4092 est,

144 4117 430 4172 tricesimo
475 4126 666 4170 octavo
710 4130 852 4169 anno
888 4114 1099 4185 imperii
1137 4113 1450 4180 Theodosii,
1502 4113 1595 4170 filii
1635 4114 1739 4168 Ar-

140 4208 290 4266 cadii
322 4207 687 4278 imperatoris,
730 4205 945 4276 quando
973 4205 1254 4277 pullulavit
1281 4207 1524 4272 haeresis,
1552 4207 1737 4263 volens

141 4315 418 4358 evacuate
463 4314 611 4370 spem
653 4298 775 4354 fidei
812 4306 868 4353 et
909 4298 1324 4354 resurrectionis
1367 4291 1734 4364 mortuorum,

142 4394 248 4465 ipsi
280 4401 488 4463 septem
517 4391 729 4453 fratres,
772 4390 864 4460 qui
896 4390 951 4443 in
986 4390 1244 4460 praedicta
1274 4389 1527 4459 spelunca
1565 4403 1736 4460 usque

142 4485 216 4540 ad
275 4484 408 4538 illud
470 4491 680 4554 tempus
737 4477 1126 4550 quiescebant,
1181 4480 1429 4536 suscitati
1485 4488 1612 4534 sunt
1668 4481 1736 4535 de

1824 613 1881 660 et
1903 619 2120 660 errores
2146 605 2337 660 noxios
2372 607 2440 661 ab
2465 606 2700 661 Ecclesia
2727 607 2819 661 Dei
2847 606 3070 678 expulit.

1889 695 1955 750 ΙΙΙ
1986 695 2124 750 ΚΑι..
2154 695 2338 750 Romae
2373 697 2554 766 passio
2583 705 2892 752 sanctorum
2917 696 3277 766 apostolorum
3299 695 3404 756 Pe-

1824 785 1893 840 tri
1923 797 1976 840 et
2007 785 2184 852 Pauli,
2211 787 2326 855 qui,
2377 787 2476 842 sub
2511 785 2722 841 Nerone
2765 787 3088 856 imperatore
3128 786 3406 844 Simonem

1825 873 2036 948 Magum
2079 878 2375 943 vincentes,
2417 893 2522 932 uno
2565 878 2861 945 eodemque
2899 877 2985 932 die
3029 893 3127 947 pro
3184 879 3404 934 nomine

1824 967 2024 1024 Christi
2046 971 2190 1040 passi
2219 978 2362 1025 sunt.
2391 969 2504 1024 Hoc
2533 977 2618 1024 est
2654 968 2808 1038 jussu
2846 970 3085 1039 prmdicti
3122 970 3406 1040 imperato-

1826 1061 1903 1116 ris
1943 1063 2292 1131 nequissimi,
2333 1060 2526 1117 Petrus
2566 1062 2711 1116 cruci
2748 1061 2937 1115 afﬁxus
2973 1074 3089 1126 est,
3119 1070 3175 1116 et
3208 1060 3408 1118 Paulus

1827 1155 2004 1224 capite
2035 1154 2244 1223 plexus.

1896 1245 1938 1299 ll
1968 1244 2100 1299 KAL.
2133 1245 2191 1298 lu
2219 1244 2534 1315 Agrippina,
2577 1245 2832 1315 Asclepii,
2868 1245 3174 1317 Pamphili;
3224 1258 3279 1304 et
3305 1248 3410 1304 Le-

1827 1335 2070 1392 modicas
2102 1332 2479 1406 [Lemovicis]
2506 1336 2770 1405 depositio
2811 1337 2983 1392 sancti
3009 1337 3269 1394 Martialis
3295 1340 3412 1410 cpi-

1829 1425 1977 1496 scopi
2003 1434 2058 1480 et
2081 1423 2428 1481 confessoris.

2408 1561 2806 1638 JULIUS.

1898 1689 2035 1746 Kan.
2066 1691 2230 1748 Juut.
2266 1694 2322 1749 ln
2349 1704 2534 1750 monte
2576 1695 2686 1749 Hor
2713 1690 2982 1766 depositio
3011 1696 3188 1751 Aaron
3229 1712 3412 1752 sacer-

1831 1779 1993 1834 dotis.
2043 1781 2246 1837 Eodem
2291 1783 2376 1838 die
2426 1784 2608 1838 Romae
2657 1793 2849 1840 octava
2906 1785 3119 1841 Luccia:
3164 1786 3407 1854 virginis.

1971 1870 2287 1937 timonialis,
2329 1888 2452 1928 cum
2475 1874 2673 1928 Auceia
2705 1889 2830 1945 rege
2864 1891 3063 1944 Sponso
3091 1892 3208 1943 suo,
3237 1886 3290 1931 et
3316 1891 3410 1930 na-

1839 1959 1946 2014 tale
1971 1959 2168 2015 Arelcfi
2208 1959 2560 2029 confessoris,
2601 1963 2724 2033 qui,
2772 1964 2840 2018 ab
2865 1965 3088 2019 infantia
3121 1966 3232 2021 Deo
3260 1966 3414 2022 dedi-

1837 2055 1946 2114 tus,
1982 2051 2336 2106 monasticam
2377 2052 2543 2107 vitam
2574 2055 2851 2123 expetivit.
2893 2063 2948 2109 et
2975 2071 3004 2109 a
3027 2064 3215 2111 sancto
3243 2056 3414 2112 Maxi-

1837 2137 1985 2192 mino
2019 2137 2394 2196 Aurelianensi
2436 2142 2690 2212 episcopo
2729 2143 2888 2198 simul
2931 2160 3052 2199 cum
3083 2145 3240 2201 Avito
3267 2147 3414 2206 socio

1837 2229 2121 2297 presbyter
2162 2230 2443 2287 ordinatus
2487 2236 2654 2287 vitam
2708 2234 3006 2289 solitariam
3061 2236 3412 2303 desiderans,

1837 2320 2168 2374 monasteria
2196 2320 2252 2374 in
2282 2322 2510 2378 diversis
2535 2323 2667 2379 locis
2710 2325 3007 2400 aedificans,
3035 2327 3216 2381 multis
3242 2328 3409 2383 virtu-

1839 2408 1984 2463 tibus
2029 2417 2156 2464 antc
2181 2410 2389 2466 obitum
2416 2419 2471 2468 et
2497 2422 2620 2484 post
2657 2415 2865 2470 obitum
2913 2431 3068 2471 suum
3105 2415 3320 2482 claruit,
3361 2425 3420 2474 et

1839 2500 2102 2554 sanctitas
2125 2499 2242 2569 ejus
2259 2501 2506 2570 plurimis
2532 2503 2755 2572 profuit.

1911 2589 1977 2644 Ν
1999 2589 2132 2644 Non.
2160 2591 2366 2657 Roma},
2393 2592 2641 2649 Processi
2667 2604 2722 2649 et
2743 2595 3068 2660 Martiniani,
3088 2597 3179 2668 qui
3207 2606 3413 2670 tempo-

1839 2678 1994 2734 ribus
2020 2678 2249 2736 Nemnis
2285 2681 2627 2752 imperatoris
2655 2687 2799 2755 passi
2843 2696 2988 2741 sunt.
3035 2686 3168 2742 Nam
3206 2689 3332 2743 dum
3364 2689 3418 2743 in

1839 2770 2084 2826 custodia
2123 2772 2269 2827 beati
2313 2773 2508 2829 Petrus
2546 2784 2600 2830 et
2633 2775 2829 2831 Paulus
2867 2777 3096 2846 apostoli
3131 2792 3161 2830 a
3189 2776 3418 2834 Paulino

1839 2859 2095 2930 praefecto
2130 2863 2508 2929 servabantur,
2552 2864 2606 2919 hi
2628 2865 2736 2920 duo
2776 2866 2877 2920 viri
2913 2867 3156 2924 videntes
3188 2869 3421 2926 mirabi-

1839 2950 1909 3004 lia
1936 2967 2057 3022 qua:
2093 2952 2320 3021 apostoli
2360 2952 2562 3008 Christi
2607 2953 2872 3019 fecerunt,
2904 2958 3153 3012 conversi
3190 2966 3320 3013 sunt
3348 2959 3418 3013 ad

1840 3043 2000 3098 fidem
2027 3044 2248 3109 Christi,
2277 3055 2332 3101 et
2356 3062 2388 3101 a
2415 3046 2572 3103 beato
2599 3047 2761 3102 Petro
2800 3050 3045 3120 apostolo
3081 3062 3209 3108 sunt
3243 3054 3421 3125 bapti-

1842 3135 1969 3188 zati.
2021 3133 2132 3190 Hos
2176 3150 2390 3206 quoque
2424 3136 2554 3192 dum
2592 3139 2877 3208 praedictus
2923 3139 3182 3199 Paulinus
3229 3160 3262 3200 a
3315 3147 3422 3202 fide

1841 3240 1971 3280 vera
2014 3235 2261 3282 avertere
2289 3227 2564 3292 voluisset,
2610 3238 2665 3282 et
2704 3244 2808 3283 non
2848 3239 3055 3298 posset,
3096 3232 3223 3287 licet
3253 3234 3420 3290 multa

1842 3324 2107 3373 tormenta
2126 3320 2206 3374 eis
2228 3319 2469 3384 fecisset,
2491 3319 2558 3374 ad
2583 3328 2883 3375 extremum
2911 3322 3088 3390 gladio
3114 3333 3289 3394 capita
3309 3325 3416 3394 jus-

1839 3408 1910 3463 sit
1940 3409 2231 3478 amputari.
2267 3409 2334 3463 Et
2374 3409 2435 3464 in
2458 3407 2693 3464 Turonis
2722 3411 2988 3481 depositio
3017 3423 3218 3468 sanctze
3249 3414 3426 3470 Mone-

1839 3499 2031 3570 gunda:
2061 3500 2304 3571 virginis.

1911 3587 1957 3668 Υ
1983 3587 2119 3644 Non.
2167 3587 2471 3647 Translatio
2509 3591 2728 3660 Thomas
2769 3593 2997 3661 apostoli
3041 3595 3094 3649 in
3140 3593 3398 3652 Edessam

1838 3669 2039 3736 Passus
2058 3695 2186 3736 vero
2218 3682 2275 3736 in
2305 3681 2451 3736 ludia
2479 3689 2582 3737 est.

1907 3765 1976 3822 iV
2007 3765 2140 3824 Non.
2165 3768 2220 3822 in
2252 3767 2444 3833 Gallia,
2471 3769 2702 3824 Turonis
2727 3771 2966 3837 civitate,
3007 3773 3276 3830 ordinatio
3309 3777 3423 3847 epi-

1838 3868 2094 3930 scopatus
2128 3869 2185 3915 et
2223 3861 2507 3916 translatio
2547 3863 2790 3932 corporis
2837 3866 3009 3918 sancti
3049 3864 3264 3921 Martini
3305 3869 3419 3936 epi-

1908 4039 1973 4094 lll
2003 4039 2138 4094 Non.
2185 4039 2244 4094 In
2272 4038 2456 4094 Sicilia
2482 4040 2677 4094 natalis
2711 4041 3012 4110 Agathonis
3044 4051 3100 4096 et
3141 4042 3424 4114 Triphenm

1839 4129 2296 4204 [Triphinte];et
2336 4131 2389 4186 in
2431 4125 2637 4196 Tomis,
2685 4130 2902 4198 Marini,
2951 4131 3212 4188 Theodoti
3238 4141 3294 4190 et
3323 4135 3426 4192 So-

1837 4222 2027 4292 dephae
2055 4219 2352 4293 [Sedophze
2373 4219 2414 4294 ].

1907 4310 1948 4371 ll
1990 4310 2124 4367 Nos.
2165 4310 2315 4366 lsaize
2360 4312 2662 4381 prophetae,
2706 4319 2762 4368 et
2801 4320 2992 4366 octava
3028 4313 3415 4382 apostolorum.

1837 4401 2038 4457 Eodem
2064 4401 2152 4457 die
2178 4403 2442 4472 depositio
2463 4410 2548 4458 est
2570 4402 2713 4458 beati
2736 4401 2927 4458 Goaris
2947 4394 3293 4470 confessoris,
3319 4408 3411 4478 qui

1842 4492 1895 4546 in
1925 4492 2200 4562 provincia
2231 4493 2536 4563 Aquitaniae
2564 4501 2716 4549 ortus
2757 4493 3087 4564 temporibus
3127 4495 3422 4553 Hildeberti

141 4588 347 4630 somno
370 4553 708 4642 longissimo,
754 4579 809 4627 et
845 4564 968 4625 cum
1001 4571 1053 4624 in
1088 4570 1430 4640 praesentiam
1457 4569 1733 4624 hominum

1849 4553 1984 4654 regis
2007 4553 2364 4647 Francorum;
2391 4583 2575 4638 statim
2599 4582 2670 4652 ab
2697 4553 2921 4638 infantia
2942 4598 3102 4638 verus
3125 4584 3218 4638 Dei
3248 4583 3423 4640 cultor

141 4665 300 4722 illius
323 4664 422 4719 αξνί
463 4663 681 4718 adducti
725 4669 883 4727 sunt,
916 4661 1235 4732 apprehensi
1263 4677 1296 4715 a
1325 4661 1644 4731 quihusdam
1672 4676 1740 4717 eo

141 4757 297 4826 quod
320 4754 605 4825 pecuniam
644 4741 1072 4822 antiquissimam
1101 4752 1154 4806 in
1181 4760 1482 4807 mercatum
1505 4751 1739 4806 adduxe-

144 4855 284 4900 runt
308 4846 376 4900 ad
414 4843 837 4916 comparandum
869 4843 1068 4898 victum
1098 4843 1230 4910 sibi,
1280 4845 1429 4914 quasi
1457 4856 1736 4914 possesso-

143 4953 240 4992 res
303 4936 592 4990 multorum
643 4937 1028 4990 thesaurorum
1055 4975 1070 5001 ,
1121 4935 1453 5006 cogebantur
1513 4935 1738 4990 reddere

140 5026 300 5098 quod
330 5025 740 5096 suspicabantur
770 5033 974 5080 tenere.
1005 5022 1113 5080 Sed
1144 5025 1370 5080 veritate
1410 5025 1612 5097 agnita,
1621 5025 1736 5106 ,τιά-

139 5116 408 5174 veniente
436 5115 642 5170 Marino
666 5115 917 5185 episcopo
949 5113 1328 5185 Ephesiorum,
1372 5115 1582 5170 liberati
1610 5109 1735 5169 sunt

143 5211 217 5266 de
254 5208 510 5264 manibus
555 5207 910 5262 violenlorum
935 5246 950 5272 ,
990 5217 1044 5261 et
1083 5206 1384 5262 Theodosio
1422 5207 1734 5278 imperatori

146 5297 504 5372 prmeentati,
550 5298 619 5351 ob
657 5295 1022 5351 testimonium
1061 5295 1473 5351 resurrectionis
1519 5294 1735 5360 futurae,

145 5390 360 5443 iterum
409 5386 657 5441 redibant
705 5386 759 5440 in
804 5384 979 5440 locum
1016 5385 1326 5454 pristinum,
1366 5383 1458 5439 ubi
1500 5385 1738 5454 requies-

143 5486 284 5534 cent
305 5488 478 5546 usque
509 5473 576 5529 ad
605 5475 746 5529 diem
771 5473 1088 5530 universalis
1104 5474 1312 5544 judicii.

221 5589 294 5647 1V
315 5587 454 5644 ΚΜ..
482 5586 680 5643 Leonis
703 5601 876 5657 papae,
920 5586 1012 5656 qui
1041 5595 1162 5656 post
1186 5585 1405 5642 Petrum
1435 5583 1737 5656 apostolum

146 5677 608 5752 quadragesimus
649 5678 910 5746 septimus
936 5679 991 5732 in
1035 5675 1168 5730 urbe
1196 5675 1436 5732 Romana
1480 5675 1618 5730 sedit
1645 5691 1742 5730 an-

150 5787 266 5830 nos
294 5769 485 5842 viginti
514 5783 681 5824 unum
714 5783 952 5824 mensem
989 5782 1154 5823 unum
1184 5767 1299 5824 dies
1329 5766 1604 5823 tredecim.
1643 5765 1742 5822 ilic

1841 4675 1962 4730 fuit.
1997 4674 2095 4729 llic
2119 4676 2460 4745 postmodum
2490 4675 2564 4730 ibi
2593 4674 2877 4745 presbyter
2916 4683 3293 4740 consecratus,
3323 4691 3420 4745 pa-

1840 4765 1998 4820 triam
2027 4773 2386 4834 parentesque
2410 4765 2667 4829 deseruit,
2682 4772 2749 4819 ‘et
2769 4764 2824 4818 in
2845 4763 3068 4819 ultimos
3089 4763 3273 4829 Galliae
3289 4764 3423 4822 fines

1839 4855 2159 4926 peregrinus
2187 4853 2382 4909 saeculo
2423 4862 2480 4910 et
2517 4853 2752 4908 caelestis
2781 4853 2970 4922 patriae
2993 4852 3129 4907 civis
3157 4854 3416 4908 excessit.

1841 4943 2077 4999 Veniens
2093 4957 2221 5013 ergo
2247 4944 2302 4998 in
2333 4943 2666 5012 provinciam
2681 4956 2801 5011 quae
2822 4941 2952 5011 ripis
2981 4940 3155 4995 Rheni
3186 4940 3422 4998 fluminis

1842 5036 2096 5106 contigua
2130 5035 2376 5107 Trigoria
2416 5017 2790 5103 nuncupatur,
2836 5041 3000 5102 atque
3050 5032 3119 5088 ad
3161 5032 3420 5088 dimcesin

1843 5128 2076 5198 pertinet
2105 5126 2484 5190 Treverorum,
2516 5123 2656 5180 infra
2692 5124 2952 5179 terminos
2969 5122 3417 5189 Wasaliacenses,

1843 5219 1898 5274 in
1928 5233 1990 5274 ea
2023 5219 2132 5273 Deo
2155 5217 2324 5272 libere
2353 5217 2558 5272 servire
2578 5215 2800 5285 delegit.
2832 5214 2934 5270 Hic
2957 5215 3103 5269 enim
3140 5215 3422 5284 hospitalis

1845 5312 2070 5368 multum
2102 5311 2222 5378 fuit,
2252 5320 2308 5366 et
2340 5310 2520 5381 largus
2547 5307 2909 5380 pauperibus,
2940 5315 2995 5361 et
3019 5306 3130 5361 Deo
3161 5307 3214 5361 in
3249 5306 3420 5362 sacris

1842 5404 2026 5460 missis
2071 5410 2126 5458 et
2166 5401 2484 5473 psalmodiis
2529 5401 2795 5455 instanter
2839 5397 3076 5468 quotidie
3119 5398 3416 5453 serviebat.

1842 5492 1998 5549 Fecit
2044 5491 2192 5547 enim
2232 5490 2497 5549 mirabilia
2537 5489 2708 5545 multa
2757 5489 2811 5544 in
2858 5489 2968 5542 vita
3007 5502 3137 5552 sua,
3167 5487 3270 5543 hoc
3301 5497 3417 5554 est,

1845 5597 2063 5641 cervam
2085 5582 2311 5652 imperio
2324 5595 2420 5636 suo
2441 5587 2588 5635 stare
2603 5577 2754 5644 fecit,
2776 5585 2835 5632 ut
2853 5576 3068 5632 cuidam
3095 5575 3242 5632 lasso
3264 5577 3330 5632 ab
3351 5591 3421 5632 eo

1847 5672 2002 5729 lactis
2025 5681 2213 5742 potum
2243 5663 2530 5739 acciperet.
2559 5667 2764 5723 Dehine
2800 5666 2869 5722 ad
2901 5664 3180 5720 Rusticum
3215 5664 3420 5733 episeo-

1851 5780 1979 5836 pum
1993 5762 2372 5820 Trevirensem
2398 5761 2694 5817 advocatus
2714 5758 2884 5823 venit,
2908 5757 3088 5827 ibique
3111 5769 3270 5825 super
3293 5755 3420 5813 solis
