3924 6376
407 418 540 474 MSS

1046 405 1103 459 Β.
1147 398 1397 457 “ADANI
1435 391 1653 451 MAURI
1691 387 2009 444 ARCIIIEP.

2144 383 2365 440 lGUNT.
2407 379 2688 435 Ol‘lilll‘il
2731 377 2909 432 PARS
2950 378 3010 430 ll.

3543 370 3678 426 MSS

405 532 612 587 radium
633 540 728 598 per
759 523 1049 578 fenestram
1080 515 1366 569 micantem
1395 509 1649 579 ignorans
1671 500 1814 572 quod
1861 496 1990 552 solis
2022 502 2064 558 Α
2093 496 2288 565 quibus
2312 492 2622 556 Januarins,
2649 499 2765 560 post
2796 489 3016 542 verbera
3048 487 3320 555 virgarum
3358 498 3413 536 et
3443 481 3680 536 carceris

1928 593 1982 598 --
2316 587 2346 598 κ-
2583 582 2597 598 I
2697 583 2708 598 I
2770 581 2804 598 ,α
2886 579 2981 598 ,-.!
3020 595 3047 598 .-
3133 590 3201 598 --.
3261 576 3409 598 Ε’Ᾰτ..
3452 590 3515 598 Α-
3556 573 3653 598 111ιέ

407 624 588 680 radius
613 627 756 674 esset
777 630 1000 685 eappam
1033 626 1185 665 suam
1213 604 1440 678 projecit
1467 619 1480 656 :
1513 599 1656 672 quod
1680 611 1802 650 cum
1834 593 1984 647 multi

406 715 628 785 magica:
681 711 783 765 arti
821 709 1206 776 deputasseut,
1258 712 1441 754 coram
1489 693 1742 763 episcopo
1782 689 1988 759 positus

399 808 553 876 juxta
576 803 874 874 iussionem
902 799 1016 868 ejus
1039 807 1263 864 parvum
1292 799 1515 859 puerum
1539 823 1552 846 ,
1579 783 1682 836 hoc
1710 789 1794 833 cst
1826 778 1988 830 trium

407 901 615 952 dierum
643 901 820 954 aetate,
850 888 997 956 loqui
1030 885 1175 947 fecit,
1208 894 1254 934 et
1295 888 1502 947 patrem
1533 870 1693 927 simul
1725 884 1846 924 cum
1877 882 1990 921 ma-

410 1002 492 1042 tre.
519 987 640 1056 quis
671 991 847 1042 esset,
893 973 1167 1048 patefecit.
1200 971 1396 1037 Sicque
1424 973 1758 1019 memoratus
1784 957 1992 1026 episco-

407 1098 508 1152 pus
537 1081 588 1133 in
621 1075 824 1132 scelere
870 1086 970 1125 suo
1002 1065 1304 1122 denudatus
1339 1053 1710 1129 paenitentiam
1749 1047 1989 1116 accepit,

408 1183 464 1229 et
489 1170 777 1242 prmdictns
809 1163 890 1216 vir
919 1167 1138 1213 sanctus
1171 1154 1235 1207 ad
1278 1151 1453 1203 locant
1493 1158 1650 1200 suum
1683 1139 1903 1195 rediens
1940 1138 1992 1190 iu

410 1277 541 1334 pace
570 1259 736 1312 vitam
767 1251 963 1307 finivit.

482 1353 614 1408 Nos.
646 1348 808 1403 Juut.
838 1344 894 1398 ln
925 1336 1248 1395 Alexandria
1279 1329 1456 1385 natale
1488 1323 1765 1388 Parmeni,
1797 1319 1996 1375 Eraclii

414 1439 718 1514 illeradii],
743 1435 932 1497 llclim,
959 1426 1246 1500 Apollonii,
1267 1420 1458 1483 .\novi,
1484 1426 1539 1473 et
1561 1417 1787 1470 aliorum
1811 1413 1999 1470 decem

413 1545 467 1588 ct
494 1542 636 1585 octo.

487 1619 596 1674 \‘lll
621 1619 696 1672 In.
737 1612 925 1669 Natale
951 1607 1199 1677 Procopii
1224 1604 1276 1657 in
1306 1599 1586 1656 Palmstina
1605 1637 1620 1662 ,
1646 1595 1736 1666 qui
1766 1593 1834 1647 ab
1865 1591 2003 1660 Scy-

415 1711 618 1782 thopoli
651 1709 847 1764 ductus
881 1703 1220 1761 Ctesaream,
1263 1695 1329 1748 ad
1371 1693 1601 1764 primam
1637 1683 2004 1757 responsionis

415 1818 526 1857 sua:
553 1795 937 1854 confidentiam
965 1793 1107 1846 irato
1127 1787 1310 1858 judice
1342 1782 1600 1838 Flaviano
1635 1779 1810 1849 capite
1831 1790 2004 1832 czesus

2092 587 2515 642 macerationem
2548 581 2839 654 plumbatis
2870 579 3081 633 occisus
3125 590 3226 630 est.
3260 576 3411 630 Felix
3451 590 3516 628 ac
3556 573 3680 626 Phi-

2091 676 2266 746 lippus
2294 673 2525 729 fuslibus
2561 672 2805 726 mactati.
2841 668 3059 723 Silanus
3101 663 3402 737 {Silvanus}
3437 659 3684 733 ιπευεὶρί-

2092 767 2166 820 tio
2199 765 2574 832 interemptus.
2602 759 2930 821 Alexander,
2961 755 3152 808 Vitalis
3193 763 3241 806 et
3291 750 3556 805 Martialis
3596 766 3684 803 ea-

2094 859 2244 928 pitali
2276 856 2541 911 sententia
2570 852 2764 923 puniti.
2797 851 2996 904 Eodem
3026 849 3111 904 die
3140 846 3316 900 natale
3344 853 3433 898 est
3481 841 3687 896 Rufina:

2093 960 2147 1002 et
2170 947 2454 1009 Secunda),
2486 947 2712 998 duarum
2744 955 3015 1001 sororum,
3046 954 3165 1007 qaze
3186 938 3288 990 sub
3308 933 3689 1004 persecutione

2099 1039 2367 1093 Valeriani
2417 1046 2472 1090 ct
2511 1034 2737 1090 Gallieni
2784 1033 3146 1102 Augustorum
3197 1043 3292 1096 per
3341 1023 3691 1080 sceleratissi-

2099 1147 2244 1184 mum
2277 1127 2593 1198 praefectum
2622 1123 3010 1185 Archisilanm,
3035 1134 3099 1174 eo
3127 1119 3270 1187 quod
3298 1117 3460 1172 ﬁdem
3485 1113 3689 1169 Christi

2100 1238 2300 1292 negare
2346 1229 2402 1274 et
2454 1217 2823 1287 virginitatem
2888 1211 3114 1283 perdere
3179 1209 3508 1270 uoluerunt,
3573 1214 3692 1274 post

2100 1317 2250 1370 varia
2292 1320 2559 1368 tormenta
2598 1326 2716 1380 qua:
2765 1309 2846 1362 eis
2881 1304 3106 1365 inflixit,
3159 1303 3226 1356 ab
3270 1303 3387 1372 ipso
3437 1296 3692 1353 decollati

2101 1420 2245 1463 Sillll.

2175 1500 2215 1553 Υ
2254 1500 2326 1552 in.
2368 1497 2422 1551 ln
2453 1494 2660 1557 Africa,
2697 1490 2954 1553 Mariani,
2998 1496 3053 1543 ct
3099 1484 3366 1556 depositio
3413 1479 3692 1536 Benedicti

2105 1594 2315 1648 abbatis
2347 1599 2399 1643 et
2427 1586 2693 1642 Januarii.
2742 1586 2796 1638 In
2848 1582 3103 1636 Armenia
3147 1581 3369 1636 civitate
3411 1573 3692 1644 Nicepoli,

2108 1687 2236 1740 item
2274 1679 2515 1736 Januarii
2568 1685 2622 1732 et
2666 1675 2926 1745 Pelagine,
2981 1673 3073 1742 qui
3115 1671 3401 1727 tormentis
3459 1665 3695 1728 subditi,

2109 1791 2214 1830 non
2254 1772 2426 1827 solum
2467 1768 2707 1840 ungulis,
2758 1767 2853 1820 scd
2897 1773 2952 1818 et
3002 1771 3176 1826 testa,
3223 1775 3457 1830 corpora
3507 1771 3695 1810 eorum

415 1904 517 1949 est.
551 1892 605 1946 In
649 1905 786 1961 pago
828 1883 1099 1947 Austrize,
1135 1888 1190 1934 et
1224 1884 1407 1932 castro
1447 1871 1664 1926 nomine
1690 1866 2002 1934 Wirziburg
2035 1859 2078 1917 Β
2108 1883 2279 1939 usque
2331 1867 2385 1920 in
2433 1867 2577 1920 diem
2619 1870 2873 1932 qum-rum
2927 1859 3052 1914 plus
3104 1855 3351 1911 eamdem
3389 1849 3699 1921 passionem

417 1986 569 2056 juxta
599 1957 741 2036 Mein
777 1977 996 2032 fluvium
1037 1979 1350 2028 sanctorum
1384 1963 1564 2018 natale
1593 1957 1824 2015 Chiliani
1861 1971 2008 2009 mar-

421 2045 584 2147 lyris,
628 2081 683 2125 et
731 2069 958 2123 duorum
1007 2061 1278 2116 sociorum
1326 2056 1472 2125 ejus,
1507 2051 1599 2121 qui
1647 2051 1717 2104 ab
1751 2045 2006 2102 liibernia

419 2167 704 2222 Scotorum
734 2156 906 2214 insula
935 2153 1240 2211 venientes,
1270 2160 1466 2201 nomen
1495 2139 1695 2197 Christi
1729 2139 1782 2192 in
1815 2135 2011 2208 prndi-

423 2259 529 2314 ctis
560 2254 694 2310 locis
723 2248 1184 2322 prmdicaverunt;
1215 2239 1396 2307 ibique
1425 2237 1494 2290 ob
1518 2231 1766 2287 veritatis
1794 2225 2008 2283 confes-

423 2350 629 2404 sionem
676 2358 705 2397 a
747 2339 980 2411 quodam
1021 2333 1201 2405 judice
1254 2329 1440 2398 iniquo
1478 2322 1697 2379 nomine
1743 2317 2012 2374 Gozberto

428 2435 687 2509 trucidati
729 2406 885 2491 sunt,
927 2436 984 2482 et
1024 2433 1211 2494 postea
1242 2419 1428 2476 multis
1468 2415 1639 2486 signis
1675 2412 1789 2467 veri
1812 2406 2015 2465 Christi

429 2540 702 2599 martyres
727 2535 846 2578 esse
874 2519 1208 2576 claruerunt.

498 2590 594 2676 Vll
614 2617 686 2671 ln.
718 2613 774 2668 ln
806 2611 1028 2667 civitate
1051 2606 1196 2676 Tyro
1220 2599 1401 2657 natale
1422 2605 1734 2653 sanctorum
1754 2590 2019 2647 Anatoliae

425 2721 484 2769 et
503 2707 738 2765 Audacis
773 2704 874 2759 sub
914 2699 1078 2755 Decio
1115 2697 1477 2765 imperatore,
1503 2703 1734 2760 quorum
1766 2683 2017 2739 Anatolia

428 2819 552 2860 cum
584 2797 781 2854 multos
811 2796 862 2850 in
893 2792 1092 2847 Piceno
1120 2787 1366 2842 infirmos
1385 2825 1397 2848 ,
1434 2782 1701 2836 lunaticos
1731 2794 1793 2833 ac
1822 2778 2022 2832 daamo-

431 2896 617 2950 niacos
645 2896 912 2947 curasset,
946 2885 1104 2938 ducta
1132 2887 1234 2941 est,
1255 2875 1482 2945 iubente
1510 2872 1766 2927 Festiano
1788 2866 2024 2942 [Fausti-

431 2983 642 3054 niano],
677 2980 744 3036 ad
768 2978 1042 3033 civitatem
1075 2969 1224 3040 Tyri,
1258 2975 1313 3020 et
1341 2963 1570 3020 diversis
1609 2962 1892 3031 plagarum
1928 2972 2024 3027 ge-

433 3077 657 3134 neribus
702 3077 930 3132 vexata;
980 3060 1177 3118 deinde
1225 3072 1347 3112 curn
1397 3060 1650 3124 serpente
1702 3058 1816 3104 tota
1869 3055 2027 3102 nocte

436 3168 644 3225 inclusa
665 3205 681 3229 ,
708 3159 842 3217 nihil
871 3158 999 3212 ιωεει
1027 3161 1133 3208 est.
1167 3149 1310 3218 Quin
1335 3156 1390 3202 et
1424 3147 1600 3216 ipsum
1633 3142 1869 3196 Marsum
1887 3179 1900 3205 ,
1932 3137 2024 3209 qui

437 3263 744 3328 serpentem
774 3250 1078 3310 dimiserat,
1110 3240 1330 3298 nomine
1359 3236 1652 3296 Audacem,
1680 3244 1838 3286 mane
1873 3244 1903 3282 a
1932 3243 2029 3283 suo

438 3321 690 3418 serpente
719 3336 1084 3398 devorandum
1111 3329 1313 3401 eripuit
1337 3367 1351 3392 ,
1382 3334 1439 3382 et
1467 3324 1532 3379 ad
1559 3321 1840 3378 Christum
1873 3332 2028 3372 mar-

443 3408 755 3514 tyriumque
779 3429 1070 3488 convertit.
1108 3425 1244 3483 Nam
1272 3422 1388 3492 ipse
1414 3426 1537 3490 post
1579 3415 1697 3470 haec
1724 3412 1796 3468 ob
1825 3408 2035 3466 confes-

443 3507 651 3587 sionem
700 3521 949 3579 veritatis
997 3518 1051 3572 in
1100 3511 1403 3570 custodiam
1457 3507 1646 3569 datus,
1700 3517 1801 3557 nec
1848 3514 2033 3564 mora,

445 3619 662 3692 capitali
691 3612 966 3672 sententia
1006 3611 1300 3664 coronatus
1338 3610 1444 3657 est.
1488 3599 1606 3670 Ipsa
1644 3608 1858 3666 quoque
1884 3592 2037 3661 virgo

445 3682 647 3771 Christi
689 3706 865 3778 gladio
909 3698 1380 3757 transverberata,
1423 3706 1548 3747 cum
1589 3695 1761 3744 staret
1798 3682 2038 3740 extensis

449 3770 778 3859 manibusvin
805 3791 1074 3852 oratione,
1100 3787 1172 3840 ita
1196 3791 1255 3838 ut
1279 3797 1378 3853 per
1403 3781 1651 3834 dextrum
1672 3775 1816 3829 latus
1832 3770 2041 3843 gladius

451 3895 650 3950 missus
677 3903 774 3960 per
800 3883 1080 3939 sinistram
1118 3877 1329 3940 exiret,
1359 3888 1478 3943 quae
1509 3883 1669 3942 passa
1697 3875 1781 3923 est
1812 3880 1887 3920 vn
1917 3863 2042 3918 ldus

451 3985 614 4048 Julii,
663 3977 870 4050 sepulta
913 3983 1093 4028 autem
1142 3982 1300 4022 mane
1355 3980 1385 4018 a
1432 3961 1640 4017 civibus
1683 3955 2039 4030 Tyrensibus.

457 4077 645 4134 Audax
675 4083 804 4125 vero
831 4066 957 4136 quia
989 4065 1055 4119 de
1079 4060 1303 4117 Oriente
1351 4062 1500 4120 erat,
1534 4052 1602 4106 ab
1637 4062 1811 4105 uxore
1853 4060 1950 4102 sua
1991 4053 2046 4099 et

459 4167 584 4224 filiis
610 4165 698 4220 illo
723 4157 1017 4216 translatus
1045 4161 1149 4208 est.
1181 4149 1386 4205 Eodem
1410 4146 1496 4201 die
1516 4184 1531 4208 ,
1561 4159 1635 4198 vn
1660 4141 1848 4196 Iduum
1873 4136 2045 4192 Julia-

461 4274 614 4319 rum,
659 4249 924 4322 depositio
974 4243 1146 4300 sancti
1194 4239 1374 4293 Patris
1419 4233 1594 4290 nostri
1633 4230 1904 4301 Ephrem,
1943 4224 2046 4278 viri

460 4316 761 4407 doctissimi
791 4349 849 4396 et
881 4331 1294 4408 religiosissimi.
1329 4326 1533 4382 Eodem
1582 4323 1671 4378 die
1714 4323 1768 4374 in
1816 4316 2049 4386 [Egypto

467 4439 647 4498 natale
695 4443 778 4490 est
806 4406 1008 4501 Cyrilli‘
1033 4421 1306 4495 episcopi,
1351 4418 1441 4488 qni
1473 4430 1596 4470 cum
1638 4428 1668 4466 a
1702 4408 1867 4464 Lucio
1915 4406 2050 4460 duce

2111 1961 2434 2015 habuerunt.

2179 2051 2248 2108 IV
2287 2051 2363 2106 lo.
2401 2049 2458 2104 In
2490 2045 2735 2117 Aquileia
2770 2039 2949 2096 natale
2980 2046 3291 2094 sanctorum
3329 2027 3619 2087 Fortunati
3647 2032 3704 2081 et

2109 2142 2401 2214 Armigcri.
2434 2138 2695 2209 Lngduno
2729 2132 2914 2190 Gallia:
2953 2126 3218 2200 depositio
3248 2120 3544 2179 Yiventioli
3586 2118 3701 2189 epi-

2114 2236 2285 2306 sc0pi.

2188 2305 2255 2384 lll
2284 2328 2359 2380 in.
2405 2325 2464 2379 ln
2503 2319 2789 2376 Antiochia
2837 2315 3018 2388 passio
3060 2310 3417 2383 lilargarethre
3446 2305 3704 2377 virginis,

2117 2435 2279 2489 quam
2309 2413 2561 2484 Olybrius
2590 2407 2778 2465 consul
2807 2415 3055 2475 stuprare
3082 2401 3267 2457 volens
3294 2407 3348 2454 et
3371 2413 3402 2451 a
3433 2396 3537 2450 fide
3558 2394 3706 2449 Chri-

2119 2507 2188 2563 sti
2211 2483 2478 2566 avertere,
2513 2499 2696 2556 multis
2724 2493 3010 2551 tormentis
3032 2507 3153 2547 eam
3183 2488 3394 2553 afﬂixit,
3423 2487 3528 2540 hoc
3550 2490 3634 2539 est
3659 2483 3707 2536 in

2119 2597 2345 2668 equuleo
2372 2606 2687 2662 suspensam
2709 2586 2923 2658 ungulis
2945 2582 3312 2640 acerbissimis
3329 2579 3494 2649 jussit
3516 2591 3709 2632 carnes

2121 2691 2239 2760 ejus
2277 2691 2542 2751 lacerare,
2582 2693 2772 2755 postea
2809 2682 2863 2736 in
2907 2691 3181 2734 carcerem
3211 2677 3559 2732 tenebrosum
3598 2687 3710 2728 eam

2124 2783 2304 2845 misit,
2340 2779 2429 2833 ubi
2462 2776 2660 2832 diaboli
2699 2774 3042 2830 seductiones
3067 2811 3081 2836 ,
3109 2770 3202 2840 qui
3226 2769 3278 2824 in
3314 2768 3500 2837 specie
3529 2766 3713 2821 draco-

2127 2878 2211 2932 nis
2239 2884 2294 2932 et
2330 2871 2604 2941 {Ethiopis
2645 2869 2719 2924 illi
2750 2866 3031 2937 apparuit,
3061 2862 3370 2934 superavit,
3414 2870 3471 2915 et
3510 2857 3640 2914 nihil
3668 2857 3715 2912 ei

2128 2967 2270 3022 illius
2319 2964 2466 3016 fraus
2509 2972 2705 3014 nocere
2753 2955 2966 3026 potuit;
3019 2951 3311 3008 novissime
3358 2963 3492 3003 vero
3545 2946 3716 3016 gladio

2129 3056 2494 3130 persecutoris
2551 3050 2813 3108 decollata
2871 3056 2990 3114 est,
3037 3053 3094 3101 et
3146 3043 3215 3100 ad
3253 3044 3422 3098 vitam
3469 3040 3716 3114 migravit

2132 3160 2414 3208 aeternam.

2205 3242 2246 3296 ll
2265 3240 2341 3293 ιο.
2361 3235 2550 3292 Sancti
2564 3233 2782 3290 Focatis
2797 3227 3037 3304 [Phorm]
3062 3226 3299 3300 episcopi
3321 3225 3507 3290 Ponti,
3521 3224 3612 3294 qui
3627 3221 3719 3278 sub

2133 3331 2368 3401 Trajano
2405 3329 2766 3396 imperatore,
2803 3321 3061 3394 praefecto
3091 3311 3384 3382 Africano,
3413 3328 3714 3378 carcerem,

2134 3421 2367 3485 vincula,
2401 3421 2628 3482 ferrum,
2659 3416 2836 3487 ignem
2858 3413 3020 3468 etiam
3048 3424 3146 3481 pro
3169 3408 3391 3464 Christo
3417 3405 3716 3476 superavit;

2135 3513 2290 3583 cujus
2321 3510 2562 3580 reliquias
2591 3509 2646 3564 in
2675 3506 2899 3562 basilica
2930 3500 3333 3574 Apostolorum,
3359 3501 3412 3553 in
3443 3498 3629 3554 Galliae
3652 3497 3720 3552 ci—

2136 3607 2306 3660 vitate
2334 3603 2536 3658 Vienna
2567 3600 2854 3655 habentur.
2887 3593 3146 3666 Lngduno
3176 3591 3364 3648 Gallia:
3389 3590 3569 3645 natale
3593 3588 3719 3645 Justi

2139 3697 2377 3771 episc0pi
2408 3703 2462 3750 et
2491 3690 2840 3749 confessoris.

2213 3791 2290 3846 In.
2331 3787 2522 3843 Sancti
2549 3783 2729 3855 Cyrici
2755 3791 2811 3837 et
2837 3780 3026 3835 matris
3047 3776 3162 3847 ejus
3190 3777 3242 3831 in
3265 3783 3424 3848 portu
3450 3774 3688 3829 Romano
3705 3809 3719 3833 ,

2142 3881 2414 3951 EutrOpii,
2445 3877 2697 3939 Zosimaa,
2728 3882 2783 3929 et
2808 3872 3034 3927 Bonosce
3055 3883 3334 3933 sororum,
3377 3875 3434 3922 et
3465 3865 3720 3921 infantum

2145 3976 2363 4036 decem;
2391 3977 2448 4024 et
2476 3969 2529 4022 in
2559 3965 2760 4021 Sirmio
2786 3960 3088 4035 Agrippini,
3131 3959 3387 4022 Secundi,
3430 3954 3718 4019 Maximini,

2147 4063 2410 4120 Martialis
2440 4070 2496 4116 et
2523 4056 2710 4114 Jacobi
2742 4053 3002 4126 episcopi.

2218 4152 2358 4209 XVll
2386 4151 2519 4206 ΚΜ..
2557 4146 2805 4219 Augusti.
2845 4145 2905 4200 In
2951 4143 3102 4199 Ostia
3141 4141 3320 4197 natale
3350 4138 3612 4205 Hilarini,
3639 4137 3721 4206 qui

2149 4247 2248 4302 sub
2269 4241 2649 4316 persecutione
2678 4236 2873 4293 Juliani
2899 4250 3023 4290 cum
3061 4233 3225 4289 nollet
3268 4231 3610 4296 sacriﬁcam,
3647 4229 3719 4283 fu-

2150 4336 2322 4392 stibus
2347 4347 2539 4396 cassus,
2569 4328 2887 4399 martyrium
2913 4325 3163 4397 sumpsit.

2222 4427 2341 4482 XVI
2371 4425 2506 4479 KAL.
2549 4422 2608 4477 ln
2652 4418 2986 4489 Carthagine
3037 4416 3480 4481 Scillitanorum,
3527 4415 3577 4470 id
3620 4421 3721 4477 est,

466 4531 776 4592 sacrificare
813 4521 988 4616 idolis
1013 4525 1327 4587 cogeretur,
1366 4518 1421 4613 et
1453 4507 1619 4610 nollet
1665 4506 1771 4616 ho‘c
1819 4512 2049 4600 consen-
2082 4558 2130 4616 Β
2155 4517 2391 4587 δυωηῇ
2425 4511 2710 4575 Martialis,
2743 4507 2931 4572 Cium,
2964 4504 3198 4561 Vestal.“
3230 4503 3720 4577 [Narmli’cylhini’

1459 4613 1500 4616 ν-
1544 4613 1587 4616 κμ
1626 4607 1799 4616 _-_.-
1828 4605 1950 4616 Mm
2000 4595 2047 4616 η.
2160 4612 2194 4616 _
2435 4605 2474 4616 ,η
2517 4605 2598 4616 ...
2690 4603 2704 4616 .
2899 4601 2910 4612 .
3286 4594 3522 4616 nues,
3566 4595 3695 4616 nm-

471 4629 592 4685 tire,
617 4619 778 4692 jussit
804 4628 929 4670 eum
961 4613 1066 4664 dux
1095 4618 1359 4661 succenso
1384 4602 1508 4671 igne
1541 4598 1593 4651 in
1625 4593 1803 4650 medio
1828 4589 1974 4660 poni,
2000 4595 2054 4641 et

470 4731 593 4773 cum
627 4711 890 4765 arsissent
916 4703 1096 4758 omnia
1127 4698 1293 4768 ligna,
1321 4697 1380 4749 et'
1403 4696 1549 4746 esset
1569 4686 1728 4750 cinis,
1761 4678 2057 4753 spectanti-

473 4809 572 4862 bus
600 4799 861 4870 religiosis
891 4795 1052 4857 viris,
1087 4799 1146 4844 ut
1173 4803 1298 4842 ossa
1339 4782 1455 4852 ejus
1484 4779 1821 4849 colligerent,
1850 4768 2060 4826 inveni-

479 4911 561 4956 tur
590 4912 751 4967 super
781 4892 1148 4964 pavimentum
1191 4883 1388 4938 sedens
1428 4875 1666 4934 extensis
1699 4869 1952 4926 manibus
1991 4863 2059 4918 ad

476 4989 673 5045 caelum
701 5003 713 5038 :
745 4995 799 5038 at
828 4997 959 5036 vero
989 4980 1236 5032 videntes
1263 4974 1508 5043 signum,
1543 4965 1684 5036 quod
1715 4961 1977 5016 Dominus
2007 4957 2060 5010 in

478 5094 600 5134 eum
637 5074 970 5132 ostenderat,
1002 5065 1362 5124 mirabantur,
1394 5065 1690 5127 stupentes,
1718 5051 1859 5120 quod
1885 5047 1963 5102 sic
1985 5045 2065 5098 in-

483 5177 660 5222 tactus
685 5170 829 5219 esset
857 5161 923 5214 ab
951 5158 1073 5227 igne
1092 5198 1106 5220 ,
1129 5163 1184 5208 et
1217 5153 1286 5208 ob
1321 5153 1423 5204 hoc
1454 5147 1604 5202 multi
1636 5143 1982 5200 crediderunt
2011 5138 2064 5191 in

482 5258 793 5315 Christum;
840 5259 1027 5320 postea
1073 5261 1203 5302 vero
1251 5243 1538 5314 prtedictus
1587 5239 1690 5292 dux
1734 5234 1897 5302 jussit
1942 5245 2063 5284 cum

2159 4607 2410 4679 Beturii],
2435 4605 2651 4670 Felicis,
2677 4601 2936 4671 Aquilini,
2961 4597 3251 4664 Lactantii,
3280 4594 3544 4661 Januarii,
3565 4595 3723 4650 Gene-

2162 4701 2293 4765 rosi,
2326 4699 2505 4753 Vesta:
2545 4691 2778 4767 [Aquili,
2817 4689 3054 4754 Letarii,
3078 4686 3349 4742 Januaria:
3371 4727 3387 4750 ,
3417 4685 3722 4746 Generosae,

2163 4789 2404 4861 Bessiac],
2425 4787 2646 4842 Donata:
2669 4793 2722 4838 et
2737 4781 3000 4838 Secunda:
3023 4780 3123 4835 sub
3137 4778 3391 4833 Saturnio
3409 4771 3722 4850 [Saturnino]

2167 4882 2446 4955 praefecto,
2469 4879 2561 4950 qui
2593 4885 2714 4949 post
2749 4876 2982 4946 primam
3021 4873 3225 4928 Christi
3253 4871 3642 4928 confessionem
3679 4869 3722 4922 in

2169 4989 2444 5031 carcerem
2475 4971 2647 5035 missi,
2680 4978 2735 5024 et
2766 4968 2818 5023 in
2848 4967 2994 5038 ligno
3018 4965 3248 5031 confixi,
3285 4973 3342 5020 et
3381 4979 3537 5018 mane
3571 4961 3726 5033 gladio

2167 5063 2417 5120 dccollali
2448 5069 2592 5118 sunt.

2238 5155 2333 5211 XV
2363 5153 2496 5209 KAL.
2538 5151 2812 5222 Depositio
2835 5151 2887 5204 in
2915 5147 3094 5203 Mettis
3119 5147 3339 5202 civitate
3366 5138 3728 5198 sancliArnnl—

2168 5245 2259 5314 phi
2311 5241 2635 5297 confessoris
2677 5239 3018 5299 celebratur,
3048 5236 3139 5306 qui
3177 5235 3246 5289 ab
3292 5231 3516 5287 infantia
3555 5231 3615 5284 ad
3646 5228 3727 5282 Dei

486 5347 662 5419 gladio
716 5343 961 5413 percuti,
1012 5349 1066 5393 et
1114 5337 1200 5392 ille
1239 5335 1477 5406 gaudens
1510 5342 1797 5399 percussus
1835 5322 2068 5380 reddidit

487 5439 567 5495 sui
578 5439 758 5491 ritum.

563 5527 628 5581 VI
668 5527 741 5580 In.
784 5525 997 5588 Romae,
1046 5529 1250 5591 septem
1301 5518 1528 5572 fratrum
1585 5513 1817 5568 filiorum
1867 5517 2070 5564 sanctae

493 5617 810 5679 Felicitatis,
843 5615 895 5670 id
920 5623 1024 5679 est,
1053 5613 1271 5674 Felicis,
1309 5607 1572 5678 Philippi,
1608 5605 1828 5666 Vitalis,
1857 5602 2075 5656 Martia-

495 5709 584 5774 lis,
613 5703 1117 5767 Alexandri,-Silani
1151 5698 1405 5774 [Silvani]
1436 5708 1492 5753 et
1514 5695 1779 5758 Januarii,
1810 5695 1910 5748 sub
1938 5706 2076 5764 prce.

499 5798 640 5854 tecto
684 5797 846 5854 Urbis
883 5794 1104 5858 Publio,
1147 5804 1385 5862 tempore
1423 5790 1674 5843 Antonini
1715 5788 2012 5858 principis:
2049 5802 2078 5840 c

2169 5334 2449 5391 servitium
2480 5343 2638 5402 aptus
2664 5329 2782 5384 fuit.
2807 5327 2941 5382 Nam
2971 5328 3204 5396 primum
3247 5324 3384 5393 apud
3425 5322 3622 5376 aulicos
3658 5334 3728 5371 re

2175 5427 2287 5499 gis,
2326 5426 2428 5480 hoc
2453 5433 2571 5487 est,
2601 5419 2928 5477 Gundolfnm
2979 5414 3322 5485 subregulum
3373 5427 3437 5468 ac
3486 5418 3724 5464 rectorem

2175 5517 2357 5588 palatii
2390 5515 2624 5570 nutritus
2648 5511 2781 5578 fuit;
2818 5511 2910 5567 sed
2948 5509 3091 5580 jugis
3124 5507 3267 5561 illius
3303 5502 3578 5560 meditatio
3605 5499 3728 5553 circa

2181 5604 2502 5662 monasteria
2535 5603 2618 5656 vel
2647 5603 2769 5658 loca
2811 5608 2995 5656 sancta
3023 5595 3312 5667 vigilabat,
3342 5593 3519 5662 largus
3553 5597 3660 5643 erat
3683 5585 3729 5637 in

2179 5696 2557 5765 elccmosynis,
2590 5702 2646 5748 et
2671 5707 2802 5748 cura
2832 5691 2906 5744 illi
2935 5688 3169 5744 maxima
3195 5700 3319 5753 erga
3351 5695 3607 5753 pauperes
3631 5675 3729 5729 fuit.

2184 5786 2371 5840 Postea
2405 5800 2531 5837 vero
2553 5785 2835 5853 cpiscopus
2875 5779 3214 5835 Mettcnsinm
3243 5786 3323 5830 est
3357 5775 3656 5834 ordinatus;
3682 5764 3728 5816 ill
