3924 6334
226 399 357 451 ΗῩΞῚ

1540 399 1727 454 MART
1741 399 2157 456 leLOClUM.

2582 14 3157 25 -ᾙλμῄψπλ-
3178 16 3287 27 ..κ-’Ἥ
3290 18 3387 27 ξηαπ-(ι

3328 403 3463 456 11ῗό8

214 528 324 581 quo
371 511 537 581 gradu
568 513 776 581 positus
815 510 978 565 multa
1022 508 1275 562 miracula
1313 509 1438 564 fecit
1473 510 1524 564 in
1562 512 1792 565 sanitate
1821 516 1865 572 Α
1897 510 2175 580 prmsidem
2204 510 2498 564 trucidatus
2534 518 2615 564 cst
2649 510 2803 563 simul
2844 525 2967 563 cum
3009 509 3268 566 militibus
3308 513 3465 569 Eleu-

217 602 588 667 inﬁrmorum;
626 616 746 656 cum
778 609 956 655 autem
985 600 1057 653 illi
1094 600 1375 668 inspiratio
1402 599 1579 653 divina
1610 601 1793 656 solita-

220 692 356 745 riam
385 692 550 745 vitam
582 692 633 745 in
660 698 895 745 mentem
922 690 1101 753 dedit,
1126 691 1214 742 ubi
1243 689 1678 759 contemplationi
1714 691 1796 743 di-

217 781 358 833 vinae
380 779 583 851 jugiter
610 789 845 843 vacaret,
878 779 1113 849 perrexit
1140 780 1191 831 in
1224 789 1488 834 secretum
1522 781 1716 844 locum,
1742 790 1795 835 et

220 872 405 924 sedulo
428 871 480 924 in
514 871 604 925 Dei
636 870 857 925 servitio
882 870 1175 931 laborabat,
1204 870 1370 923 donec
1397 870 1609 925 vacatio
1634 870 1796 925 cmle~

219 960 320 1013 stis
349 961 414 1012 ad
438 969 694 1013 aiternam
721 957 1131 1028 requieun'llum
1154 959 1423 1026 perduxit.

286 1048 402 1103 XIV
432 1048 565 1102 KAL.
596 1047 777 1102 Sancti
808 1047 982 1100 Patris
1014 1048 1180 1100 nostri
1212 1048 1422 1101 Arsenii
1443 1088 1455 1111 ,
1498 1048 1562 1102 de
1601 1063 1705 1117 quo
1740 1049 1791 1103 iu

214 1143 398 1197 verbis
423 1144 696 1197 seniorum
729 1142 960 1196 refertur
988 1142 1110 1209 quia
1142 1150 1360 1210 propter
1386 1142 1791 1197 redundantiam
1834 1172 1839 1179 ι

214 1231 576 1303 lacrymarum
620 1233 925 1302 tergeudam
962 1232 1236 1287 sudarium
1279 1248 1493 1303 semper
1538 1233 1590 1287 in
1632 1251 1791 1289 manu

215 1340 313 1379 sua
345 1326 426 1379 vel
459 1326 576 1379 sinu
608 1326 874 1379 habuerit.

286 1415 403 1469 Xlll
430 1416 559 1469 ΚΜ..
590 1416 645 1470 lu
673 1416 850 1469 Africa
884 1416 1059 1469 natale
1093 1415 1309 1469 Luciani
1328 1457 1341 1477 ,
1370 1417 1511 1469 Petri
1533 1458 1546 1479 ,
1572 1418 1791 1471 Antahi-

216 1504 283 1560 lis
312 1516 367 1560 et
394 1505 684 1569 Nunninze;
710 1515 764 1560 et
794 1506 1108 1571 Thebaidze,
1134 1507 1369 1560 V’icturis
1394 1506 1672 1579 [Victoris]
1696 1549 1708 1571 ,
1740 1519 1794 1561 et

217 1596 269 1650 in
299 1596 583 1662 Damasco,
611 1595 792 1650 Savini
825 1594 1082 1666 [Sabini].

286 1686 377 1740 Xll
408 1686 542 1740 KAL.
582 1684 764 1739 Sancti
798 1686 1030 1739 Dauielis
1051 1684 1342 1754 prophetae.
1362 1684 1567 1749 Romae,
1592 1683 1791 1739 Prave—

214 1778 297 1833 dis
328 1778 568 1847 virginis,
602 1794 720 1847 qua:
754 1776 852 1831 fuit
878 1794 1031 1832 soror
1058 1778 1419 1843 Potentianze,
1449 1787 1503 1832 et
1533 1779 1789 1847 tempori-

1902 601 2093 663 therio,
2130 599 2397 652 ["elieiano
2423 608 2476 653 et
2503 599 2827 654 Alexandro.
2866 598 2999 652 Nam
3029 614 3153 653 cum
3190 614 3460 655 memora-

1898 702 1983 746 tus
2005 693 2288 761 episcopus
2311 691 2575 762 prredictis
2595 691 2853 746 militibus
2880 693 2945 747 ad
2974 694 3384 749 custodiendum
3411 694 3465 748 in

1898 797 2171 837 carcerem
2206 783 2434 836 traditus
2453 789 2629 847 esset,
2660 782 2731 836 ibi
2771 783 3007 852 angelica
3045 784 3252 841 visione
3277 787 3465 841 visita-

1899 882 1984 927 tus
2010 882 2113 928 est.
2138 872 2289 927 Unde
2320 873 2417 942 ipsi
2449 873 2699 928 custodes
2726 874 2967 928 videntes
2996 873 3067 929 ibi
3089 875 3266 931 lumen
3290 878 3470 946 splen-

1896 965 2102 1031 didum,
2136 966 2388 1021 cadentes
2419 968 2485 1022 ad
2514 967 2656 1022 beati
2688 968 2919 1023 Victoris
2942 985 3142 1039 genua,
3171 973 3464 1027 remedium

1896 1055 1963 1108 ab
1991 1070 2055 1110 eo
2076 1055 2361 1124 implorant
2389 1073 2401 1109 :
2426 1071 2560 1124 quos
2588 1072 2707 1110 cum
2735 1066 2957 1112 sanctus
2981 1058 3263 1129 cpiscopus
3288 1059 3467 1129 bapti-

1898 1150 2091 1207 zasset,
2122 1151 2176 1198 et
2200 1145 2297 1212 ipsi
2328 1145 2380 1198 in
2410 1145 2751 1201 confessione
2794 1148 3028 1201 nominis
3065 1147 3264 1202 Christi
3298 1164 3467 1218 usque

1896 1233 1949 1287 in
1988 1233 2146 1287 ﬁnem
2188 1245 2657 1303 perseverassent,
2702 1237 2959 1308 martyrio
3017 1238 3260 1292 coronati
3318 1248 3465 1294 sunt.

1896 1322 2159 1378 Similiter
2199 1332 2253 1377 et
2301 1325 2582 1395 episcOpus
2620 1325 2771 1393 jussu
2809 1328 3147 1396 imperatoris
3172 1330 3466 1383 decollatus

1894 1423 1995 1468 est.
2034 1414 2190 1470 Unde
2214 1424 2268 1468 et
2308 1426 2429 1483 post
2470 1417 2787 1486 martyrium
2820 1426 3125 1471 sanctorum
3157 1420 3426 1489 expletum
3450 1462 3463 1484 ,

1894 1503 2252 1559 Maximianus
2282 1505 2575 1574 imperator
2606 1506 2907 1560 dremouum
2940 1506 3281 1562 iufestatione
3313 1509 3467 1564 valde

1894 1591 2263 1659 torquebatur,
2290 1593 2378 1661 qui
2408 1593 2548 1646 inter
2576 1608 2761 1662 poenas
2788 1594 2853 1647 ad
2889 1594 3157 1649 Arterium
3183 1598 3467 1665 prcesidem

1894 1682 2130 1737 clamare
2173 1686 2338 1753 ccepit
2382 1700 2444 1739 ac
2490 1686 2706 1739 dicere:
2746 1707 2762 1737 ί
2803 1686 2915 1740 Heu
2966 1688 3176 1742 incidor
3227 1689 3390 1744 miser
3435 1705 3467 1742 a

1894 1776 2097 1829 sanctis
2125 1775 2255 1829 viris
2284 1790 2346 1828 ac
2382 1784 2673 1844 torqueor:
2706 1777 2795 1845 qui
2846 1785 2903 1831 ut
2948 1777 3103 1833 video
3130 1776 3241 1846 jam
3279 1788 3334 1833 et
3368 1793 3470 1833 nos

214 1867 316 1920 bus
338 1865 593 1921 Antonini
625 1868 964 1936 imperatoris
1002 1867 1196 1921 multos
1217 1866 1555 1921 Christianos
1593 1866 1659 1920 de
1694 1883 1790 1920 sua
1820 1862 1865 1919 B
1894 1863 2228 1917 exeludimus
2267 1880 2296 1917 a
2338 1866 2487 1927 luce,
2514 1881 2674 1933 quam
2707 1866 2949 1931 tulimus,
2980 1877 3194 1936 torquet
3220 1877 3275 1924 et
3307 1884 3468 1938 pcena

212 1958 514 2014 substantia
540 1958 769 2012 fovebat.
802 1958 934 2013 Cum
962 1967 1139 2012 autem
1164 1958 1493 2029 divulgatum
1519 1966 1661 2013 esset
1682 1960 1790 2011 An—

213 2048 401 2101 tonino
448 2048 759 2117 imperatori
813 2047 953 2115 quod
1008 2054 1303 2100 conventus
1348 2046 1500 2099 ﬁeret
1543 2045 1596 2099 in
1637 2045 1791 2099 titulo

212 2133 497 2199 Praxedis,
526 2135 672 2189 misit
699 2143 751 2190 et
779 2135 951 2191 tenuit
977 2132 1362 2204 Symmetrium
1385 2136 1753 2205 presbyterum
1772 2174 1788 2201 ,

212 2239 337 2281 cum
363 2226 481 2280 aliis
522 2226 709 2295 viginti
749 2225 989 2289 duobus,
1035 2239 1171 2293 quos
1212 2225 1329 2279 sine
1369 2223 1791 2294 interrogatione

214 2315 396 2387 gladio
428 2316 604 2385 puniri
634 2316 887 2385 praecepit
911 2317 962 2368 in
996 2316 1182 2369 eodem
1216 2314 1393 2379 titulo,
1416 2330 1643 2383 quorum
1671 2330 1792 2369 cor-

212 2423 345 2478 pora
375 2408 530 2461 beata
564 2406 823 2462 Praxedis
859 2407 1073 2476 collegit
1108 2414 1161 2458 et
1192 2404 1433 2475 sepelivit
1455 2406 1509 2459 in
1539 2414 1792 2460 cmmetc-

214 2498 299 2553 rio
327 2497 587 2551 Priscillae
616 2498 716 2551 sub
753 2497 837 2551 die
864 2512 934 2550 vu
974 2496 1091 2549 Kal.
1134 2494 1281 2550 Julii.
1318 2496 1469 2549 Tunc
1505 2496 1793 2551 alllictione

213 2589 508 2644 constricta
537 2588 694 2641 beata
719 2588 972 2642 Ptuxedis
1001 2588 1279 2658 ingemuit,
1308 2595 1363 2640 et
1390 2587 1566 2641 oravit
1590 2588 1656 2641 ad
1689 2587 1794 2642 Do-

214 2680 421 2733 minum
452 2686 508 2731 ut
542 2677 796 2731 transiret
823 2691 888 2730 ex
921 2678 1025 2732 hoc
1064 2677 1295 2741 mundo,
1325 2678 1480 2746 cujus
1517 2677 1791 2732 orationes

214 2778 269 2823 et
299 2768 549 2838 lacrymre
579 2769 645 2821 ad
678 2768 963 2821 Dominum
1004 2766 1185 2821 Jesum
1223 2766 1496 2822 Christum
1533 2783 1793 2836 pervene-

214 2868 363 2913 runt.
390 2858 519 2913 Post
548 2859 865 2928 martyrium
895 2867 1202 2913 sanctorum
1243 2873 1406 2929 supra
1445 2858 1711 2913 dictorum
1739 2867 1790 2912 et

213 2965 505 3013 coronam,
539 2951 790 3020 migravit
828 2950 895 3004 ad
941 2949 1227 3005 Dominum
1268 2950 1418 3020 virgo
1455 2957 1668 3004 saerata
1693 2950 1794 3005 sub

214 3043 302 3098 die
326 3059 399 3096 xu
429 3042 543 3097 Kal.
570 3042 816 3111 Augusti.
842 3043 908 3097 Et
933 3042 1072 3113 apud
1100 3041 1437 3095 Tiburtinam
1465 3042 1650 3095 urbem
1680 3041 1792 3095 lta-

214 3132 303 3188 lia:
322 3132 501 3187 natale
531 3133 907 3205 Symphorosaz
933 3146 1055 3185 cum
1079 3130 1201 3186 ﬁliis
1225 3139 1450 3203 septem,
1479 3128 1792 3196 Crescente,

213 3225 446 3290 Juliano,
476 3223 755 3290 Nemesio,
786 3222 1065 3279 Primitive
1086 3264 1100 3289 ,
1126 3222 1367 3289 Justino,
1401 3222 1657 3287 Stacteo,
1686 3222 1783 3275 Eu-

214 3316 404 3383 genio;
432 3330 552 3369 cum
582 3315 777 3382 quibus
803 3314 961 3369 simul
998 3329 1155 3383 passa
1181 3323 1266 3369 est
1286 3315 1355 3369 ab
1372 3314 1610 3369 Adriano
1642 3314 1793 3385 prin-

215 3409 369 3476 cipe,
396 3408 485 3476 qui
516 3407 684 3475 ipsam
726 3406 1144 3476 Symphorosam
1184 3404 1345 3475 jussit
1392 3404 1584 3473 palmis
1623 3403 1789 3469 cmdi,

214 3497 410 3551 deinde
441 3496 695 3565 suspendi
728 3496 1002 3560 crinibus;
1032 3496 1127 3550 sed
1149 3510 1271 3549 cum
1296 3495 1540 3563 superari
1571 3493 1796 3549 nullam.

213 3605 315 3645 nus
336 3599 541 3659 posset,
560 3590 724 3659 jussit
751 3604 871 3643 eam
900 3589 1116 3659 alligato
1138 3603 1270 3644 saxo
1296 3588 1349 3642 in
1373 3587 1533 3643 fluvio
1552 3586 1769 3657 prmcipi

212 3683 318 3736 tari
350 3699 364 3735 :
396 3681 550 3749 cujus
572 3680 741 3734 frater
768 3680 1057 3750 Eugenius,
1082 3679 1245 3733 curia:
1268 3678 1584 3748 principalis
1600 3676 1791 3730 Tibur-

214 3773 371 3836 tium,
414 3771 672 3840 colligens
696 3786 891 3840 corpus
920 3771 1037 3840 ejus
1064 3769 1327 3839 sepelivit,
1354 3776 1407 3823 et
1433 3784 1590 3822 mane
1621 3768 1791 3837 impe-

213 3870 366 3915 rator
389 3859 552 3927 jussit
580 3868 785 3928 septem
809 3859 897 3928 ﬁgi
922 3861 1155 3930 stipites,
1188 3860 1368 3928 ibique
1408 3856 1546 3911 ﬁlios
1574 3854 1689 3924 ejus
1721 3854 1789 3909 ad

213 3948 451 4003 trocleas
472 3947 710 4011 extendi,
744 3954 798 4001 et
823 3947 1169 4003 Crescentem
1202 3947 1255 4000 in
1286 3955 1501 4016 gutture
1526 3943 1786 4015 transﬁgi,

209 4038 513 4093 Luciauum
539 4037 592 4091 in
616 4046 855 4107 pectore,
886 4037 1193 4092 Nemesium
1236 4037 1289 4090 in
1327 4036 1488 4091 corde
1508 4075 1523 4102 ,
1548 4035 1789 4090 Primiti-

209 4144 338 4181 vum
371 4143 468 4197 per
494 4128 828 4193 umbilicum,
864 4125 1133 4182 Justinum
1173 4141 1271 4195 per
1312 4125 1553 4180 membra
1582 4124 1786 4179 disten-

210 4234 331 4273 sum
373 4218 545 4273 scindi
574 4233 670 4287 per
705 4218 950 4289 singulos
987 4217 1229 4286 corporis
1271 4217 1440 4270 nodos
1471 4224 1633 4283 atque
1655 4212 1787 4282 junq

208 4316 433 4371 cturas,
478 4306 750 4362 Stacteum
805 4307 1007 4362 lanceis
1070 4293 1552 4360 innumerabilibus
1614 4305 1789 4359 donec

212 4404 538 4460 moreretur,
591 4398 645 4450 in
696 4404 896 4450 terram
938 4394 1166 4465 conligi,
1215 4393 1513 4465 Eugenium
1563 4393 1694 4448 ﬁndi
1755 4409 1784 4447 a

208 4496 433 4559 pectore
458 4502 629 4557 usque
654 4487 720 4542 ad
752 4485 1035 4542 inferiores
1058 4494 1258 4555 partes.
1285 4484 1467 4540 Altera
1496 4493 1673 4539 autem
1697 4484 1783 4538 die

212 4577 437 4631 veniens
486 4577 757 4631 Adrianus
816 4578 1108 4647 imperator
1156 4577 1224 4631 ad
1274 4574 1456 4630 fanum
1504 4574 1781 4640 Herculis,

203 4667 371 4738 jussit
410 4682 635 4736 corpora
684 4682 872 4721 eorum
915 4666 1076 4721 simul
1117 4665 1359 4730 auferri,
1405 4674 1459 4719 et
1501 4664 1687 4734 projici
1732 4665 1785 4717 in

211 4759 424 4814 foveam
454 4758 636 4813 altam.
658 4757 789 4814 Post
814 4766 1017 4829 septem
1047 4773 1177 4813 vero
1201 4758 1337 4822 dies,
1382 4758 1437 4811 in
1479 4757 1563 4811 die
1596 4764 1787 4810 octavo

210 4850 461 4921 martyrii
488 4865 697 4915 eorum,
729 4850 893 4905 ﬁliam
931 4849 1154 4904 Adriani
1186 4848 1527 4919 imperatoris
1561 4847 1789 4919 arripuit

210 4940 482 5005 diabolus,
504 4950 559 4995 et
572 4941 789 4997 veniens
810 4942 876 4995 ad
898 4940 1073 4995 locum
1094 4941 1185 4995 ubi
1209 4940 1384 4996 obruti
1413 4948 1567 4994 erant
1588 4938 1781 4998 sancti.
1818 4976 1820 4979 ι

209 5033 483 5087 clamabat
512 5048 609 5101 per
638 5047 698 5086 os
726 5032 842 5100 ejus
872 5031 1113 5086 diabolus
1140 5031 1323 5085 dicens
1347 5050 1359 5084 :
1394 5048 1411 5080 ε
1450 5029 1658 5084 Domini
1683 5028 1787 5080 mei

214 5133 420 5192 septem
444 5123 682 5193 germani
713 5132 980 5192 martyres
1000 5122 1223 5185 Christi,
1257 5122 1542 5176 inconditis
1572 5136 1657 5175 me
1690 5121 1788 5174 mi-

210 5229 412 5270 seram.
448 5234 465 5267 ι
501 5213 619 5283 ipse
649 5222 827 5268 autem
868 5213 1138 5269 Adrianus
1182 5214 1434 5269 similiter
1480 5222 1727 5284 arreptus
1756 5229 1787 5267 a

209 5303 477 5358 dmmonio
515 5302 894 5357 miserabiliter
922 5304 1086 5356 vitam
1107 5300 1438 5370 corporalem
1470 5301 1660 5355 ﬁnivit.
1686 5301 1791 5355 Eo-

210 5397 337 5450 dem
363 5395 448 5449 die
480 5394 532 5447 in
556 5394 774 5449 civitate
803 5393 1015 5447 Verona
1044 5393 1325 5447 translatio
1354 5392 1523 5447 sancti
1552 5390 1784 5446 Zenonis

208 5486 500 5555 martyris,
538 5483 691 5551 cujus
720 5488 909 5540 beatus
933 5484 1223 5554 Gregorius
1259 5486 1310 5538 in
1352 5484 1501 5539 libris
1540 5482 1785 5553 Dialogo-

209 5590 332 5630 rum
364 5575 627 5630 meminit.
654 5575 852 5629 Eodem
881 5576 965 5629 die
993 5576 1169 5643 passio
1194 5583 1278 5629 est
1302 5573 1534 5628 Victoris
1552 5613 1566 5634 ,
1592 5572 1785 5627 Massi-

208 5666 400 5721 liensis
433 5666 667 5736 episcopi
689 5706 703 5730 ,
732 5666 822 5734 qui
850 5667 948 5720 sub
973 5665 1306 5720 Diocletiano
1373 5673 1427 5718 et
1460 5662 1783 5716 Maximiano

210 5759 628 5827 imperatoribus
667 5767 886 5826 prapter
925 5758 1083 5811 ﬁdem
1127 5757 1327 5810 Christi
1372 5771 1467 5824 per
1512 5754 1781 5808 Arterium

1811 4544 1865 4600 D

1893 1968 2055 2023 quam
2109 1954 2383 2021 dedimus;
2425 1954 2595 2024 majus
2622 1967 2732 2020 est,
2758 1961 2900 2027 quod
2939 1960 3271 2029 recepimus,
3305 1976 3467 2031 quam

1892 2047 2034 2115 quod
2084 2046 2327 2101 intulisse
2365 2048 2686 2114 probamur;
2728 2066 2746 2098 ι
2789 2048 2877 2116 qui
2911 2063 3079 2117 usque
3106 2049 3172 2102 ad
3216 2059 3467 2119 quartum

1892 2136 2035 2191 diem
2068 2144 2260 2201 tortus,
2293 2138 2378 2191 die
2398 2137 2587 2207 quinto
2610 2154 2636 2191 a
2662 2139 2948 2207 semetipso
2972 2138 3253 2208 laqueatus
3282 2146 3335 2194 et
3354 2138 3465 2207 jam

1890 2230 2037 2284 omni
2082 2230 2384 2299 putredinis
2424 2231 2673 2299 squalore
2724 2232 2995 2293 decoctus,
3040 2232 3312 2288 vermibus
3345 2234 3466 2289 bul-

1892 2320 2071 2385 liens,
2120 2320 2173 2373 in
2226 2320 2476 2375 tirocinio
2520 2320 2643 2375 vitae
2695 2336 2805 2376 suae
2842 2321 3040 2374 malum
3099 2321 3259 2392 digna
3297 2332 3469 2378 morte

1895 2409 2089 2465 ﬁnivit.

1962 2499 2033 2554 XI
2069 2499 2200 2554 ΚΑι.
2233 2499 2493 2556 Nativitas
2520 2500 2700 2555 Mariae
2729 2500 3072 2572 Magdalenae.
3101 2501 3159 2556 In
3182 2502 3466 2559 Antiochia

1896 2590 2077 2643 natale
2112 2597 2421 2643 sanctorum
2453 2588 2637 2661 Cyrilli
2678 2590 2915 2660 episcopi
2942 2631 2957 2655 ,
3000 2591 3259 2657 Andrere;
3307 2601 3360 2648 et
3412 2596 3465 2649 in

1894 2678 2134 2749 Anquira
2178 2677 2437 2751 [Ancyro]
2480 2678 2704 2734 Galatiae
2752 2679 2945 2735 natalis
2987 2682 3157 2736 sancti
3199 2682 3469 2750 Platonis,

1896 2771 2048 2841 cujus
2089 2779 2236 2840 gesta
2265 2770 2551 2825 habentur.

1964 2861 2013 2917 X
2048 2852 2499 2931 KamDepositio
2543 2862 2709 2915 sancti
2760 2862 3083 2931 Apollinaris
3133 2864 3367 2935 episcOpi
3412 2866 3465 2921 in

1897 2951 2171 3017 Ravenna,
2202 2954 2289 3022 qui
2325 2952 2507 3007 Roma:
2534 2953 2814 3007 ordinatus
2841 2954 2909 3007 ab
2934 2954 3176 3022 apostolo
3203 2953 3385 3019 Petro,
3412 2966 3467 3010 et

1897 3044 2021 3100 illuc
2052 3046 2247 3101 missus
2268 3054 2378 3111 est;
2405 3045 2496 3114 qui
2525 3046 2688 3100 etiam
2730 3044 2782 3099 in
2815 3044 3031 3099 Emilia
3071 3048 3379 3116 pnedicavit
3414 3058 3467 3103 et

1841 3191 1863 3210 η
1898 3137 1950 3191 in
1977 3136 2221 3206 partibus
2248 3135 2668 3198 Corinthiorum,
2702 3144 2755 3191 ct
2787 3136 2839 3190 in
2870 3136 3032 3207 Mysia
3056 3145 3107 3193 et
3138 3138 3188 3192 in
3218 3139 3330 3209 ripa
3360 3140 3467 3195 Da-

1896 3227 2066 3292 nubii,
2089 3234 2144 3281 et
2169 3228 2221 3281 in
2248 3226 2491 3295 partibus
2514 3226 2779 3291 Thraciae,
2809 3226 2860 3281 in
2892 3227 3085 3296 quibus
3114 3227 3244 3284 locis
3278 3229 3466 3287 exsilio

1896 3317 2163 3388 relegatus
2192 3325 2296 3382 est,
2322 3326 2375 3371 et
2402 3318 2704 3387 ubicunque
2728 3316 2995 3385 pervenit,
3023 3318 3334 3373 innumeras
3355 3321 3462 3373 vir-

1895 3414 2037 3461 tutes
2076 3404 2205 3460 fecit
2246 3412 2299 3459 et
2343 3405 2622 3474 passiones
2651 3401 2942 3457 sustinuit:
2977 3418 3099 3457 nam
3149 3405 3311 3459 nimia
3343 3421 3466 3462 cum

1893 3499 2037 3554 Crede
2064 3506 2332 3552 mactatus
2359 3504 2476 3559 est,
2507 3504 2561 3549 et
2601 3510 2815 3549 rursum
2862 3495 3063 3549 diutius
3103 3494 3332 3551 fustibus
3364 3513 3463 3553 cte-

1894 3605 2006 3652 sus,
2034 3604 2097 3643 ac
2128 3589 2285 3644 nudis
2318 3586 2539 3657 pedibus
2575 3601 2737 3655 super
2760 3600 2963 3655 prunas
3001 3586 3317 3656 impositus,
3352 3604 3465 3643 rur-

1891 3696 1982 3735 sus
2012 3694 2184 3734 czesus
2212 3687 2266 3733 et
2293 3677 2488 3747 equulo
2515 3692 2784 3747 appensus
2822 3685 2995 3732 tortus
3022 3680 3134 3741 est,
3168 3686 3221 3732 et
3247 3694 3375 3734 saxo
3403 3696 3465 3733 os

1891 3766 2006 3835 ejus
2037 3774 2322 3822 contusum
2350 3774 2450 3830 est,
2478 3774 2532 3820 et
2559 3780 2679 3819 cum
2710 3766 3028 3837 gravissimo
3070 3765 3196 3822 ferri
3230 3770 3465 3837 pondere

1891 3857 2127 3911 inclusus
2152 3856 2205 3910 in
2236 3868 2453 3911 carcere
2478 3854 2767 3919 horriﬁco,
2800 3864 2962 3924 atque
2991 3856 3043 3909 in
3078 3856 3222 3927 ligno
3263 3867 3455 3913 exten~

1890 3962 1983 4002 sus
2013 3954 2114 4009 est,
2144 3944 2233 3999 ubi
2264 3944 2331 3999 ab
2360 3944 2667 3999 hominibus
2698 3944 2911 4013 quidem
2948 3946 3241 4016 neglectus,
3275 3950 3369 4003 sed
3395 3951 3463 4004 ab

1889 4036 2080 4106 angelo
2114 4035 2325 4105 publice
2348 4043 2531 4104 pastus
2561 4044 2662 4090 est.
2694 4035 2894 4090 Deinde
2920 4044 3202 4091 catenatus
3229 4038 3280 4091 in
3315 4040 3464 4093 exsi-

1890 4126 2018 4180 lium
2064 4126 2299 4181 directus
2330 4132 2441 4189 est,
2488 4125 2541 4179 in
2592 4141 2700 4195 quo
2739 4140 2953 4179 rursum
2996 4126 3197 4181 diutius
3231 4126 3462 4183 fustibus

1890 4231 2078 4281 caesus,
2108 4224 2161 4270 et
2184 4231 2371 4269 rursus
2397 4214 2449 4268 in
2475 4214 2729 4269 Ravenna
2754 4213 2969 4283 ligatus,
2995 4229 3024 4267 a
3052 4214 3273 4283 paganis
3292 4230 3462 4269 caesus

1888 4315 1941 4362 et
1962 4305 2273 4360 vulneratus
2300 4312 2417 4370 est,
2446 4312 2500 4358 et
2534 4319 2747 4358 rursum
2778 4304 2830 4357 in
2868 4318 3141 4358 carcerem
3183 4305 3380 4359 missus
3409 4314 3463 4359 et

1886 4412 2077 4452 caesus.
2112 4394 2201 4450 Sic
2228 4396 2542 4463 martyrium
2578 4393 2972 4449 consummavit
3008 4394 3108 4448 sub
3134 4394 3463 4464 Vespasiano

1889 4490 2123 4555 Caesare,
2150 4488 2507 4543 Demosthene
2538 4487 2793 4557 patricio;
2823 4487 2962 4541 rexit
2987 4485 3283 4542 Ecclesiam
3306 4487 3462 4541 annis

1888 4580 2074 4649 viginti
2106 4589 2248 4644 octo,
2280 4579 2466 4633 diebus
2492 4587 2741 4647 quatuor.

1958 4670 2028 4723 IX
2061 4670 2195 4723 ΚΑι.
2224 4670 2280 4725 1η
2301 4669 2441 4739 Tyro
2461 4669 2679 4723 civitate
2712 4667 2889 4722 natale
2934 4675 3133 4721 sancta:
3179 4666 3461 4723 Christinzze

1887 4762 2133 4832 virginis,
2164 4775 2284 4829 qua:
2314 4759 2366 4813 in
2399 4758 2591 4812 Filium
2622 4758 2716 4812 Dei
2744 4758 2971 4813 credens
2992 4799 3005 4821 ,
3041 4765 3095 4811 et
3133 4757 3298 4812 cultui
3344 4759 3461 4828 ejus

1888 4853 2198 4909 deserviens
2226 4892 2239 4916 ,
2290 4866 2397 4904 non
2446 4851 2615 4919 potuit
2648 4850 2717 4903 ab
2766 4848 2983 4904 Urbano
3024 4858 3193 4918 patre.
3222 4864 3319 4904 suo
3356 4851 3460 4906 ullo

1888 4944 2048 4998 modo
2081 4943 2203 4997 inde
2232 4940 2429 5003 divelli,
2463 4940 2554 4993 sed
2586 4938 2723 4992 idola
2747 4936 2860 5005 ejus
2879 4947 3163 4993 conterens
3186 4939 3458 5009 dispersit,

1888 5042 1945 5089 et
1972 5033 2120 5087 dedit
2146 5048 2208 5084 ea
2240 5030 2599 5099 pauperibus;
2633 5028 2702 5082 ob
2735 5027 2875 5095 quod
2922 5026 3123 5082 factum
3165 5035 3317 5097 pater
3345 5027 3461 5097 ejus

1890 5122 2072 5177 multis
2104 5120 2387 5175 tormentis
2416 5132 2535 5171 eam
2564 5115 2862 5181 alliciebat,
2893 5117 2995 5169 hoc
3024 5124 3128 5179 est,
3171 5115 3460 5185 plumbatis

1889 5226 2008 5268 eam
2040 5209 2297 5273 etedebat,
2335 5206 2585 5261 similiter
2612 5212 2666 5260 et
2693 5204 2856 5273 virgis
2885 5205 3080 5258 nudam
3119 5202 3453 5274 ﬂagellabat,

1888 5310 1944 5357 et
1960 5300 2239 5356 duodecim
2256 5298 2501 5353 homines
2519 5296 2745 5350 fustibus
2756 5296 3052 5358 credebant,
3067 5304 3121 5350 et
3136 5310 3328 5351 carnes
3341 5296 3457 5365 ejus

1890 5394 1958 5448 ab
1984 5392 2195 5447 ossibus
2234 5388 2532 5443 solvebant.
2562 5386 2752 5442 Postea
2781 5399 2899 5439 eam
2940 5386 3151 5455 ignibus
3191 5385 3272 5438 uri
3315 5401 3458 5454 prae-

1891 5484 2052 5551 cepit,
2077 5482 2171 5536 sed
2196 5495 2300 5535 non
2326 5478 2623 5548 praevaluit.
2646 5477 2845 5531 Deinde
2866 5492 2997 5533 saxo
3019 5477 3083 5530 ad
3112 5477 3304 5530 collum
3340 5475 3457 5544 ejus

1889 5574 2051 5642 ligato
2095 5572 2145 5625 in
2199 5584 2345 5624 mare
2395 5568 2646 5637 prmcepit
2678 5582 2794 5622 eam
2820 5581 3087 5635 mergere,
3115 5566 3208 5620 sed
3241 5566 3453 5621 Domini

1889 5664 2087 5719 auxilio
2118 5662 2240 5716 inde
2268 5661 2490 5715 liberata
2520 5669 2621 5714 est.
2645 5658 2777 5714 Cum
2808 5668 2983 5713 autem
3013 5666 3230 5726 propter
3249 5657 3453 5711 scelera

1889 5768 1983 5808 sua
2016 5762 2171 5822 pater
2198 5750 2314 5817 ejus
2341 5752 2636 5805 exstinctus
2664 5756 2767 5811 est,
2801 5749 2867 5802 ab
2899 5747 3015 5801 aliis
3041 5746 3328 5814 judicibus,
3354 5746 3455 5801 hoc
