3924 6340
413 386 550 442 H39

1046 378 1109 434 Β.
1148 377 1402 435 RABANI
1442 377 1661 435 MAURI
1698 376 2018 434 ARClllEP.
2061 364 2375 435 MOGU'NT.
2413 372 2701 433 OPERUM
2734 372 2915 431 PARS
2952 374 3013 431 ll.

3540 380 3671 436 “00

405 505 491 554 est
516 495 685 551 Dione
717 502 773 548 et
792 490 1006 549 Iuliano
1029 532 1043 557 ,
1070 490 1238 546 multa
1271 498 1539 548 tormenta
1568 504 1727 561 passa
1748 498 1867 555 est,
1892 487 1987 545 sed
2013 494 2066 554 Α
2090 488 2461 559 baptizaretur
2483 485 2553 541 ab
2578 485 2831 559 Eusebio,
2872 484 3268 545 Nicomedicnsi
3292 489 3549 563 episcopo
3567 532 3585 559 ,
3618 503 3673 550 et

408 586 503 642 Dei
530 582 736 653 judicio
761 582 1044 638 exstinctis
1088 582 1353 647 hostibus,
1395 595 1494 651 per
1532 580 1856 653 martyrium
1888 580 1988 653 mi—

410 676 589 747 gravit
624 674 690 728 ad
732 672 1029 729 Christum.
1082 672 1284 727 Eodem
1341 671 1428 728 die
1476 670 1654 727 natale
1695 680 1779 726 est
1814 670 1986 726 sancti

409 766 705 831 Victorini,
729 764 822 835 qui
854 779 976 819 cum
1020 762 1189 819 fratre
1235 762 1496 819 Severino
1533 762 1759 818 audiens
1800 777 1990 819 vocem

405 857 508 912 Dei
557 857 610 911 in
652 854 942 926 Evangelio
969 855 1203 910 dicentis
1236 855 1305 910 ad
1332 854 1552 910 divitem
1576 867 1592 907 :
1619 852 1679 909 Si
1708 854 1787 926 vis.
1813 854 1988 925 perfe-

408 956 521 999 ctus
549 960 679 1009 esse,
712 944 862 1010 vade,
892 946 1052 1000 vende
1080 945 1255 999 omnia
1280 961 1397 1015 qua:
1424 943 1604 1010 habes,
1626 952 1675 998 et
1700 943 1769 998 da
1796 960 1991 1015 paupe-

409 1036 574 1102 ribus,
605 1045 661 1091 et
691 1035 896 1105 reliqua
924 1035 1137 1107 (Matth.
1172 1035 1262 1109 x);
1296 1035 1632 1105 reliquerunt
1678 1034 1838 1090 ambo
1881 1033 1992 1088 fra-

408 1138 521 1184 tres
546 1128 733 1184 mundi
763 1128 1004 1194 divitias,
1026 1136 1083 1184 et
1108 1128 1289 1183 omnia
1319 1142 1416 1182 sua
1449 1126 1827 1197 dispensantes
1851 1139 1989 1195 pau-

406 1220 649 1290 peribus,
684 1219 1018 1274 eremiticam
1044 1218 1212 1273 vitam
1238 1218 1547 1290 elegerunt,
1587 1216 1772 1287 ibique
1800 1214 1993 1270 nobili-

409 1320 493 1365 ter
530 1311 814 1376 vixerunt,
864 1311 991 1367 licet
1037 1310 1351 1366 Victorinus
1403 1310 1472 1365 ad
1523 1318 1735 1380 tempus
1775 1307 1992 1363 delusus

408 1398 599 1453 fuisset
626 1413 657 1453 a
687 1398 925 1463 diabolo,
957 1398 1053 1453 sed
1089 1407 1268 1455 tamen
1308 1397 1522 1453 Domini
1566 1397 1741 1468 gratia
1786 1396 1853 1452 de
1891 1396 1994 1451 ini-

408 1490 551 1544 mico
591 1489 761 1544 victor
795 1490 1035 1545 existens
1072 1488 1324 1543 nobiliter
1353 1488 1723 1559 triumphavit,
1758 1487 1899 1543 sicut
1936 1487 1991 1542 in

410 1579 533 1634 Vita
568 1580 781 1635 illorum
812 1580 1048 1649 pleniter
1069 1585 1344 1633 narratur.

478 1666 593 1722 Vill
630 1667 765 1721 KAL.
804 1666 1071 1721 Nativitas
1121 1666 1297 1721 sancti
1346 1663 1531 1720 Jacobi
1573 1662 1816 1720 Zebedaei
1859 1677 1994 1733 apo-

407 1758 550 1814 stoli.
574 1758 775 1813 Eodem
801 1757 888 1812 die
914 1756 1101 1810 Romze
1120 1754 1297 1809 natale
1324 1754 1608 1825 Eutyciani
1624 1751 1991 1825 [Eutychiani]

2083 577 2237 649 juxta
2267 586 2532 650 praecepta
2563 563 2805 649 ejusdem
2832 578 3132 635 Constantii
3160 580 3387 655 Augusti
3410 585 3671 657 martyrio

2088 678 2380 725 coronatur
2408 678 2464 724 et
2488 668 2667 739 capite
2692 668 3062 725 detruncatur.
3098 670 3413 730 Aurelianis
3451 676 3672 734 civitate

2090 760 2355 831 depositio
2398 760 2541 815 beati
2572 757 2823 830 Prosperi
2852 762 3120 834 episcopi,
3157 764 3460 822 doctissimi
3490 769 3593 824 viri
3620 781 3673 825 et

2089 840 2438 909 sanctissimi.
2478 849 2681 905 Eodem
2712 851 2802 906 die
2836 852 3017 922 passio
3059 852 3368 910 celebratur
3400 854 3674 928 Simplicis

2092 937 2403 1013 [Simplicii]
2435 946 2491 994 et
2518 937 2763 994 Faustini
2790 954 3193 1011 germanorum,
3214 944 3308 1014 qui
3338 944 3441 1000 sub
3466 946 3675 1003 Diode-

2091 1031 2239 1085 tiano
2264 1037 2319 1085 et
2348 1028 2674 1084 Maximiano
2708 1029 3123 1100 imperatoribus
3157 1031 3214 1087 in
3252 1032 3388 1090 urbe
3429 1033 3670 1091 Romana

2088 1130 2311 1190 propter
2351 1118 2522 1208 fidem
2567 1118 2772 1175 Christi
2814 1120 3063 1177 decollati
3114 1131 3261 1179 sunt.
3310 1122 3578 1208 Similiter
3621 1136 3674 1183 et

2090 1222 2346 1277 germana
2368 1222 2580 1274 eorum,
2610 1208 2825 1264 Beatrix
2855 1210 3107 1278 nomine,
3144 1226 3213 1269 eo
3254 1214 3400 1283 quod
3441 1208 3672 1286 corpora

2092 1310 2281 1351 eorum
2308 1311 2430 1351 cum
2460 1295 2653 1367 Crispo
2674 1307 2729 1353 et
2748 1297 2953 1354 Joanne
2980 1302 3313 1373 presbyteris
3333 1304 3618 1375 sepelivit,
3643 1322 3673 1361 a

2092 1386 2345 1442 Lucretio
2391 1385 2647 1457 prmfecto
2691 1389 2981 1458 praefocata
3033 1390 3268 1447 reddidit
3306 1394 3591 1464 spiritum,
3623 1402 3676 1452 et

2094 1491 2264 1547 usque
2294 1478 2348 1532 in
2374 1478 2535 1533 finem
2575 1479 2699 1534 vita:
2734 1480 2787 1534 in
2826 1480 3030 1536 Christi
3057 1482 3401 1539 confessione
3427 1501 3676 1557 perseve-

2095 1569 2253 1622 ravit.
2280 1568 2564 1624 Lucretius
2585 1583 2714 1624 vero
2741 1570 2808 1624 ab
2837 1570 3111 1625 immundo
3132 1572 3326 1642 spiritu
3345 1584 3601 1645 arreptus
3621 1576 3674 1633 in

2095 1658 2344 1713 convivio
2374 1673 2473 1714 suo
2496 1659 2817 1730 exspiravit.

2166 1748 2230 1803 lll
2262 1748 2395 1804 ΚΑι.
2425 1748 2640 1824 Romae,
2679 1750 2833 1805 Abdo
2875 1759 2930 1806 et
2976 1750 3175 1808 Scnnis
3208 1752 3421 1826 [Abdon
3453 1764 3511 1811 et
3537 1756 3673 1813 Seu-

404 1864 558 1919 papae
586 1857 642 1902 et
666 1846 940 1917 martyris.
970 1844 1067 1899 llic
1093 1843 1373 1900 constituit
1410 1842 1593 1921 fruges
1629 1857 1794 1913 super
1821 1842 1994 1897 altare
2020 1843 2069 1901 B
2096 1838 2224 1913 neu]
2255 1840 2664 1912 subregulorum
2685 1882 2698 1904 ,
2734 1841 2824 1912 qui
2855 1858 2978 1897 cum
3019 1842 3254 1900 Curnula
3297 1846 3521 1904 civitate
3551 1849 3676 1904 Per-

408 1946 620 1992 tantum
650 1936 803 1992 fabas
826 1944 882 1991 et
921 1949 1055 1989 uvas
1081 1933 1352 1990 benedici.
1382 1932 1482 1988 Hic
1516 1933 1849 2003 temporibus
1882 1932 1996 1988 suis

408 2044 504 2099 per
534 2030 744 2083 diversa
770 2026 889 2083 loca
915 2032 1185 2081 trecentos
1213 2023 1572 2095 quadraginta
1602 2036 1767 2077 unum
1792 2028 1997 2092 marty—

406 2136 495 2177 res
525 2136 686 2175 manu
729 2134 825 2173 sua
871 2115 1135 2187 sepelivit.
1165 2114 1267 2183 Qui
1316 2115 1420 2169 hoc
1460 2112 1740 2169 constituit
1772 2118 1834 2166 ut
1871 2110 1995 2181 qui-

406 2225 619 2281 cunque
649 2208 887 2264 fidelium
917 2215 1213 2277 martyrem
1243 2203 1526 2275 sepeliret,
1559 2202 1676 2257 sine
1704 2200 1996 2257 dahnatica

413 2309 470 2355 et
510 2298 722 2355 colobio
753 2302 1051 2367 purpurato
1092 2292 1239 2371 nulla
1276 2292 1488 2347 ratione
1530 2289 1821 2361 sepeliret:
1852 2289 1999 2361 quod

411 2405 537 2449 tunc
558 2407 728 2461 usque
757 2391 823 2445 ad
851 2388 1101 2444 notitiam
1128 2386 1232 2441 sibi
1262 2385 1652 2455 divulgaretur.
1683 2382 1887 2463 Eodem
1908 2380 1997 2439 die

406 2484 588 2556 passio
617 2490 699 2537 est
724 2479 896 2536 sancti
924 2475 1302 2547 Christophori
1330 2474 1605 2547 martyris,
1632 2473 1801 2543 quiin
1832 2473 1996 2529 Samo

408 2576 627 2630 civitate
653 2590 684 2629 a
709 2574 893 2642 Dagno
924 2586 1050 2641 rege
1075 2568 1460 2640 martyrizatus
1493 2575 1596 2623 est.
1618 2566 1753 2622 Nam
1777 2582 1876 2638 per
1896 2582 1995 2621 va-

409 2666 490 2720 ria
523 2671 788 2719 tormenta
834 2677 931 2718 rex
968 2660 1116 2715 illum
1147 2659 1392 2715 cruciare
1429 2656 1605 2727 iussit.
1641 2656 1748 2713 Sed
1773 2659 1856 2713 vir
1876 2672 1998 2713 san-

409 2763 529 2811 ctus
560 2752 869 2825 impetravit
909 2768 939 2808 a
981 2751 1210 2807 Domino
1260 2756 1321 2804 ut
1364 2748 1519 2804 multi
1571 2747 1858 2805 crederent
1901 2761 1997 2819 per

413 2843 593 2916 ipsum
640 2844 694 2897 in
732 2841 975 2905 Christo,
1020 2856 1123 2897 nec
1162 2854 1269 2895 non
1322 2846 1379 2893 et
1420 2838 1597 2908 ipsum
1643 2840 1854 2907 regem,
1900 2836 1995 2906 qui

413 2936 622 3006 sagittae
668 2934 779 2989 ictu
822 2933 1035 2989 oculum
1081 2932 1349 3004 perdidit,
1398 2930 1677 3001 sanguinis
1720 2929 1801 2984 sui
1843 2936 1996 3006 gutta

410 3036 532 3097 post
556 3024 860 3096 passionem
887 3038 1039 3079 suam
1069 3022 1301 3087 sanavit,
1331 3022 1473 3078 sicut
1495 3021 1546 3077 ei
1573 3022 1687 3092 ipse
1708 3031 1831 3074 ante
1855 3032 1997 3092 pra:-

411 3117 571 3183 dixit,
600 3124 654 3173 et
683 3116 752 3171 ad
780 3115 938 3172 [idem
966 3113 1166 3171 Christi
1197 3113 1485 3169 convertit.

484 3206 574 3263 Vll
617 3206 752 3261 KAL.
790 3205 850 3260 In
885 3204 1136 3260 Laodicia
1180 3202 1428 3276 Phrygiae
1469 3201 1648 3257 natale
1683 3207 1995 3258 sanctorum
2022 3192 2067 3255 C

410 3302 623 3358 Ioviani
648 3310 703 3356 et
730 3299 957 3355 Juliani.

486 3390 554 3445 Vl
584 3389 718 3445 ΚΑι..
751 3388 809 3443 In
841 3387 998 3459 Syria
1022 3384 1292 3441 Simeonis
1322 3382 1593 3440 monachi.
1612 3381 1669 3436 In
1691 3379 1997 3451 Campaniae

388 3479 639 3535 'civitate
666 3477 800 3532 Nola
828 3474 1007 3530 natale
1035 3474 1231 3529 Felicis
1249 3514 1263 3537 ,
1300 3480 1355 3528 et
1392 3472 1448 3525 in
1479 3470 1585 3525 alio
1616 3469 1734 3524 loco
1762 3466 1915 3524 Julia
1940 3474 1997 3522 et

416 3568 689 3622 Jocundan.
722 3564 779 3620 In
808 3565 1028 3620 civitate
1052 3561 1397 3619 Antisiodoro
1417 3559 1598 3616 natale
1618 3557 1789 3614 sancti
1811 3557 1996 3613 Etheri

419 3655 670 3729 [Etlterii]
702 3654 959 3725 episcopi.
1846 3691 1864 3706 ι

488 3748 529 3803 V
560 3746 695 3801 ΚΑι..
729 3744 914 3800 Roma:
938 3784 952 3808 ,
982 3742 1217 3798 Victoris
1267 3756 1417 3812 papae
1466 3748 1521 3797 et
1568 3740 1854 3811 martyris,
1903 3738 1997 3809 qui

417 3836 692 3890 constituit
723 3835 779 3888 in
806 3833 1050 3889 Ecclesia
1075 3840 1133 3886 ut
1171 3831 1407 3887 faciente
1439 3830 1764 3886 necessitate
1794 3828 1884 3885 ubi
1917 3829 1999 3883 in-

418 3936 639 3980 ventum
665 3932 829 3989 esset,
866 3923 979 3978 sive
1010 3922 1063 3976 in
1099 3920 1339 3986 ﬂumine,
1368 3922 1482 3976 sive
1510 3920 1566 3975 in
1596 3920 1773 3984 fonte,
1801 3919 1915 3975 sive
1941 3920 1996 3974 in

420 4013 594 4078 mari,
647 4022 857 4068 tantum
900 4010 1225 4067 Christiana:
1272 4010 1610 4066 credulitatis
1659 4009 1999 4066 confessione

418 4103 688 4158 declarata
713 4142 727 4167 ,
760 4102 1065 4172 quicunque
1110 4100 1388 4156 hominum
1436 4100 1659 4156 veniens
1703 4115 1770 4156 ex
1811 4099 1998 4171 gentili

419 4193 787 4265 baptizaretur
812 4211 825 4245 :
858 4201 908 4247 et
930 4191 1172 4262 sepule
1196 4190 1449 4260 estjuxta
1478 4205 1675 4260 corpus
1697 4190 1839 4245 beati
1852 4189 1998 4244 Petri

420 4282 647 4353 apostoli
689 4282 740 4337 in
784 4281 1065 4337 Vaticano.
1111 4280 1313 4335 Eodem
1365 4279 1450 4335 die
1500 4279 1687 4335 Romae
1732 4278 1998 4348 depositio

422 4374 595 4429 saneti
621 4374 914 4429 Innocentii
942 4388 1113 4444 papae.
1131 4370 1229 4427 llic
1249 4372 1599 4427 constitutum
1626 4370 1753 4426 fecit
1770 4371 1835 4427 de
1850 4371 1996 4426 omni

423 4466 683 4529 Ecclesia,
709 4474 764 4520 et
790 4466 855 4520 de
881 4465 1083 4536 regulis
1104 4463 1576 4526 monasteriorum,
1602 4470 1657 4517 ct
1680 4463 1747 4517 de
1775 4460 1995 4526 Iudaeis,

2103 1946 2287 1986 sarum
2314 1931 2526 1986 vincula
2561 1939 2875 2002 paterentur
2901 1948 2930 1986 a
2956 1932 3139 2002 Decio,
3162 1936 3229 1991 ad
3250 1934 3503 1993 ultimum
3524 1938 3675 1995 duxit

2109 2038 2207 2079 eos
2247 2022 2474 2078 Romam
2525 2024 2733 2077 catenis
2779 2023 3075 2095 obligatos,
3126 2034 3183 2081 et
3228 2025 3459 2083 diversis
3502 2029 3675 2098 poenis

2100 2122 2439 2181 maceratos,
2489 2112 2580 2168 ubi
2649 2113 2823 2183 primo
2889 2112 3182 2184 plumbatis
3245 2116 3408 2181 caesi,
3458 2125 3514 2172 et
3554 2116 3675 2172 inde

2098 2207 2276 2280 gladio
2339 2204 2607 2262 interfecti
2659 2213 2805 2261 sunt.
2855 2205 3201 2265 Antisiodoro
3248 2208 3514 2281 depositio
3556 2208 3676 2265 Ursi

2096 2312 2354 2371 episcopi.

2164 2387 2209 2444 ll
2240 2387 2375 2443 ΚΑι..
2403 2386 2461 2441 In
2493 2385 2676 2443 Africa
2711 2386 2929 2443 civitate
2965 2386 3204 2444 Sinnada
3241 2391 3425 2447 natale
3451 2374 3674 2449 sancto-

2096 2496 2217 2535 rum
2244 2479 2563 2545 Democriti,
2588 2477 2845 2545 Secundi,
2872 2478 3115 2551 Dionysii
3132 2519 3148 2547 ,
3176 2479 3372 2551 Thyrsi
3401 2498 3415 2535 :
3439 2480 3674 2538 Antisio-

2096 2570 2230 2651 dore
2265 2569 2533 2640 depositio
2556 2570 2730 2624 sancti
2753 2569 3010 2626 Germani
3041 2569 3279 2642 episcopi
3309 2580 3366 2627 et
3400 2570 3674 2629 confesso-

2096 2649 2194 2727 ris,
2237 2660 2329 2731 qui
2359 2659 2544 2715 multis
2592 2659 2912 2726 virtutibus,
2956 2659 3203 2715 doctrina
3248 2667 3304 2716 et
3340 2661 3671 2717 continentia

2096 2752 2299 2817 clarus,
2339 2750 2504 2806 etiam
2529 2748 2819 2805 Bretonum
2864 2748 3189 2823 [Britonum]
3222 2750 3382 2806 iidem
3417 2766 3519 2823 per
3543 2752 3672 2807 duas

2096 2843 2244 2897 vices
2283 2856 2315 2896 a
2354 2840 2643 2911 Pelagiana
2669 2841 2864 2896 haeresi
2901 2840 3160 2897 defendit.
3192 2841 3261 2897 Et
3291 2841 3345 2897 in
3383 2841 3669 2909 Vercellis,

2097 2933 2316 2991 Eusebii
2369 2931 2651 3003 episcopi,
2703 2932 2797 3003 qui
2854 2932 3195 2989 moventibus
3242 2934 3673 3005 persecutionem

2094 3025 2315 3082 Arianis
2363 3024 2463 3080 sub
2502 3022 2816 3080 Constantio
2854 3023 3098 3095 principe
3132 3025 3455 3100 martyrium
3484 3038 3673 3096 passus

2096 3128 2199 3177 εει.

2600 3211 3174 3304 AUGUSTUS.
3268 3166 3271 3167 ί

2166 3378 2302 3436 ΚΜ..
2326 3378 2590 3436 Ancos-rt.
2630 3378 2956 3436 Sanctorum
2996 3380 3431 3438 Machabaiorum
3465 3391 3671 3455 septem

2097 3470 2329 3528 fratrum
2354 3487 2478 3529 cum
2505 3480 2681 3528 matre
2700 3488 2820 3538 sua,
2850 3473 2942 3544 qui
2970 3472 3117 3545 passi
3144 3481 3271 3529 sunt
3284 3475 3385 3531 sub
3407 3474 3675 3531 Antiocho

2102 3578 2252 3636 rege.
2270 3552 2282 3565 ’
2300 3563 2487 3621 Roma;
2507 3563 2773 3620 dedicatio
2796 3548 2983 3634 prima;
3015 3563 3258 3621 ecclesia:
3278 3580 3311 3621 a
3332 3566 3498 3622 beato
3518 3564 3675 3621 Petro

2098 3664 2423 3711 constructa
2449 3664 2505 3711 et
2532 3664 2885 3711 consecratae.

2167 3746 2236 3801 IV
2263 3745 2397 3801 Non.
2428 3746 2615 3802 Romae
2635 3744 2892 3817 Stephani
2920 3760 3091 3817 papae,
3114 3744 3209 3817 qui
3231 3747 3498 3817 martyrio
3520 3761 3675 3803 coro-

2098 3844 2259 3891 natus
2284 3844 2368 3891 est
2396 3835 2450 3890 in
2479 3834 2853 3904 persecutione
2879 3832 3153 3894 Valeriani
3173 3835 3453 3907 principis.
3476 3836 3674 3893 Eodem

2099 3922 2186 3978 die
2214 3922 2389 3979 natale
2414 3931 2614 3978 sancta:
2642 3922 2937 3978 Theodorte
2957 3937 3078 3977 cum
3109 3923 3285 3979 tribus
3310 3922 3436 3979 filiis
3458 3924 3598 3991 suis,
3622 3924 3673 3979 in

2098 4015 2376 4086 provincia
2394 4015 2683 4087 Bithyniae,
2707 4015 2841 4070 urbe
2862 4014 3069 4081 Nicaae,
3090 4022 3333 4085 tempore
3358 4014 3674 4072 Diocletiani

2099 4108 2199 4163 sub
2222 4108 2418 4164 comite
2444 4106 2749 4172 Leucadio,
2791 4105 2881 4177 qui
2926 4106 3065 4161 hanc
3102 4104 3246 4161 ferro
3280 4106 3519 4161 vinctam
3556 4121 3675 4161 cum

2100 4197 2225 4253 filiis
2273 4196 2541 4253 consulari
2585 4195 2849 4267 Bithyniae
2894 4193 3102 4250 Nicetio
3140 4193 3450 4249 destinavit.
3479 4194 3553 4249 At
3592 4194 3675 4249 ille

2099 4285 2276 4356 primo
2298 4284 2414 4353 ejus
2443 4284 2612 4339 filium
2647 4283 3062 4355 primogenitum
3106 4282 3369 4339 Evodium
3400 4283 3674 4341 Christum

2102 4374 2420 4431 fiducialiter
2460 4373 2804 4430 confitentem
2833 4371 2963 4427 fecit
3002 4370 3233 4429 fustibus
3274 4373 3431 4429 caedi.
3475 4375 3674 4430 Deinde

2102 4464 2246 4519 illam
2278 4480 2400 4521 cum
2428 4465 2678 4519 omnibus
2710 4462 2835 4518 filiis
2864 4468 2986 4534 igne
3016 4463 3279 4521 consumi.
3309 4462 3591 4539 Scriptum
3620 4464 3670 4519 in

422 4569 478 4612 et
506 4560 573 4612 tle
602 4558 825 4629 paganis
846 4597 864 4621 ,
887 4532 1172 4612 etvmultos
1196 4554 1567 4625 Cataphrygas
1596 4553 1801 4608 invenit
1818 4592 1834 4616 ,
1865 4565 1999 4621 quos
2102 4557 2353 4627 passione
2372 4562 2573 4611 sancta
2600 4532 2920 4610 Anastasite.

422 4647 614 4701 exsilio
633 4648 959 4701 monasterio
986 4645 1273 4717 relegavit;
1294 4652 1349 4700 et
1368 4644 1455 4699 hic
1480 4642 1685 4697 invenit
1704 4640 1999 4713 Pelagium,

422 4747 478 4794 et
506 4738 853 4793 Cwlestinum
883 4739 1193 4803 hmreticos,
1232 4746 1289 4792 et
1317 4734 1591 4792 damnavit
1627 4748 1753 4799 eos,
1805 4740 1861 4788 et
1899 4733 2002 4789 hoc

423 4831 708 4885 constituit
746 4838 804 4885 ut
846 4830 937 4899 qui
983 4829 1093 4885 nati
1140 4828 1343 4883 fuerint
1382 4828 1449 4883 de
1472 4825 1781 4881 Christiano
1816 4822 2003 4896 [Forte

2172 4648 2237 4703 lll
2262 4646 2397 4703 Non.
2428 4646 2486 4702 lu
2508 4645 2795 4701 Antiochia
2820 4645 2996 4701 sancti
3027 4642 3288 4715 Stephani
3314 4653 3674 4717 protomarty—

2103 4736 2199 4802 ris,
2225 4735 2315 4790 ubi
2359 4735 2546 4791 haberi
2574 4734 2773 4790 dicitur
2810 4750 2949 4790 unus
2988 4734 3056 4790 de
3085 4733 3353 4806 lapidibus
3393 4738 3591 4806 quibus
3622 4739 3672 4792 in

2100 4825 2325 4881 brachio
2356 4839 2645 4896 percussus
2672 4834 2777 4889 est,
2804 4832 2861 4879 et
2884 4824 3080 4879 multas
3106 4840 3174 4879 ex
3193 4838 3260 4879 eo
3278 4825 3511 4882 virtutes
3534 4826 3671 4882 sani-

424 4919 551 4975 add.
582 4915 835 4989 debeant]
886 4918 1061 4973 denuo
1087 4917 1234 4971 nasci
1271 4930 1371 4985 per
1398 4914 1723 4985 baptismum
1743 4952 1759 4979 ,
1788 4913 1892 4967 hoc
1918 4921 2004 4967 est
2103 4922 2273 4969 latum
2299 4913 2437 4969 ﬁeri.
2462 4913 2661 4969 Eodem
2688 4913 2775 4968 die
2802 4914 2853 4967 in
2882 4912 3272 4983 Hierosolymis
3295 4914 3537 4971 inventio
3561 4930 3673 4970 cor-

428 5008 713 5079 haptizari,
750 5008 891 5077 quod
918 5006 1165 5077 Pelagius
1194 5005 1488 5061 damnavit.

498 5098 564 5153 ιν
592 5097 725 5151 liae.
753 5096 1026 5167 Depositio
1056 5096 1229 5151 sancti
1256 5095 1388 5165 Lupi
1418 5093 1656 5165 episcopi
1684 5093 1750 5150 de
1771 5093 1995 5160 Trecas,

430 5188 519 5259 qui
540 5202 663 5242 cum
680 5185 953 5241 Germano
976 5187 1122 5241 venit
1149 5184 1503 5249 Britanniam,
1527 5192 1583 5240 et
1609 5184 1997 5255 quinquaginta

429 5279 563 5333 duos
592 5291 763 5331 annos
786 5275 859 5329 ibi
888 5274 1190 5330 sacerdotio
1220 5274 1435 5330 functus
1472 5281 1593 5328 est:
1624 5272 1716 5342 qui
1755 5281 1997 5342 tempore

430 5365 572 5436 regis
595 5364 774 5419 Attilae
794 5403 809 5429 ,
851 5364 943 5434 qui
971 5361 1199 5419 Galliam
1227 5364 1515 5427 vastabat,
1547 5361 1686 5416 sicut
1712 5361 1764 5415 in
1792 5361 1993 5432 hymno

426 5456 546 5526 ejus
570 5463 841 5519 cantatur,
874 5454 1001 5509 dum
1035 5454 1175 5523 bella
1210 5462 1403 5509 cuncta
1433 5450 1753 5522 perderent,
1793 5450 2000 5506 orando

429 5546 633 5604 Trecas
673 5544 922 5601 munivit.
973 5542 1159 5599 Romae
1203 5542 1390 5598 eodem
1444 5540 1531 5595 die
1579 5539 1756 5609 passio
1807 5538 2000 5594 Felicis

428 5655 580 5712 papa:
607 5648 663 5695 et
697 5638 968 5709 martyris.
1002 5638 1101 5693 llic
1129 5636 1278 5691 Felix
1305 5634 1600 5691 declaravit
1626 5633 1999 5703 constantium

432 5728 599 5783 filium
622 5728 961 5785 Constantini
990 5742 1111 5783 esse
1138 5726 1448 5782 haereticum
1465 5764 1481 5790 ,
1509 5738 1632 5779 cum
1657 5723 1893 5779 secundo
1915 5738 1999 5777 rc-

2103 5005 2250 5075 poris
2275 5003 2514 5073 ejusdem
2543 5003 2685 5058 beati
2714 5001 2974 5074 Stephani
3003 5003 3258 5074 martyris
3279 5011 3334 5057 et
3362 5012 3670 5059 sanctorum

2105 5093 2418 5150 Gamaliclis
2441 5101 2497 5149 et
2524 5092 2822 5149 Nicodemi.

2171 5186 2214 5241 ll
2252 5183 2385 5239 Non.
2431 5183 2615 5238 Sancti
2640 5181 2835 5238 Justini
2865 5181 3187 5238 confessoris
3212 5181 3415 5239 Christi
3440 5202 3455 5238 :
3482 5186 3549 5240 de
3571 5198 3671 5254 quo

2102 5285 2357 5332 narratur
2404 5276 2459 5330 in
2502 5274 2756 5345 passione
2792 5272 2932 5328 Xisti
2978 5282 3137 5343 atque
3181 5272 3492 5339 Laurentii,
3533 5272 3670 5344 quod

2104 5366 2303 5421 multos
2327 5365 2395 5421 ad
2425 5364 2585 5419 fidem
2609 5362 2807 5418 Christi
2835 5370 3194 5429 converteret,
3215 5376 3318 5418 nec
3342 5376 3453 5420 non
3473 5373 3531 5420 et
3550 5377 3670 5419 san-

2102 5464 2314 5513 ctorum
2344 5464 2642 5525 martyrum
2674 5453 2948 5523 sepeliret.

2172 5544 2308 5601 Non.
2345 5544 2401 5599 ln
2433 5545 2649 5600 civitate
2667 5543 2906 5615 Augusta
2931 5544 3111 5615 passio
3139 5554 3341 5600 sanctzc
3353 5544 3498 5601 Afra
3523 5559 3670 5605 mar-

2101 5636 2256 5708 tyris,
2286 5635 2440 5704 cujus
2484 5633 2768 5689 conversio
2795 5641 2851 5688 et
2876 5634 3020 5699 vita,
3054 5648 3151 5689 nec
3196 5649 3306 5689 non
3354 5643 3411 5689 et
3458 5634 3659 5703 passio.

2102 5728 2408 5798 conscripta
2440 5724 2688 5780 habetur.
2718 5724 2781 5779 Et
2809 5725 2935 5781 alibi
2966 5724 3146 5782 natale
3188 5734 3503 5783 sanctorum
3546 5723 3666 5780 Flo-
