3924 6326
239 372 369 431 1161

1538 377 1731 431 MART
1744 378 2086 436 YllOLOClU
2097 382 2141 435 Μ
2151 423 2164 435 .

3338 396 3478 450 lilii

228 480 365 533 riani
393 488 443 532 et
474 477 784 533 Philistiona.
815 478 872 533 In
899 479 1117 533 civitate
1142 480 1492 537 Cunilaunfee
1530 485 1796 554 depositio
1823 490 1868 549 Α
1898 499 1982 543 est
2017 492 2070 546 in
2094 492 2341 561 passione
2370 498 2542 553 sanrti
2565 496 2865 556 Sebastiani
2897 506 3170 575 martyris,
3186 509 3327 576 quod
3349 523 3475 567 cou-

227 568 472 624 Memmei
518 567 799 640 [Memmii]
833 571 1068 641 episcopi
1115 579 1172 625 et
1216 573 1570 638 confessoris,
1600 575 1668 630 de
1692 592 1799 645 quo

227 657 423 728 legitur
446 660 590 729 quod
615 678 646 712 ει
676 660 834 714 beato
857 660 1018 717 Petro
1046 661 1291 732 apostolo
1319 662 1372 717 in
1399 662 1641 720 fluuiana
1666 666 1800 721 urbe

224 751 507 820 episcopus
534 751 817 808 ordinatus
847 754 1045 809 missus
1072 753 1264 809 fuisset
1294 755 1349 809 iu
1368 754 1597 810 Calliam
1635 757 1798 814 simul

225 857 347 896 cum
371 852 559 898 sancto
586 843 838 916 Dionysio
864 854 918 900 et
946 854 1138 903 sancto
1166 845 1333 902 Sexto
1350 887 1366 912 ,
1409 858 1572 919 atque
1610 860 1800 907 sancto

223 936 492 994 liuebario
524 940 592 993 ad
636 940 1034 1010 praedicandum
1059 940 1285 996 verbum
1329 942 1460 1007 Dei,
1502 944 1594 1013 qui
1634 944 1799 1000 etiam

224 1026 454 1083 virtutes
480 1027 678 1084 multas
709 1028 867 1095 fecit,
915 1038 970 1086 et
1011 1031 1305 1086 novissime
1346 1024 1599 1089 nbbiliter
1632 1035 1799 1090 vitam

221 1127 543 1187 pmscntem
568 1117 779 1185 finiens,
812 1121 879 1175 ad
904 1122 1145 1190 requiem
1171 1121 1423 1192 migravit
1449 1132 1723 1178 tuternam.

293 1207 404 1263 Vill
428 1207 504 1263 lo.
536 1208 719 1264 Romae
740 1211 913 1265 sancti
953 1209 1094 1266 Sixti
1142 1211 1405 1283 episcopi,
1436 1212 1753 1269 Felicissimi
1782 1256 1796 1281 ,

219 1306 274 1352 et
304 1298 524 1370 Agapeti
552 1298 812 1375 [Agapiti]
843 1301 1084 1365 diaconi,
1118 1302 1209 1373 qui
1238 1303 1487 1359 decollati
1534 1312 1660 1359 sunt
1695 1306 1797 1361 sub

222 1389 405 1445 Decio.
438 1391 693 1447 Decollati
722 1400 847 1447 sunt
874 1407 995 1448 cum
1022 1408 1088 1449 eo
1110 1403 1165 1449 et
1191 1394 1282 1449 alii
1311 1404 1545 1465 quatuor
1560 1396 1797 1457 diaconi,

217 1478 526 1546 Januarius,
553 1480 797 1551 Magnus,
827 1480 1141 1539 Vincentius
1167 1484 1558 1558 [Innocentius]
1587 1496 1640 1541 et
1676 1486 1799 1541 Stc~

218 1570 451 1641 phanus,
478 1580 537 1626 ut
573 1572 625 1626 in
643 1571 826 1628 Gestis
852 1573 1253 1643 pontiﬁcalibus
1280 1575 1497 1646 legitur.

296 1658 381 1715 \‘il
409 1660 485 1714 lo.
514 1659 572 1715 In
594 1660 799 1725 Aricio,
817 1660 1009 1717 Donati
1034 1663 1274 1735 episcopi
1294 1672 1350 1718 et
1378 1664 1655 1736 martyris,
1679 1669 1793 1735 qui,

221 1758 282 1804 ut
305 1748 602 1823 Gregorius
626 1751 681 1807 in
716 1751 855 1808 libro
884 1752 1228 1826 Dialogorum
1259 1756 1537 1821 meminit,
1567 1756 1794 1813 fractum

1908 596 2120 637 versum
2150 584 2216 637 ad
2250 584 2407 640 fidem
2432 586 2632 645 Christi
2656 599 2707 646 et
2747 591 3076 664 baptizatum
3106 613 3137 651 a
3176 595 3475 671 Polycarpo

1900 678 2238 749 presbytero,
2260 691 2478 739 sanctus
2501 683 2852 743 Sebastianus
2877 705 3000 746 eum
3034 708 3066 747 a
3099 693 3248 751 fonte
3284 697 3471 769 bapti-

1900 767 2090 823 smatis
2118 769 2463 839 suscepisset,
2493 773 2705 831 fortiter
2732 780 2954 849 paganis
2974 789 3028 835 et
3052 767 3469 845 infidelibusvre-

1900 858 2137 913 sisteret.
2170 858 2305 915 Nam
2334 861 2488 932 jussu
2530 863 2749 921 Fabiani
2797 871 3041 939 praesidis
3068 888 3229 945 super
3270 892 3475 947 prunas

1898 947 2151 1003 ardentes
2169 950 2328 1006 nudis
2344 954 2571 1023 pedibus
2600 955 2872 1024 incedens,
2908 960 2961 1015 in
2992 962 3137 1017 nullo
3160 964 3315 1022 kcsus
3343 981 3427 1025 est
3455 990 3467 1025 :

1902 1046 2085 1108 postea
2099 1054 2228 1096 vero
2248 1055 2277 1095 a
2298 1044 2555 1113 praedicto
2569 1044 2827 1114 Fabiano,
2843 1050 3187 1109 maehiuante
3198 1055 3471 1127 Torquato

1900 1135 2167 1197 apostata,
2184 1130 2362 1201 gladio
2385 1136 2851 1194 transverberatus
2872 1144 3189 1213 martyrium
3209 1149 3471 1217 explevit:

1901 1216 2141 1285 posthaec
2162 1226 2342 1274 autem
2364 1220 2667 1292 Torquatus
2696 1226 2807 1297 egit
2847 1238 2905 1284 ut
2944 1229 3211 1298 Castulus,
3239 1216 3476 1295 (curius

1900 1304 2103 1375 palatii,
2121 1305 2314 1378 hospes
2328 1320 2657 1379 sanctorum,
2676 1315 2863 1374 fuisset
2877 1332 3195 1389 aretatns,et
3212 1326 3298 1382 hic
3316 1328 3475 1385 tertio

1901 1411 2187 1468 appensus,
2205 1402 2363 1457 tertio
2376 1405 2609 1471 auditus,
2627 1408 2679 1462 in
2701 1409 3037 1469 confessione
3051 1415 3261 1473 Domini
3290 1436 3473 1489 perse-

1900 1500 2111 1554 verans,
2131 1490 2326 1547 missus
2341 1504 2425 1549 est
2448 1494 2501 1549 in
2520 1494 2752 1566 foveam,
2768 1508 2823 1555 et
2840 1501 3059 1559 dimissa
3079 1514 3159 1561 est
3176 1523 3338 1579 super
3348 1524 3470 1567 cum

1901 1591 2079 1632 massa
2110 1582 2365 1646 arenarii,
2392 1593 2449 1638 et
2474 1584 2587 1655 ipse
2620 1604 2743 1644 eum
2790 1591 2967 1661 palma
3000 1599 3241 1668 martyrii
3276 1600 3472 1671 migra-

1900 1666 1979 1721 vit
2001 1665 2069 1722 ad
2095 1667 2390 1727 Christum.
2432 1673 2584 1742 Quod
2613 1694 2736 1733 cum
2765 1680 2979 1738 fortiter
3020 1665 3385 1759 pertulissent,
3416 1704 3469 1750 et
3554 1760 3557 1763 Ἴ

1900 1754 2109 1813 tandem
2140 1759 2349 1817 Domini
2374 1776 2704 1834 cantassent,
2726 1770 2889 1839 jussit
2930 1754 3270 1849 eos'iniquns
3306 1754 3473 1855 jude‘t

216 1853 246 1893 a
276 1841 502 1912 paganis
525 1841 749 1898 calicem
774 1852 1023 1898 sanctum
1047 1844 1115 1899 ad
1147 1845 1342 1901 missas
1358 1846 1561 1903 orando
1587 1857 1794 1903 restau-
1825 1834 1872 1893 Β
1898 1845 2087 1903 ambos
2126 1848 2200 1904 ibi
2230 1850 2320 1905 ubi
2350 1853 2567 1909 stabant
2613 1834 2813 1915 lanceis
2845 1878 2942 1933 per
2974 1834 3470 1937 latera-verterint

216 1929 377 1984 ravit.
408 1929 709 1987 Mediolano
737 1931 994 1989 nativitas
1021 1934 1195 1989 sancti
1219 1934 1488 1991 Faustini.

288 2018 357 2075 Vl
382 2019 459 2074 la.
486 2018 675 2076 Sancti
702 2019 919 2092 Cyriaci
952 2022 1206 2093 martyris
1224 2063 1240 2089 ,
1271 2025 1365 2094 qui
1394 2042 1424 2079 a
1454 2025 1613 2079 beato
1650 2024 1793 2079 hiar-

215 2108 354 2165 cello
400 2124 539 2182 papa
578 2111 838 2168 diaconus
877 2113 1157 2169 ordinatus
1198 2114 1359 2170 simul
1392 2130 1513 2171 eum
1554 2115 1794 2172 Sisinnio

217 2199 372 2255 socio
396 2201 564 2256 multa
593 2201 850 2258 miracula
884 2201 1031 2269 fecit,
1061 2204 1163 2260 sub
1193 2204 1517 2262 Maximiano
1556 2206 1791 2278 impera-

217 2297 367 2355 tore,
397 2297 451 2345 et
495 2290 762 2347 daemones
803 2292 873 2348 ab
912 2293 1150 2351 obsessis
1191 2294 1500 2352 hominibus
1541 2296 1787 2369 expulit:

216 2382 512 2439 novissime
533 2398 662 2440 vero
689 2398 788 2456 per
813 2384 1132 2459 Carpasium
1159 2387 1420 2445 vicarium
1443 2388 1597 2461 jussu
1624 2390 1793 2446 Maxi-

214 2471 384 2526 miani
416 2472 712 2528 decollatus
733 2482 818 2530 est
850 2489 974 2531 cum
1004 2476 1127 2534 aliis
1162 2493 1390 2535 numero
1424 2480 1613 2553 viginti
1658 2497 1787 2539 uno.

290 2562 331 2612 δ’
358 2559 435 2616 lo.
464 2561 672 2629 uomat,
699 2565 873 2621 sancti
913 2564 1145 2622 Romani
1181 2567 1392 2635 militis,
1426 2570 1540 2641 qui,
1573 2570 1791 2629 confes-

214 2652 369 2705 sione
415 2652 588 2708 sancti
634 2652 911 2711 lamentii
974 2666 1366 2728 compunctus,
1409 2660 1566 2729 petiit
1607 2661 1680 2719 ab
1724 2677 1792 2722 co

213 2737 507 2810 baptizari,
533 2749 591 2832 et
621 2757 768 2832 mox,
790 2740 1017 2812 iubente
1048 2745 1245 2815 Decio,
1277 2763 1401 2805 cum
1432 2749 1665 2832 fustibus
1696 2768 1791 2809 ex-

216 2828 420 2883 hibitus
438 2837 494 2885 et
513 2830 810 2889 decollatus
834 2842 935 2889 est.
966 2834 1034 2890 Et
1054 2836 1107 2890 in
1132 2833 1344 2893 Verona
1366 2828 1585 2897 civitate
1608 2844 1791 2912 passio

214 2928 529 2976 sanctorum
566 2930 863 2996 martyrum
891 2924 1060 2981 Firmi
1081 2936 1137 2983 et
1157 2927 1362 2986 Rustici
1381 2969 1397 2995 ,
1429 2932 1523 3002 qui
1550 2941 1791 3005 tempore

215 3006 493 3065 Maximini
522 3008 877 3087 [laximiani]
912 3015 1254 3086 imperatoris
1285 3027 1341 3074 et
1371 3019 1626 3089 Anulini,
1660 3039 1790 3080 con-

214 3098 403 3154 siliarii
427 3098 566 3170 ejus,
594 3102 741 3172 passi
778 3112 923 3159 sunt.

283 3188 354 3245 IV
383 3191 462 3247 in.
505 3190 692 3250 Sancti
718 3193 995 3253 Laurentii
1028 3198 1129 3255 sub
1161 3198 1345 3269 Decio,
1374 3203 1468 3274 qui
1516 3213 1640 3276 post
1668 3205 1789 3277 plu-
1813 3177 1861 3243 δ

214 3281 351 3337 rima
389 3293 656 3343 tormenta
696 3288 949 3355 carceris,
982 3292 1270 3349 verberum
1316 3293 1676 3364 diversorum,
1703 3298 1785 3354 la-

216 3372 485 3427 minarum
513 3373 838 3443 ardentium,
869 3376 939 3433 ad
962 3377 1209 3436 ultimum
1236 3382 1289 3437 in
1312 3392 1461 3440 crate
1488 3383 1670 3442 ferrea
1698 3400 1787 3441 as-

212 3470 365 3519 satus
392 3467 709 3538 martyrium
731 3468 1041 3539 complevit.

279 3551 349 3609 ιιι
388 3553 463 3609 lo.
513 3553 699 3611 Roma:
743 3558 923 3615 natale
967 3568 1168 3616 sanctae
1211 3562 1474 3620 Susannte
1516 3567 1784 3638 virginis,

209 3657 329 3714 qum
359 3640 459 3698 fuit
502 3643 614 3700 lilia
644 3644 839 3701 Gabini
878 3649 1203 3720 presbyteri,
1259 3653 1431 3723 patris
1476 3652 1597 3714 Gali
1623 3654 1786 3731 [Caii]

211 3750 381 3806 page.
408 3734 534 3793 Hice
574 3752 704 3808 ergo
737 3739 890 3810 virgo
940 3742 1042 3798 sub
1085 3743 1420 3803 Diocletiano
1453 3747 1582 3819 imp.
1627 3766 1783 3821 passa

209 3835 312 3893 est,
336 3840 403 3882 eo
438 3828 580 3898 quod
605 3829 1028 3887 nolletllaximo
1062 3832 1173 3889 filio
1196 3849 1296 3891 suo
1338 3836 1392 3892 in
1422 3839 1673 3911 conjugio
1698 3856 1786 3897 so-

209 3916 367 3979 ciari,
405 3916 500 3971 sed
545 3917 602 3972 in
645 3917 953 3989 virginitate
996 3936 1331 3993 permanere.
1358 3924 1621 3985 Hortante
1663 3944 1785 3986 eam

208 4006 342 4064 Caio
367 4007 542 4081 [Caio]
567 4010 838 4082 episcopo,
870 4028 968 4069 nec
992 4029 1097 4069 non
1118 4026 1175 4071 et
1201 4015 1411 4074 Seruna
1435 4019 1700 4092 Augusta,
1725 4032 1787 4078 ut

208 4098 418 4153 stabilis
460 4111 804 4171 permaneret
833 4103 887 4159 in
914 4102 1018 4159 fide
1046 4105 1250 4163 Christi
1294 4118 1350 4163 et
1385 4110 1638 4169 castitate
1666 4129 1786 4184 per—

210 4196 390 4259 petua.
412 4189 636 4263 Propter
662 4191 768 4248 hoc
786 4192 951 4263 jussit
966 4210 1099 4273 eam
1130 4196 1494 4257 Diocletianus
1530 4212 1654 4275 post
1678 4204 1783 4259 alia

208 4288 478 4336 tormenta
515 4282 567 4337 in
600 4282 759 4340 domo
790 4286 1007 4356 propria
1031 4290 1263 4357 percuti,
1285 4299 1340 4346 et
1367 4292 1446 4348 sic
1467 4294 1783 4366 martyrium

208 4371 623 4428 consummavit.
653 4372 911 4430 Praedicta
934 4391 1064 4431 vero
1093 4377 1298 4434 Serena
1346 4380 1588 4451 Augusta
1626 4382 1786 4439 colle-

208 4463 284 4534 git
311 4477 509 4533 corpus
542 4474 747 4521 sauctte
769 4466 1016 4537 virginis,
1061 4477 1118 4524 et
1149 4471 1465 4539 sanguinem
1490 4488 1650 4543 quem
1701 4474 1783 4529 fu-
1810 4508 1861 4570 υ

205 4556 360 4610 derat
388 4556 440 4611 in
465 4557 651 4612 eodem
678 4557 793 4615 loco
813 4576 935 4615 cum
964 4576 1064 4618 suo
1100 4563 1365 4619 velamine
1396 4567 1567 4628 tersit,
1600 4574 1655 4623 et
1682 4583 1778 4639 po-

207 4648 317 4703 suit
354 4646 409 4701 in
445 4661 660 4717 capsam
697 4660 1003 4720 argenteam
1034 4652 1089 4707 in
1141 4653 1341 4723 palatio
1384 4670 1502 4711 suo.
1538 4655 1639 4712 Ubi
1684 4658 1776 4712 diu

206 4745 477 4807 noctuque
497 4737 706 4795 furtivis
736 4740 941 4797 vicibus
961 4757 1120 4798 orare
1148 4760 1256 4799 non
1284 4746 1554 4811 cessabat,
1581 4762 1777 4819 corpus

205 4839 389 4886 autem
432 4840 629 4888 sancta:
659 4831 921 4889 Susanna:
966 4834 1078 4905 ipsa
1124 4837 1375 4893 manibus
1428 4837 1540 4894 suis
1564 4840 1778 4895 ornavit

204 4938 329 4978 cum
362 4920 764 4978 linteaminibus
810 4932 868 4979 et
911 4925 1264 4991 aromatihus,
1294 4935 1351 4983 et
1398 4929 1579 4998 posuit
1619 4929 1775 4999 juxta

204 5029 432 5084 corpora
463 5023 769 5069 sanctorum
795 5015 847 5069 in
867 5017 1180 5072 cmmeterio
1198 5018 1487 5095 :ftlexandri
1510 5032 1557 5074 ει.
1577 5021 1775 5078 Eodem

204 5106 293 5161 die
312 5105 491 5177 passio
508 5105 677 5161 sancti
714 5105 946 5161 Tiburtii
986 5108 1264 5179 martyris,
1287 5108 1355 5165 de
1377 5125 1487 5180 quo
1510 5112 1773 5182 scriptum

279 5286 306 5315 ι
337 5273 537 5328 Eadem
556 5274 713 5329 habet
739 5272 879 5348 Retia
912 5282 1187 5348 :_attamen
1218 5274 1661 5348 hanebistoriam
1683 5293 1775 5348 pe-

206 5344 353 5398 nitus
387 5358 543 5397 ruere
568 5354 751 5398 monet
770 5343 1018 5397 Batonius
1039 5345 1105 5397 ad
1132 5343 1467 5400 Lactantium
1497 5363 1511 5399 :
1546 5347 1595 5401 l.
1628 5343 1771 5403 enim

208 5412 403 5469 falsum
447 5421 531 5484 est
565 5412 833 5484 serenam
852 5411 1015 5468 fuisse
1050 5416 1365 5484 Augustam,
1397 5432 1519 5469 cum
1563 5417 1777 5471 unicam

204 5496 431 5538 uxorem
454 5481 672 5537 duxerit
691 5482 1050 5537 Diocletianus
1069 5481 1286 5538 nomine
1310 5482 1568 5539 Priscum.
1585 5484 1641 5539 2.
1657 5485 1780 5540 Fal-

204 5552 345 5621 litur
382 5549 657 5615 Rabanus,
684 5552 773 5621 qui
800 5553 984 5621 credat
1029 5553 1355 5608 Diocletiano
1378 5553 1542 5609 fuisse
1585 5554 1775 5621 filium,

208 5621 296 5693 cui
322 5619 622 5693 Susannam
648 5620 899 5693 conjugio
930 5620 1157 5693 jungere
1184 5624 1567 5693 propriamque
1594 5619 1777 5680 dicare

208 5637 294 5675 cui
322 5637 622 5674 bttStlnllilm
648 5637 806 5690 conju
849 5638 899 5674 ιο
930 5637 1157 5693 jungere
1184 5638 1567 5693 propriamque
1594 5637 1775 5680 dieare

207 5689 710 5771 Y:il-ttel'l1;.lllllnpe
735 5637 915 5771 ρυῇοξ
954 5691 1147 5771 habuit
1183 5691 1643 5771 lilio_s_i\:t_gusttts,
1666 5694 1775 5771 sed

214 5757 426 5817 Valeria
445 5757 561 5828 ejus
589 5757 696 5813 lilia
731 5757 948 5814 Galerio
974 5761 1170 5831 nupsit.
1199 5761 1255 5815 ὅ.
1284 5761 1374 5816 Illa
1406 5757 1638 5833 denique
1666 5763 1771 5819 Va-

615 5851 892 5912 l’arnut..
926 5849 1061 5913 CX.

1896 1943 1952 1990 et
1976 1934 2076 2007 ipsi
2106 1952 2207 2007 per
2223 1943 2473 2013 martyrii
2494 1944 2721 2014 gloriam
2752 1953 2819 2006 ad
2845 1954 3054 2011 siderea
3087 1974 3249 2029 regna
3278 1964 3474 2036 migra-

1896 2035 2043 2126 runt.
2066 2026 2268 2126 Eodem
2290 2030 2379 2089 die
2405 2033 2669 2105 depositio
2704 2040 2846 2097 beati
2886 2026 3174 2118 Caugerici
3214 2026 3471 2126 episcopi.

1894 2115 2059 2184 quiin
2083 2116 2278 2189 Eposio
2304 2130 2481 2180 castro
2501 2135 2655 2182 ortus
2677 2127 2795 2185 fuit.
2814 2130 2910 2189 llic
2925 2115 3108 2192 statim
3129 2115 3473 2210 inju'ventt-ne

1895 2208 2228 2266 meditationi
2281 2211 2416 2286 legis
2462 2216 2557 2273 Dei
2602 2231 2657 2276 et
2700 2222 3013 2293 psalmo-lia:
3061 2208 3300 2289 intentus
3346 2235 3465 2293 fuit.

1892 2294 2023 2392 Dost
2042 2312 2172 2354 vero
2198 2316 2229 2355 a
2249 2301 2409 2359 beato
2433 2307 2685 2383 episcopo
2709 2312 3094 2374 Rhemensium
3136 2322 3391 2392 civitatis,
3416 2328 3469 2383 in

1890 2387 2329 2449 Cameracorensi
2360 2393 2785 2475 [Cameracensi]
2834 2405 3053 2464 civitate
3080 2387 3471 2486 epiSCOpus-cst

1890 2479 2202 2550 ordinatus;
2251 2485 2343 2556 qui
2371 2488 2558 2546 multis
2583 2491 2876 2553 virtutibus
2908 2479 3128 2567 claruit,
3151 2479 3386 2564 maxime
3415 2510 3469 2565 in

1892 2571 2232 2630 absolutione
2267 2576 2571 2635 vinctorum
2600 2583 2693 2653 qui
2738 2584 2792 2639 in
2844 2590 3155 2649 carceribus
3199 2597 3471 2653 custodio.

1892 2659 2108 2718 bantur.
2135 2664 2269 2721 Cum
2297 2680 2427 2741 ergo
2447 2684 2542 2727 eos
2568 2686 2600 2728 a
2622 2675 2943 2743 prtesidibus
2984 2681 3077 2750 qui
3108 2682 3228 2740 illos
3254 2687 3308 2741 in
3345 2703 3471 2745 car-

1890 2764 2043 2808 ceres
2091 2753 2371 2823 miserant,
2400 2759 2605 2816 absolvi
2656 2778 2762 2819 non
2816 2776 3001 2837 posset
3044 2770 3355 2843 impetrare,
3401 2779 3469 2833 ad

1891 2841 2177 2936 Dominum
2206 2862 2367 2917 prece
2394 2848 2509 2906 fusa
2536 2852 2817 2912 absolvere
2838 2841 3158 2929 promeruit,
3189 2841 3470 2936 quietiam

1891 2947 2063 2990 arcos
2088 2934 2409 2995 illuminavit
2434 2950 2490 2997 et
2518 2942 2764 3001 infirmos
2786 2950 3016 3005 curavit.
3043 2952 3177 3009 Cum
3206 2934 3387 3015 autem
3409 2960 3466 3017 in

1888 3022 2198 3117 episcopatu
2244 3042 2343 3084 suo
2386 3030 2610 3102 triginta
2650 3040 2760 3091 tres
2799 3044 2973 3094 annos
3019 3039 3248 3099 feliciter
3285 3047 3471 3117 exple.

1892 3113 1990 3181 vit,
2018 3114 2087 3171 ad
2111 3115 2396 3174 Dominum
2424 3123 2704 3193 migravit;
2743 3128 2884 3195 quod
2914 3130 3099 3187 multis
3126 3132 3336 3191 indiciis
3356 3113 3466 3194 ini-

1890 3206 2199 3262 raculorum
2221 3205 2378 3277 juxta
2409 3211 2714 3283 sepulcrum
2742 3216 2862 3286 ejus
2913 3219 2984 3275 ita
3014 3219 3215 3278 factum
3247 3225 3463 3284 claruit.

1957 3293 2001 3351 ll
2134 3293 2203 3385 in,
2219 3294 2405 3353 Sicilia
2428 3300 2647 3357 civitate
2684 3301 3053 3363 Catinensium
3092 3312 3272 3369 natale
3307 3313 3461 3385 Eupli

1889 3381 2115 3458 [Euplii]
2152 3384 2389 3453 diaconi,
2438 3390 2532 3460 qui
2577 3405 2700 3446 cum
2750 3394 3053 3454 diutissime
3098 3381 3458 3471 torqueretur,

1888 3473 2188 3534 decollatus
2224 3486 2310 3533 est
2334 3494 2368 3531 a
2397 3478 2704 3537 Calvisiano
2727 3484 2999 3540 consulari
3018 3527 3035 3552 ,
3068 3495 3311 3559 tempore
3338 3493 3463 3548 Dio-

1886 3564 2102 3622 cletiani
2131 3574 2188 3623 et
2208 3567 2540 3639 liaximiani.

1957 3658 2085 3714 lota.
2116 3658 2322 3726 Romae,
2348 3663 2521 3718 sancti
2552 3662 2820 3737 Hippolyti
2841 3707 2856 3731 ,
2883 3669 2974 3739 qui
3023 3677 3264 3743 tempore
3312 3674 3457 3732 Decii

1886 3746 2083 3820 ligatus
2119 3748 2346 3820 pedibus
2372 3751 2441 3807 ad
2466 3751 2603 3809 colla
2638 3754 3019 3813 indomitorum
3057 3743 3338 3832 equorum,
3378 3766 3460 3821 sic

1885 3852 1986 3909 per
2011 3838 2242 3895 carduus
2268 3856 2333 3896 ac
2361 3841 2591 3899 tribulos
2622 3852 2826 3901 tractus
2868 3848 3051 3905 emisit
3092 3851 3363 3922 spiritum,
3402 3866 3461 3911 et

1885 3928 2201 3987 Concordia
2233 3932 2461 3990 nutricis
2485 3933 2625 4004 ejus,
2662 3951 2783 4007 qua:
2808 3948 2933 3995 ante
2959 3940 3136 4010 ipsum
3176 3943 3467 4013 plumbatis

1884 4033 2027 4075 caesa
2053 4020 2445 4092 martyrizavit,
2477 4031 2533 4077 et
2557 4022 2785 4079 aliorum
2814 4031 3184 4087 novemdecim
3214 4032 3283 4087 de
3304 4033 3466 4092 domo

1885 4107 2024 4176 ejus,
2044 4108 2136 4179 qui
2158 4108 2319 4164 simul
2339 4110 2584 4167 decollati
2618 4122 2763 4169 sunt.
2795 4115 2993 4173 Eodem
3018 4119 3107 4175 die
3132 4121 3314 4178 natale
3338 4138 3458 4179 san-

1885 4200 1959 4255 cti
1982 4199 2227 4276 Cassiani
2251 4199 2457 4267 Roma},
2487 4203 2722 4272 quicum
2754 4205 2983 4262 adorare
3013 4208 3153 4263 idola
3178 4209 3464 4277 noluisset.

1886 4292 2244 4361 interrogatus
2284 4306 2317 4346 a
2363 4302 2707 4363 persecutore
2760 4295 2889 4365 quid
2931 4299 3064 4353 artis
3104 4298 3347 4367 haberet,
3372 4318 3462 4360 re-

1885 4381 2101 4452 spondit
2124 4380 2249 4452 quia
2295 4396 2492 4452 pueros
2527 4392 2685 4439 notas
2703 4384 2952 4452 doceret;
2976 4395 3032 4441 et
3056 4402 3180 4444 mox
3200 4389 3463 4458 spoliatus

1884 4472 2144 4539 vestibus,
2171 4487 2235 4528 ac
2271 4473 2522 4529 manibus
2556 4484 2677 4545 post
2717 4486 2868 4549 terga
2898 4480 3172 4545 revinctis,
3204 4482 3465 4538 statuitur

1887 4565 1940 4620 in
1968 4564 2163 4630 medio,
2194 4565 2506 4635 vocatisque
2539 4569 2740 4638 pueris,
2767 4570 2963 4639 quibus
2995 4570 3238 4626 docendo
3263 4588 3462 4631 exosus

1887 4653 2061 4709 factus
2078 4664 2220 4720 erat,
2244 4654 2366 4710 data
2408 4664 2493 4710 est
2522 4655 2749 4713 facultas
2773 4673 2898 4712 eum
2939 4660 3265 4728 parimendi;
3290 4672 3349 4717 at
3380 4663 3459 4719 illi

1884 4750 2146 4811 quantum
2179 4743 2461 4800 doluerant
2490 4745 2784 4812 discentes,
2805 4754 3013 4802 tantum
3034 4763 3093 4803 se
3112 4748 3296 4806 ulcisci
3318 4768 3456 4823 gau-

1885 4834 2094 4898 dentes,
2123 4832 2213 4888 alii
2241 4848 2364 4888 eum
2410 4834 2606 4891 tabulis
2634 4850 2699 4891 ac
2740 4836 2974 4893 buxibus
3013 4838 3111 4910 (sic
3147 4840 3273 4901 ms.)
3300 4842 3458 4899 ferie-

1885 4926 2033 4988 bant,
2058 4924 2149 4979 alii
2180 4925 2332 4996 stylis
2360 4926 2715 4982 vulnerabant
2745 4945 2758 4980 :
2803 4943 3032 4997 quorum
3067 4940 3272 5000 quanto
3301 4932 3452 4987 infir-

1884 5012 2023 5068 mior
2049 5024 2168 5069 erat
2206 5028 2426 5077 manus,
2454 5022 2604 5070 tanto
2636 5016 2937 5085 graviorem
2966 5022 3208 5089 martyrii
3232 5035 3449 5092 pinnam

1881 5103 2047 5159 dilata
2101 5111 2274 5159 morte
2311 5102 2561 5160 faciebat.
2607 5104 2682 5161 De
2722 5122 2829 5177 quo
2868 5108 3084 5177 scripsit
3126 5108 3448 5166 Prudentius

1880 5275 2011 5348 leris
2032 5275 2244 5348 conjugi
2270 5277 2569 5346 supervixit
2589 5286 2644 5348 et
2677 5278 2975 5348 miserabili
2996 5290 3167 5335 morte
3194 5280 3325 5336 obiit
3349 5283 3450 5336 sub

1881 5344 2351 5431 l3ieittio.i\lidea_s'
2374 5347 2697 5431 tamennhac
2848 5362 2904 5402 re
2949 5346 3243 5431 Arioghum
3266 5349 3449 5431 Roma:

1883 5414 2437 5488 Subterrajteze_l._tv,
2464 5429 2513 5469 c.
2543 5416 2632 5481 79,
2682 5416 2772 5483 qui
2805 5416 2917 5472 hcce
2962 5414 3178 5488 subjicit
3212 5434 3279 5473 ex
3324 5420 3445 5474 cod.

1880 5499 1984 5538 ms.
2018 5498 2033 5537 :
2070 5501 2101 5553 «γ
2126 5482 2311 5553 Posuit
2329 5484 2481 5553 juxta
2505 5482 2731 5553 corpora
2760 5482 3077 5541 sanctorum
3102 5487 3446 5543 Chrisautltze

1879 5560 1940 5629 et
1981 5552 2157 5629 Duriae
2200 5551 2549 5629 via—Salaria
2604 5551 2657 5610 in
2676 5556 2959 5629 _at_'enario
2997 5557 3151 5629 juxta
3196 5567 3441 5629 sanctum

1880 5621 2356 5697 alexandrumjn
2408 5623 2626 5697 civitate
2656 5623 2911 5697 _Teiguna
2975 5621 3163 5697 ιῖιίΙάν.
3212 5626 3441 5697 -Λιιθψι

1880 5689 2140 5746 Susanna:
2166 5690 2447 5748 ecclesiam
2480 5708 2509 5746 a
2542 5689 2900 5750 fundame'ntis
2945 5696 3180 5751 restituit
3212 5689 3338 5751 Lex;
3356 5692 3439 5751 111.

1878 5761 2037 5817 Basvt.

2939 5855 3016 5914 37
