3924 6340
398 339 536 394 H63

1050 333 1088 388 Β
1151 331 1405 388 RABA‘NI
1448 331 1662 389 IIAITHI
1707 331 2026 388 ARCIHEI’.
2071 332 2382 390 MOGUNT.
2427 334 2710 392 OPERUII
2756 333 2932 390 PARS
2968 335 3028 390 Il.

3537 339 3557 394 I
3579 337 3673 392 164

390 461 570 524 poeta.
599 455 729 504 Item
755 446 941 502 eodem
969 449 1054 502 die
1076 445 1311 503 l‘ictavis
1326 449 1544 504 civitate
1567 447 1834 517 depositio
1862 463 1980 500 san-
2012 456 2057 508 Λ
2086 464 2186 522 pro
2218 452 2322 506 nlo
2354 449 2557 507 Christi
2600 466 2794 520 passus
2813 460 2926 514 est;
2957 451 3044 506 hie
3077 449 3254 505 nervis
3285 450 3600 506 caulehatnr
3622 463 3677 506 et

395 555 494 599 ita!
510 541 851 610 Iiadegnndis
868 541 1063 610 t'cgita‘e
1079 551 1132 595 et
1153 540 1204 594 in
1217 541 1502 596 Germania
1519 538 1793 610 provincia
1807 539 1980 592 sancti

400 633 765 706 Vigeberechti
797 629 1120 704 [Vuigberti]
1165 631 1462 702 presbyteri
1491 641 1544 686 et
1573 629 1917 684 confessoris.

465 722 587 780 XIX
608 723 741 778 ΚΜ..
759 723 1027 778 SEPTEM“.
1048 721 1235 776 Natale
1249 722 1421 776 sancti
1445 720 1659 775 Eusebii
1681 718 1982 790 presbyteri

395 823 452 871 et
495 813 840 879 confessoris,
865 813 956 883 qui
988 813 1089 868 sub
1110 811 1428 867 Constantio
1458 812 1784 881 imperatore
1829 807 1984 862 Aria-

399 924 503 971 no,
548 907 895 961 machinante
927 903 1146 959 Liberio
1174 918 1198 944 α
1231 903 1458 974 praesule
1504 902 1756 956 similiter
1807 901 1983 955 luere—

399 1003 530 1065 tico,
560 999 960 1055 confessionem
1001 1014 1153 1053 suam
1185 997 1491 1066 complevit.
1525 995 1659 1050 Nam
1695 995 1986 1066 praedictus

402 1089 748 1145 Constantius
807 1091 1100 1159 subrogatu
1164 1087 1362 1142 Liberii
1423 1083 1646 1140 includit
1695 1084 1984 1139 Eusebium

403 1176 798 1254 presbyterun‘r
829 1181 882 1235 in
926 1180 1194 1250 quoddam
1243 1177 1548 1234 cubiculum
1600 1177 1792 1230 domus
1835 1189 1983 1237 sua),

401 1274 544 1343 quod
575 1271 776 1326 humile
818 1279 936 1326 crat
967 1271 1018 1324 in
1050 1268 1335 1324 latitudine
1378 1267 1604 1336 pedibus
1635 1273 1891 1335 quatuor,
1933 1271 1989 1318 et

404 1361 477 1417 ibi
506 1361 692 1416 multis
721 1360 996 1414 mensibus
1035 1360 1088 1413 in
1119 1358 1367 1412 oratione
1395 1365 1707 1411 constanter
1733 1369 1988 1425 perseve-

404 1473 550 1520 rans,
583 1455 823 1508 inelusns
856 1463 1032 1507 tamen
1063 1432 1190 1520 post
1225 1464 1442 1504 menses
1485 1457 1690 1519 septem
1715 1446 1988 1502 dormitio-

403 1560 524 1599 nem
555 1544 790 1612 accepit,
833 1541 980 1595 Nona
1022 1541 1230 1594 decima
1279 1538 1397 1594 Kal.
1447 1537 1803 1609 Septembris,
1833 1536 1989 1606 cujus

402 1648 598 1702 corpus
619 1628 1252 1698 collegeruntGregorins
1271 1637 1323 1684 et
1346 1628 1570 1683 Orosius
1593 1625 1918 1697 presbyteri,
1935 1634 1990 1680 et

404 1731 656 1792 parentes
676 1721 812 1791 ejus,
854 1729 907 1773 et
940 1718 1267 1787 sepelierunt
1296 1718 1348 1771 in
1379 1725 1565 1787 crypta
1602 1716 1759 1786 juxta
1779 1727 1990 1782 corpus

2087 540 2311 612 flagellis
2355 540 2735 604 atrocissimis,
2769 540 2974 593 fumum
3030 540 3170 611 ignis
3200 535 3586 602 adhilmerunt,
3621 552 3677 595 ct

2084 633 2295 689 caldam
2339 633 2653 688 bullientem
2700 630 2956 686 fuderunt
3010 646 3173 701 super
3219 639 3466 685 ventrem
3518 633 3672 703 ejus,

2085 724 2183 781 sed
2209 723 2343 779 nihil
2371 723 2445 778 illi
2468 732 2800 789 nocuerunt;
2833 724 2898 778 ad
2921 732 3223 778 extremum
3248 722 3545 778 decollatus
3566 731 3676 789 est,

2085 825 2142 871 et
2169 815 2249 870 sic
2269 815 2587 886 martyrium
2615 830 2770 869 suum
2797 813 3107 882 complevit.
3219 802 3221 804 ’

2158 905 2276 962 XIV
2303 907 2438 961 ΚΑι.
2477 904 2666 960 Natale
2715 903 2890 959 sancti
2945 904 3144 975 Magni,
3197 920 3289 958 seu
3342 903 3462 976 [pro
3520 903 3679 974 item}

2087 998 2261 1055 sancti
2285 998 2518 1053 Androm
2545 997 2804 1068 martyris
2837 1011 2959 1050 cum
2991 996 3157 1051 sociis
3185 997 3298 1050 suis
3319 997 3531 1052 duobus
3555 997 3677 1051 mil-

2087 1090 2228 1147 libus
2259 1090 2570 1162 quingentis
2595 1089 2893 1160 nonaginta
2928 1097 3157 1158 septem.

2158 1182 2276 1237 Xlll
2306 1181 2439 1238 KAL.
2475 1179 2747 1237 Samuelis
2783 1181 3082 1250 prophette.
3129 1178 3183 1233 In
3213 1178 3539 1232 Alexandria
3583 1196 3681 1233 na-

2091 1275 2197 1331 tale
2229 1275 2490 1339 Dioscori,
2533 1284 2587 1329 et
2615 1273 2740 1328 alibi
2789 1272 3053 1342 depositio
3081 1270 3327 1326 Filiberti
3355 1269 3590 1334 abbatis.
3628 1271 3685 1323 la

2089 1367 2351 1431 Lucania,
2371 1373 2681 1420 sanctormn
2706 1361 3096 1424 Valentiniani,
3115 1360 3345 1415 Leontii.
3360 1360 3417 1414 In
3444 1359 3686 1414 Sinnada

2089 1458 2311 1514 civitate
2349 1455 2531 1511 natale
2557 1463 2873 1510 sanctorum
2899 1451 3108 1515 Piricii,
3136 1451 3287 1517 Arci,
3313 1450 3533 1504 Maximi
3563 1465 3691 1504 con-

2090 1550 2338 1614 fessoris,
2361 1547 2653 1618 Pamphili,
2677 1546 2864 1602 Coloni
2896 1542 3247 1600 confessoris.

2164 1641 2251 1696 XI!
2304 1639 2438 1695 ΚΑι..
2471 1638 2527 1693 In
2567 1635 2842 1708 Ilispaniis
2879 1635 3138 1691 nativitas
3190 1642 3505 1688 sanctorum
3553 1629 3691 1684 Vino

2095 1731 2260 1788 centii
2313 1739 2369 1786 ct
2426 1727 2658 1783 Juliani.
2719 1725 2775 1780 In
2832 1725 3084 1781 Sardinia
3147 1722 3326 1778 natale
3373 1730 3691 1776 sanctorum

405 1812 546 1869 beati
577 1810 713 1866 Sixti
738 1809 988 1879 martyris
1012 1807 1338 1876 etepiscopi,
1358 1807 1441 1861 via
1466 1805 1633 1875 Appia
1657 1804 1708 1858 in
1733 1811 1992 1858 etemcte-
2024 1805 2065 1863 Β
2096 1820 2299 1878 [Δημιτῇ
2342 1816 2646 1893 “duorm,
2679 1816 2918 1887 Traiani.
2950 1815 3007 1869 ιη
3037 1813 3228 1870 cum“
3258 1813 3379 1868 vico
3403 1811 3692 1866 manu,“

406 1905 486 1959 rio
509 1902 738 1966 Callisti,
779 1901 868 1955 ubi
914 1911 970 1954 et
1017 1898 1228 1952 titulum
1261 1898 1428 1967 ipsius
1463 1897 1763 1951 scribentes
1801 1908 1992 1963 posue-

407 2001 532 2048 runt
553 2007 651 2062 pro
679 1987 1190 2046 commemoratione
1208 1984 1327 2056 ejus
1351 2003 1364 2040 :
1400 1985 1624 2039 Eusebio
1651 1984 1849 2038 [contini
1872 1981 1988 2036 Dei.

411 2085 613 2141 Eodem
638 2094 833 2152 tempot
848 2097 878 2135 e
899 2080 1144 2134 auditum
1164 2088 1246 2133 cst
1272 2094 1302 2132 a
1327 2077 1647 2132 Constantio
1669 2077 1993 2145 imperatore

405 2193 473 2233 eo
497 2175 640 2246 quod
663 2171 958 2244 Gregorius
996 2179 1051 2224 et
1080 2169 1304 2226 Orosius
1336 2167 1639 2239 presbyteri
1672 2165 1994 2235 colligerent

406 2284 605 2338 corpus
629 2263 845 2320 Eusebii
871 2261 1196 2332 presbyteri,
1219 2269 1272 2315 et
1300 2261 1353 2314 in
1380 2261 1567 2314 eadem
1600 2267 1787 2329 crypta
1812 2257 1992 2310 vivum

410 2357 610 2416 includi
638 2354 896 2428 prmccpit
943 2351 1287 2422 Gregorium.
1338 2351 1488 2405 Tunc
1517 2350 1742 2407 Orosius
1773 2347 1994 2418 presby-

409 2465 493 2508 ter
540 2449 754 2518 collegit
802 2444 1124 2502 semivivum
1170 2443 1388 2497 beatum
1443 2440 1766 2512 Gregorium
1833 2447 1992 2494 noctu

409 2541 616 2597 occulte
659 2548 879 2609 propter
926 2534 1299 2590 Constantium
1329 2531 1651 2603 Augustum,
1693 2538 1748 2585 et
1797 2529 1996 2584 emisso

411 2631 602 2701 spiritu
648 2627 897 2699 sepelivit
943 2640 1064 2678 eam
1106 2625 1258 2694 juxta
1305 2637 1503 2694 corpus
1553 2622 1727 2681 sancti
1774 2619 1994 2676 Eusebii

414 2721 607 2790 presby
618 2719 740 2773 teri.
1489 2761 1495 2768 .

483 2809 645 2864 .\\’lll
682 2807 815 2862 Kac.
857 2805 1164 2875 Assumptio
1196 2812 1398 2859 sancta:
1426 2803 1643 2868 Mariae,
1671 2811 1728 2857 et
1755 2802 1808 2856 in
1838 2801 1998 2856 Nico-

415 2906 588 2962 media
620 2905 798 2960 natale
821 2911 1132 2958 sanctorum
1159 2898 1474 2954 Strationis.
1499 2897 1730 2968 Philippi
1753 2905 1807 2953 et
1833 2897 1998 2966 Euty-

421 2999 624 3063 chiani,
654 3013 778 3052 cum
809 2996 972 3050 sociis
996 3007 1204 3049 eorum.

490 3087 778 3144 XVIIKAL.
826 3085 881 3138 In
921 3082 1247 3139 Alexandria
1276 3082 1454 3136 natale
1495 3088 1805 3135 sanctorum
1839 3077 1998 3135 Orio-

416 3180 521 3244 nis,
549 3176 779 3241 1Emilii,
798 3173 1014 3244 Agnati.
1038 3172 1096 3227 ιιι
1126 3171 1349 3228 Perside
1378 3170 1555 3224 natale
1577 3170 1749 3225 sancti
1781 3169 1996 3240 Thyrsii
2025 3149 2069 3214 C

417 3286 542 3325 cum
568 3267 730 3323 sociis
761 3265 892 3319 suis.

398 3411 399 3414 η
490 3358 609 3417 λγι
638 3357 767 3414 hac.
796 3356 850 3412 In
884 3355 1123 3412 thesarea
1152 3351 1524 3425 Cappadocim,
1558 3350 1881 3416 Mammetis,
1907 3350 1996 3418 qni

419 3452 750 3524 temporibus
805 3447 1080 3502 Aureliani
1136 3445 1386 3517 tyranni,
1439 3444 1655 3514 quando
1694 3441 1999 3514 persecutio

419 3544 650 3598 maxima
679 3539 779 3594 fuit
809 3537 1271 3601 Christianorum,
1303 3549 1426 3588 cum
1455 3548 1590 3605 puer
1626 3539 1772 3587 esset
1812 3531 1998 3586 decem

417 3647 706 3697 annorum,
736 3628 938 3685 relictis
959 3625 1209 3681 omnibus
1233 3624 1366 3694 fugit
1397 3623 1449 3677 in
1495 3634 1730 3677 montem
1755 3636 1877 3677 cum
1903 3635 1998 3690 pe-

417 3729 636 3787 coribus
671 3725 784 3782 suis
819 3738 938 3793 quae
990 3719 1188 3776 ibidem
1230 3719 1509 3789 pascebat,
1537 3724 1593 3771 et
1633 3715 1770 3770 lacte
1810 3729 1998 3770 eorum

419 3820 735 3876 vescebatur
763 3833 776 3870 :
803 3815 891 3869 ubi
933 3812 1170 3867 visitatio
1209 3809 1393 3864 divina
1449 3823 1611 3877 super
1636 3806 1786 3861 illum
1829 3806 1997 3870 venit,

421 3914 576 3979 eique
605 3903 953 3978 prmsignavit
977 3901 1206 3972 qualiter
1249 3915 1345 3970 pro
1384 3896 1590 3953 Christi
1639 3896 1857 3951 nomine
1885 3894 1996 3965 pati

421 4008 661 4060 deberet.
692 4000 832 4069 Ergo
873 4012 994 4053 cum
1041 3993 1168 4050 ferae
1213 3993 1502 4064 sylvestres
1542 3990 1610 4045 ad
1651 4005 1774 4045 eum
1825 3988 1999 4042 venis-

423 4102 564 4154 sent,
595 4091 814 4159 ipseque
844 4085 1039 4140 sedcns
1085 4082 1324 4152 quotidie
1374 4078 1718 4150 Evangelium
1773 4076 1995 4144 legeret,

425 4179 854 4237 inansnctissimc
904 4176 1062 4231 circa
1099 4189 1222 4228 eum
1274 4173 1646 4234 versabantur,
1700 4183 1998 4238 eorumque

424 4273 559 4328 lacte
585 4284 772 4325 servus
802 4267 896 4322 Dei
921 4274 975 4320 ct
997 4283 1053 4318 se
1078 4271 1133 4319 et
1158 4261 1291 4316 alios
1335 4276 1596 4330 pattperes
1626 4260 1679 4314 in
1727 4258 2000 4313 alimoniis

419 4363 660 4433 juvabal.
705 4358 837 4412 Cum
866 4355 1104 4408 audisset
1143 4354 1244 4406 hoc
1272 4350 1576 4404 Alexander
1620 4363 1837 4420 penses,
1872 4363 1996 4403 eum

429 4461 566 4505 inter
603 4451 744 4502 feras
787 4444 1139 4501 connnunitcr
1164 4443 1361 4503 vivere,
1394 4440 1616 4510 magica:
1645 4439 1748 4492 arti
1774 4439 1876 4492 hoc
1902 4438 1995 4492 de-

426 4543 668 4614 putavit:
704 4547 1059 4604 vocatumque
1090 4534 1155 4588 ad
1188 4547 1247 4588 se
1275 4531 1456 4586 multis
1476 4530 1758 4586 tormentis
1785 4529 1994 4595 afﬂixit,

429 4642 528 4692 hoc
567 4644 648 4690 est
677 4632 904 4702 equuleo
934 4642 1248 4697 suspensum
1285 4627 1598 4694 torquelat,
1641 4624 1693 4677 in
1724 4622 1995 4677 caminum

429 4727 566 4798 ignis
613 4722 851 4778 ardentis
898 4719 1063 4782 misit,
1099 4726 1155 4772 et
1199 4717 1252 4770 in
1283 4715 1428 4769 nullo
1468 4729 1590 4767 eum
1639 4713 1778 4784 ignis
1803 4712 1998 4766 laedere

427 4817 600 4889 potuit
633 4833 645 4868 :
672 4822 854 4883 postea
876 4825 1000 4865 eum
1025 4804 1458 4876 lapidarcjussit,
1494 4803 1546 4856 in
1576 4811 1782 4856 tantum
1801 4811 1860 4855 ut
1887 4801 1996 4856 col-

431 4910 496 4961 let
515 4908 582 4959 tis
612 4901 873 4974 lapidibus
899 4909 950 4954 et
975 4899 1026 4952 in
1052 4897 1250 4952 Christi
1275 4902 1564 4964 martyrem
1589 4893 1839 4961 projectis
1862 4907 1996 4960 pene

430 5003 740 5064 coopertum
773 5005 967 5058 corpus
994 4996 1154 5050 esset,
1185 5000 1340 5054 quem
1381 4995 1698 5052 persecutor
1725 4991 1996 5037 mortuum

431 5086 662 5141 credens
685 5079 926 5143 secessit,
955 5077 1047 5132 sed
1079 5076 1334 5130 Dominus
1360 5084 1648 5144 martyrem
1691 5089 1843 5128 suum
1874 5073 1998 5125 ilia:-

432 5194 550 5232 sum
579 5189 822 5234 servans,
869 5180 1050 5239 postea
1104 5168 1281 5221 divina
1328 5165 1605 5220 vocatione
1643 5167 1709 5218 ad
1758 5164 1994 5217 CtL‘Itrsiizl

435 5285 596 5337 regna
626 5282 746 5320 etnn
775 5261 1085 5324 arcessivit,
1128 5260 1308 5327 sicque
1339 5260 1391 5312 in
1437 5274 1567 5328 pace
1612 5259 1843 5311 annnam
1877 5259 1996 5310 red-

431 5361 562 5412 dens
587 5359 652 5410 ad
679 5365 934 5410 a-ternam
974 5351 1210 5418 requiem
1244 5349 1509 5419 migravit.

507 5447 591 5502 XV
622 5447 752 5500 list.
787 5443 971 5498 Natale
1009 5439 1179 5492 sancti
1207 5439 1428 5508 Agapeti
1471 5448 1743 5508 martyris,
1772 5438 1861 5507 qni
1898 5438 1998 5491 sub

432 5537 694 5590 Antiocho
723 5545 847 5601 rege
872 5545 993 5586 cum
1044 5540 1187 5583 esset
1229 5543 1359 5596 ptter
1399 5544 1659 5582 annorum
1690 5529 1995 5597 quindecim

503 5661 526 5687 υ
554 5648 684 5714 Quis
726 5646 812 5700 ille
840 5643 1082 5698 Liberius
1125 5641 1358 5710 przcsul?
1401 5659 1466 5695 an
1514 5641 1749 5710 pontifex
1795 5642 1994 5697 Roma-

439 5733 563 5781 nus,
586 5732 688 5785 “qui
722 5717 820 5770 sub
849 5715 1163 5768 Cottstantto
1201 5714 1356 5765 tidem
1403 5714 1752 5765 orthodoxam
1795 5715 1994 5781 dejera-

2094 1911 2275 1968 natale
2306 1910 2480 1966 sancti
2510 1908 2715 1963 Privati
2740 1904 3018 1978 martyris.

2165 2003 2233 2058 Xl
2266 2003 2398 2056 ΚΜ..
2437 1998 2624 2056 Sancti
2653 1997 2960 2061 Timothei,
3012 1994 3104 2065 qui
3153 1993 3223 2049 ab
3273 1992 3563 2049 Antiochia
3602 2007 3696 2048 ve-

2094 2096 2250 2150 niens
2301 2093 2528 2147 Romam
2569 2091 2672 2146 sub
2712 2088 2950 2142 Miltiade
2996 2102 3138 2158 papa
3191 2093 3476 2156 susceptus
3509 2094 3598 2140 est
3638 2084 3693 2139 in

2093 2185 2444 2255 hospitiuma
2488 2179 2791 2250 Sylvestro,
2819 2177 2910 2248 qui
2949 2185 3134 2246 postea
3181 2177 3470 2247 episcOpus
3517 2175 3696 2229 factus

2095 2287 2214 2332 est:
2251 2275 2342 2345 qui
2374 2289 2495 2329 cum
2550 2285 2751 2326 annum
2795 2277 2965 2324 totum
3005 2276 3059 2323 et
3098 2267 3304 2338 aliquot
3346 2282 3567 2323 menses
3620 2267 3697 2320 ibi

2094 2366 2395 2437 praedicans
2420 2362 2619 2418 multos
2646 2361 2714 2416 ad
2734 2359 3012 2416 Christum
3040 2358 3426 2421 convertisset,
3452 2366 3641 2412 tentus
3663 2371 3694 2409 a

2096 2455 2392 2527 Tarquinio
2423 2453 2584 2510 Urbis
2622 2450 2898 2524 prmfecto,
2939 2458 2993 2504 et
3033 2448 3192 2519 longa
3234 2448 3478 2503 carceris
3502 2459 3689 2503 cus:o-

2097 2547 2181 2602 dia
2211 2552 2513 2601 maceratus
2541 2558 2666 2599 cum
2704 2541 3015 2597 sacrificare
3043 2539 3198 2594 idolis
3222 2539 3507 2603 noluisset,
3533 2537 3698 2592 tertio

2095 2653 2292 2702 caesus,
2318 2650 2382 2690 ac
2407 2633 2743 2706 gravissimis
2769 2630 3046 2702 suppliciis
3081 2638 3421 2691 attrectatus,
3452 2629 3520 2682 ad
3568 2627 3696 2681 ulti-

2097 2747 2244 2786 mum
2294 2729 2593 2785 dccollatus
2631 2735 2687 2782 et
2738 2726 2892 2796 juxta
2945 2724 3159 2778 beatum
3194 2721 3420 2776 Paulum
3470 2722 3698 2791 Aposto-

2099 2824 2208 2878 lnm
2246 2821 2489 2891 sepultus
2516 2828 2619 2876 est.
2674 2817 2949 2888 Scriptum
2999 2817 3050 2870 in
3104 2815 3330 2870 historia
3365 2815 3539 2869 sancti
3574 2813 3699 2884 Syl-

2097 2913 2284 2968 vestri.
2319 2911 2518 2966 Eodem
2565 2909 2652 2964 die
2679 2907 3072 2979 Augustoduno
3119 2905 3298 2976 passio
3335 2904 3511 2960 sancti
3543 2902 3700 2974 Sym-

2096 3001 2349 3074 phoriani
2381 2999 2656 3072 martyris.

2173 3093 2218 3147 Χ
2248 3091 2383 3147 ΚΑΙ..
2417 3090 2608 3146 Passio
2640 3088 2810 3151 trium
2845 3087 3075 3142 fratrum
3123 3088 3223 3143 sub
3251 3086 3413 3157 Lysia
3461 3085 3698 3155 pnesiale

2104 3185 2160 3239 in
2187 3182 2467 3255 provincia
2494 3180 2682 3252 Lycia,
2712 3179 2933 3234 civitate
2956 3177 3129 3248 Egea
3147 3218 3160 3241 ,
3189 3179 3292 3232 hoc
3330 3186 3434 3241 est,
3458 3175 3694 3238 Claudii,

2101 3271 2323 3337 Asteri‘,
2383 3270 2603 3336 Neonis,
2653 3283 2791 3340 quos
2836 3268 3150 3339 singillatim
3200 3281 3402 3337 praeses
3456 3268 3697 3335 torqueri

2101 3364 2380 3433 praecepit,
2409 3362 2640 3432 primum
2670 3358 2951 3414 Claudium
2978 3357 3208 3428 equuleo
3235 3358 3511 3427 suspendi,
3537 3357 3695 3410 ﬂatu-

2101 3467 2219 3509 mas
2245 3452 2474 3523 pedibus
2510 3466 2571 3507 ea
2598 3457 2753 3522 parte
2779 3447 2999 3502 laniatis
3029 3446 3296 3512 adhileri,
3334 3454 3474 3500 testa
3499 3447 3699 3502 acutis-

2101 3544 2239 3598 sima
2293 3552 2349 3598 et
2387 3540 2609 3597 candela
2654 3538 2878 3593 ardente
2926 3537 3094 3592 latera
3144 3535 3262 3604 ejus
3306 3536 3496 3600 aduri;
3539 3536 3701 3591 Aste-

2103 3634 2243 3688 rium
2274 3648 2402 3688 vero
2430 3631 2652 3686 fratrem
2705 3627 2824 3698 ejus
2859 3626 3111 3682 similiter
3155 3625 3318 3695 jussit
3357 3627 3412 3680 in
3463 3627 3698 3698 equuleo

2102 3722 2378 3794 suspendi,
2407 3721 2671 3777 carbones
2713 3718 2968 3773 ardentes
3014 3715 3116 3770 sub
3161 3715 3387 3784 pedibus
3413 3716 3531 3785 ejus
3568 3719 3697 3772 sub-

2102 3813 2306 3878 sterni;
2353 3811 2572 3867 tcrtium
2627 3809 2850 3864 fratrem
2901 3805 3056 3875 ejus,
3116 3805 3219 3860 hoc
3280 3816 3365 3861 est
3413 3805 3650 3861 Nconem
3679 3850 3696 3870 ,

2097 3905 2259 3976 jussit
2298 3903 2353 3957 in
2396 3900 2607 3956 cervice
2659 3899 2920 3969 torqueri,
2968 3897 3238 3952 carbones
3291 3912 3457 3966 super
3510 3899 3694 3955 mitti.

2102 4008 2158 4052 et
2199 3996 2378 4051 nervis
2404 3995 2623 4050 dorsum
2650 3991 2770 4063 ejus
2793 3991 3018 4046 czndere.
3049 3989 3299 4044 Mulieres
3334 3998 3552 4052 autem,
3590 3991 3698 4046 hoc

2104 4095 2209 4153 est,
2239 4087 2558 4142 Domninam
2587 4082 2935 4154 [Donuiuam]
2955 4123 2969 4147 ,
2996 4082 3402 4136 etTheonillam
3427 4081 3696 4152 projicere

2114 4180 2166 4232 in
2197 4187 2420 4242 terram,
2463 4184 2520 4229 et
2550 4175 2722 4245 alapis
2749 4189 2842 4228 eas
2867 4172 3022 4236 credi,
3052 4182 3107 4227 et
3132 4173 3309 4241 capita
3363 4172 3510 4227 tondi
3544 4173 3692 4245 [too-

2110 4269 2274 4342 deri],
2295 4277 2349 4324 et
2371 4270 2450 4324 sic
2477 4268 2803 4323 carbonibus
2832 4266 3083 4321 succendi
3110 4279 3124 4316 :
3149 4266 3214 4319 ad
3235 4272 3540 4319 extremum
3563 4281 3694 4319 vero

2107 4372 2339 4428 corpora
2357 4372 2545 4413 eorum
2576 4371 2734 4412 sacco
2760 4355 2965 4409 inclusa
2991 4355 3043 4408 in
3075 4370 3221 4408 mare
3241 4352 3406 4423 jussit
3426 4355 3689 4424 denter-gi.

2177 4447 2247 4502 IX
2277 4446 2411 4501 KAL.
2477 4446 2664 4502 Natale
2703 4444 3085 4498 IIat'tholonta-i
3129 4444 3356 4513 apostoIi
3383 4484 3399 4509 ,
3452 4445 3544 4513 qui
3591 4461 3693 4498 tto-

2102 4554 2226 4593 men
2253 4553 2318 4592 ex
2349 4536 2486 4607 Syra
2525 4535 2708 4605 lingua
2754 4537 3014 4604 suscepit,
3039 4545 3092 4588 ct
3120 4536 3515 4604 interpretatur
3546 4535 3693 4594 ﬁlius

2101 4627 2457 4697 suspendentis
2487 4642 2671 4696 aquas.
2699 4625 3019 4696 Lycaoniam
3045 4624 3132 4696 [In
3161 4624 3460 4697 Lycaonia]
3490 4627 3691 4694 pendi-

2101 4719 2241 4771 cavit
2277 4732 2292 4769 :
2317 4717 2382 4770 ad
2409 4715 2656 4770 ultinntm
2685 4715 2736 4768 in
2767 4714 2974 4768 Albano
2997 4712 3216 4782 majoris
3239 4714 3517 4768 Armenia:
3552 4715 3692 4769 urbe

2103 4811 2289 4863 vivens
2316 4823 2345 4860 a
2369 4807 2612 4861 barbaris
2639 4807 2960 4870 dccoriatns,
2985 4817 3146 4875 atque
3183 4821 3281 4874 per
3307 4804 3519 4873 jussum
3543 4809 3693 4877 regis

2104 4899 2357 4969 Astyagis
2387 4897 2701 4962 dccollatus,
2738 4899 2922 4965 sicque
2983 4906 3139 4951 terra:
3170 4897 3441 4962 conditus,
3484 4913 3541 4952 ix
3562 4897 3686 4953 Iial.

2105 4994 2407 5062 Septembr.

2179 5082 2286 5138 VIII
2322 5082 2456 5137 ΚΜ..
2485 5083 2672 5137 Passio
2714 5080 2929 5137 Genesii
2952 5083 3206 5151 martyris
3233 5083 3332 5138 sub
3360 5083 3690 5153 imperatore

2105 5173 2454 5236 Diocletiano,
2481 5172 2570 5240 qui
2597 5171 2696 5223 fuit
2723 5173 2951 5239 primum
2980 5172 3077 5225 sub
3107 5172 3406 5242 gentilitate
3436 5184 3551 5227 arte
3578 5177 3684 5228 mi-

2105 5278 2245 5327 mus,
2266 5263 2360 5318 sed
2401 5269 2583 5318 postea
2616 5260 2819 5315 Christi
2844 5261 3120 5316 confessor
3141 5264 3538 5327 l‘acttts,multis
3567 5282 3689 5318 mo-

2103 5352 2185 5406 dis
2211 5367 2239 5405 a
2269 5351 2704 5420 persecutoribus
2744 5361 2824 5403 est
2857 5351 3150 5414 cruciatus,
3201 5351 3300 5405 hoc
3329 5362 3413 5406 est
3451 5352 3690 5406 fustibus

2097 5459 2288 5507 caesus,
2335 5441 2562 5510 equuleo
2605 5455 2916 5508 suspensus,
2949 5438 3175 5497 llatnntis
3213 5443 3468 5506 adustus,
3501 5446 3689 5497 novis-

2098 5534 2230 5586 sime
2260 5531 2572 5586 decollatus.

2097 5649 2207 5700 vit?
2245 5646 2460 5700 Eusebii
2488 5646 2620 5700 Acta
2652 5661 2780 5702 mss.
2812 5645 2997 5700 habuit
3015 5645 3310 5702 BaroniuS'
3347 5663 3460 5701 rem
3497 5660 3684 5705 tamen

2098 5734 2203 5770 non
2235 5716 2460 5785 aperuit.
2488 5714 2612 5768 Bas.
