3924 6350
192 366 324 421 Ηεέὄ

1495 359 1685 418 MART
1700 358 2099 417 YHOLUGIUM
2112 403 2125 413 .

3322 357 3453 409 Ηίὶῦ

256 478 343 531 Vll
374 476 506 531 KAL.
554 475 745 530 Natale
771 473 1012 528 llerentci
1050 473 1283 544 [lrenzei]
1307 483 1360 527 et
1387 474 1622 528 Abundii
1655 472 1763 527 lio-
1792 478 1836 536 Α
1866 474 2008 527 omni
2040 471 2255 543 pra-iret
2285 472 2455 541 gratia
2500 472 2777 534 virtutum,
2810 470 2902 525 sed
2944 470 3015 523 ita
3054 468 3255 538 ingenti
3284 471 3455 541 gloria

184 586 308 635 tum,
352 585 485 641 quos
511 568 746 623 Deciana
776 566 1150 637 persecutione
1177 565 1338 634 jussit
1364 566 1686 622 Valerianus
1716 566 1771 619 in

184 663 364 717 cloaca
403 662 617 717 necari:
650 675 713 715 eo
740 660 882 730 quod
922 673 1119 728 corpus
1144 658 1319 712 beatae
1359 656 1673 712 Concordia:
1716 656 1772 710 in

188 753 426 809 cloacam
454 751 679 805 missum
712 749 1029 811 levaverint,
1054 755 1108 801 et
1137 747 1377 817 ipsorum
1409 761 1623 816 quoque
1653 761 1771 801 cor-

186 859 289 914 pus
318 842 516 897 levavit
542 841 788 895 Justinus
808 838 1115 910 presbyter,
1150 847 1205 892 et
1233 837 1481 908 sepelivit
1504 837 1558 915 in
1584 845 1772 907 crypta

182 934 338 1004 juxta
378 934 590 987 beatum
625 930 1001 985 Laurentium.

258 1023 325 1078 Vi
355 1024 487 1078 Kac.
517 1022 574 1077 In
602 1022 774 1077 Gallia
799 1021 1017 1076 Arelato
1041 1022 1261 1077 civitate
1288 1019 1555 1093 depositio
1603 1022 1775 1079 sancti

186 1115 408 1170 Caesarii
431 1114 689 1185 episc0pi.
718 1111 1105 1184 Augustodnno
1135 1113 1400 1183 depositio
1428 1114 1601 1169 sancti
1633 1112 1777 1184 Sya-

190 1205 293 1276 grii
326 1202 588 1275 episcopi.

262 1294 306 1347 V
369 1295 504 1349 ΚΜ..
579 1292 637 1347 In
689 1293 873 1348 Africa
935 1293 1199 1364 depositio
1259 1294 1432 1350 sancti
1493 1293 1776 1364 Augustini

188 1384 450 1456 episcopi,
482 1384 572 1454 qui
603 1384 775 1453 primo
805 1383 871 1439 de
899 1399 993 1439 sua
1022 1384 1241 1439 civitate
1271 1392 1491 1455 propter
1518 1383 1781 1440 barbaros

192 1474 499 1532 Sardiniam
538 1474 853 1540 translatus,
885 1491 1054 1545 nuper
1079 1490 1110 1529 a
1136 1475 1469 1531 Luitbrando
1492 1491 1619 1547 rege
1642 1475 1783 1531 Lon-

190 1569 552 1640 gobardorum
584 1567 787 1622 Ticinis
833 1565 1126 1640 [Ticinum]
1157 1565 1358 1622 relatus
1382 1574 1437 1622 et
1483 1561 1785 1622 honoriﬁce

191 1660 444 1716 conditus
493 1668 595 1715 est.
656 1659 857 1713 Eodem
921 1658 1009 1713 die
1058 1657 1237 1712 natale
1288 1658 1464 1713 sancti
1511 1657 1783 1713 llermetis

193 1751 467 1822 martyris.

265 1838 332 1894 ιν
355 1838 491 1893 ΚΑι.
518 1838 576 1893 In
601 1840 852 1904 Venusia,
877 1839 1094 1895 civitate
1122 1838 1347 1908 Apuliae,
1378 1837 1555 1893 natale
1583 1838 1780 1894 Felicis
1811 1830 1856 1890 Β

191 1931 432 2001 episcopi
454 1931 689 1986 civitatis
712 1931 1095 1997 Tubrozensis,
1120 1929 1430 1985 ctJanuarii
1452 1931 1779 2002 presbyteri,

191 2028 249 2075 et
276 2019 650 2074 Fortunatiani
679 2028 735 2075 et
779 2018 1086 2090 Septimini,
1124 2020 1387 2075 lectorum
1408 2061 1423 2085 ,
1454 2022 1545 2091 qui
1579 2030 1783 2091 tempo-

193 2109 345 2164 ribus
371 2109 688 2165 Diocletiani
726 2111 780 2165 in
810 2126 907 2167 sua
949 2111 1170 2166 civitate
1197 2112 1331 2167 tenti
1370 2128 1400 2166 a
1428 2111 1782 2184 Magnclliano

193 2210 547 2272 procuratore
594 2216 723 2255 xviii
762 2200 880 2255 Kal.
905 2199 1053 2266 Julii,
1078 2201 1202 2258 inde
1226 2202 1408 2259 multis
1434 2204 1523 2259 diu
1552 2203 1783 2260 vinculis

194 2302 248 2347 et
262 2293 575 2348 carceribus
588 2293 866 2357 macerati,
882 2294 1001 2348 etin
1020 2292 1167 2359 Asia,
1189 2303 1242 2349 et
1263 2294 1318 2349 in
1345 2294 1550 2362 Sicilia,
1567 2295 1785 2353 tandem

196 2385 250 2440 in
284 2386 553 2441 occisione
584 2385 747 2457 gladii
776 2387 1131 2441 consummati
1160 2384 1305 2441 sunt.
1345 2387 1535 2443 Natale
1585 2398 1785 2444 sancta:

198 2474 418 2529 Sabina:
460 2476 737 2546 martyris.
792 2477 993 2532 Eadem
1043 2479 1129 2533 die
1172 2477 1479 2533 celebratur
1504 2478 1787 2533 decollatio

201 2564 377 2617 sancti
406 2561 630 2617 Joannis
657 2564 939 2634 Baptisttc,
972 2566 1062 2635 qui
1090 2567 1264 2636 primo
1295 2566 1347 2620 in
1382 2566 1625 2622 Samaria
1653 2582 1785 2623 con-

198 2655 365 2719 ditus,
391 2672 531 2710 nunc
556 2656 607 2709 in
646 2656 972 2729 Alexandria
1008 2676 1019 2711 :
1053 2675 1217 2729 porro
1246 2668 1409 2728 caput
1453 2659 1520 2714 de
1571 2657 1789 2716 Jcroso-

201 2746 362 2815 lymis
399 2747 465 2801 ad
497 2745 772 2802 Phoenicis
798 2749 985 2803 urbem
1019 2749 1281 2815 Emissam
1314 2749 1617 2823 [Edessam]
1642 2751 1790 2807 dela-

202 2845 318 2890 ιιιιιι
343 2846 446 2892 εει.
890 2891 897 2897 .

274 2927 340 2982 lll
362 2928 493 2983 ΚΜ..
546 2929 730 2984 Rontzc
752 2930 929 2986 natale
949 2926 1261 2986 sanctorum
1284 2939 1582 3002 martyrum
1599 2932 1791 2988 Felicis

203 3026 261 3072 ct
287 3017 545 3084 Audacti,
582 3018 897 3073 Caudentiae
920 3020 1144 3091 virginis
1174 3035 1297 3075 cum
1330 3019 1555 3090 reliquis
1593 3020 1786 3084 tribus,

203 3120 257 3164 et
294 3110 559 3179 depositio
586 3110 723 3181 Agili
766 3110 1000 3165 abbatis.

1875 581 1985 620 sua:
2007 564 2197 636 plebis,
2220 563 2397 634 populi
2424 563 2632 617 Domini
2659 562 2910 618 Ecclesia)
2931 561 3263 631 pncsidcrct,
3287 577 3456 631 usque

1877 657 1942 710 ad
1969 656 2337 727 expalsionem
2355 654 2471 722 ejus
2494 653 2771 709 frementis
2793 654 2988 709 diaboli
3012 654 3215 708 exarsit
3236 654 3457 709 invidia.

1877 745 2029 801 lluuc
2060 760 2190 817 ergo
2233 760 2355 800 cum
2388 744 2583 798 seditio
2626 743 2803 814 populi
2850 743 3293 813 persequebatur,
3339 754 3461 814 post

1877 834 2071 917 multas
2100 836 2477 892 tribulationes
2499 836 2552 889 in
2577 828 3065 906 peregrinationem
3106 838 3345 906 perrexit
3383 845 3462 891 at-

1877 946 1982 1000 que
1998 929 2112 983 solo
2128 944 2311 984 secum
2330 928 2621 984 comitante
2636 942 2802 997 puero
2817 928 2869 981 in
2885 926 3174 998 Aigyptum
3195 928 3458 996 pervenit,

1878 1026 2063 1094 ibique
2100 1024 2241 1078 inter
2286 1026 2646 1079 anaclioretas
2677 1022 3073 1076 strictissimam
3106 1023 3269 1076 vitam
3311 1021 3465 1076 duxit

1877 1126 1933 1170 et
1956 1115 2208 1170 nobiliter
2222 1122 2577 1169 conversatus
2594 1122 2679 1167 est
2702 1130 2714 1166 :
2739 1128 2897 1183 quem
2912 1120 3131 1167 sanctus
3142 1112 3459 1174 Antiochus,

1880 1206 2163 1275 presbyter
2204 1204 2613 1276 Lugdunensis,
2652 1205 2743 1274 pio
2788 1205 3045 1259 incitatus
3078 1203 3256 1259 ofﬁcio
3296 1218 3465 1273 usque

1880 1297 1946 1350 ad
1970 1295 2296 1350 visitandum
2320 1310 2475 1349 suum
2499 1298 2807 1365 episcopum
2828 1311 3054 1366 pergere
3079 1296 3255 1349 animo
3289 1299 3463 1351 inten-

1881 1387 1992 1452 dit,
2049 1402 2207 1456 quem
2253 1387 2417 1441 etiam
2466 1387 2533 1440 ad
2586 1401 2644 1441 se
2683 1394 2968 1440 venturum
3016 1394 3234 1440 sanctus
3280 1383 3465 1439 Justus

1882 1476 2163 1547 cpisc0pus
2183 1477 2430 1547 praedixit
2457 1477 2541 1532 his
2572 1477 2663 1547 qui
2689 1491 2871 1532 secum
2904 1484 3077 1531 erant.
3107 1474 3235 1529 Ροςι
3264 1474 3465 1544 aliquot

1882 1581 2015 1621 vero
2050 1566 2165 1621 dies
2193 1575 2411 1623 sanctus
2436 1567 2530 1622 Dei
2572 1567 2811 1638 migrans
2854 1566 2920 1621 de
2948 1567 3049 1621 hoc
3078 1564 3305 1631 saeculo,
3342 1580 3465 1620 ossa

1884 1674 1982 1714 sua
2028 1658 2096 1713 ad
2132 1659 2316 1714 sedem
2358 1674 2512 1713 suam
2542 1658 2723 1713 divino
2751 1667 2882 1712 nutu
2915 1656 3196 1712 transferri
3244 1670 3463 1728 prome—

1885 1749 2012 1813 ruit,
2044 1749 2224 1819 ibique
2255 1748 2550 1803 honoriﬁce
2585 1748 2819 1819 sepeliri.

1952 1836 2018 1890 Ill
2055 1826 2191 1892 Non.
2244 1836 2301 1891 lu
2330 1826 2678 1903 Alexandria,
2723 1837 2979 1908 Aristippi
3010 1838 3277 1907 episcopi,
3323 1846 3377 1891 et
3410 1836 3463 1890 in

1885 1926 2064 1999 Syria,
2093 1926 2345 1982 Antonini
2376 1928 2526 1998 pueri
2558 1944 2820 1983 annorum
2867 1930 3074 2000 viginti,
3101 1938 3153 1983 et
3193 1928 3465 1983 Aristonis

1883 2020 2152 2091 episcopi,
2186 2029 2241 2075 et
2262 2021 2315 2075 in
2342 2020 2559 2085 Caudis,
2590 2021 2857 2076 Vitaliani.

1952 2112 1998 2169 ll
2022 2112 2157 2170 Non.
2187 2114 2245 2169 In
2271 2113 2405 2169 urbe
2429 2113 2771 2170 Cabilouensi
2800 2113 2979 2169 natale
3026 2113 3199 2168 sancti
3226 2111 3465 2171 Marcelli

1884 2205 2139 2275 martyris
2159 2245 2174 2271 ,
2199 2204 2291 2275 qui
2320 2205 2422 2260 sub
2448 2204 2721 2260 Antonino
2750 2205 3077 2275 imperatore
3098 2218 3195 2273 per
3220 2203 3464 2259 Priscum

1884 2294 2169 2363 praesidem
2192 2308 2383 2363 passus
2404 2302 2506 2349 est.
2534 2292 2671 2348 Nam
2692 2308 2815 2350 cum
2844 2292 3010 2348 nollet
3040 2293 3178 2348 idola
3215 2294 3464 2356 adorare,

1886 2383 2258 2456 multipliciter
2301 2383 2671 2454 torquebatur.
2706 2381 2938 2439 Sanctus
2984 2397 3116 2453 ergo
3164 2390 3368 2453 martyr
3413 2382 3466 2435 in

1888 2479 2070 2531 animo
2095 2476 2303 2533 ccelesti
2332 2477 2529 2530 virtute
2558 2476 2863 2540 roboratus,
2895 2475 3191 2529 secundum
3215 2474 3329 2529 loca
3355 2474 3469 2529 ido-

1886 2564 2085 2631 lorum,
2108 2565 2183 2619 ita
2202 2573 2258 2621 et
2284 2565 2542 2635 supplicia
2567 2564 2953 2629 commutabat,
2976 2564 3220 2634 equulcis
3246 2575 3471 2620 extensa

1890 2655 2131 2712 membra
2168 2666 2481 2711 catenarum
2517 2656 2749 2720 stridore
2774 2655 2959 2720 laniat,
2996 2653 3471 2729 igniumglobibus

1892 2746 2001 2817 (lla
2031 2746 2153 2817 ms.)
2184 2746 2315 2812 urit,
2338 2753 2394 2800 et
2415 2745 2687 2801 dissolutis
2725 2745 2917 2799 ictibds
2944 2753 3095 2799 artus
3132 2752 3322 2799 exusta
3349 2760 3471 2801 corv

1889 2835 2037 2906 poris
2065 2835 2333 2890 elementa
2358 2834 2658 2906 jungebant
2687 2854 2700 2891 :
2749 2835 2843 2891 sed
2872 2825 3073 2891 athleta
3111 2835 3470 2899 fortissimus,

1893 2928 2130 2983 auctoris
2159 2928 2240 2983 sui
2268 2926 2395 2983 Jesu
2421 2927 2622 2983 Christi
2648 2928 2789 2983 intra
2824 2928 3031 2983 viscera
3070 2929 3310 2983 retinens
3344 2943 3473 2998 pas—

1891 3021 2118 3085 sionem,
2149 3005 2465 3090 gloriosiore
2493 3020 2787 3075 certamine
2820 3020 3218 3089 triumphabat,
3249 3028 3305 3076 et
3333 3022 3474 3075 anti-

1894 3130 2052 3184 quam
2071 3114 2227 3169 ﬁdem
2250 3123 2638 3169 tormentorum
2651 3114 2862 3169 novitas
2885 3123 3093 3169 mutare
3115 3130 3221 3170 non
3236 3123 3473 3185 poterat.

280 3202 320 3255 ll
350 3202 485 3257 ius.
526 3202 766 3257 Treviris
791 3202 1056 3271 depositio
1109 3202 1283 3257 sancti
1310 3201 1519 3256 Paulini
1552 3202 1791 3273 epiSCOpi
1820 3185 1864 3246 Ο
1897 3202 2011 3259 Hoc
2038 3220 2253 3276 semper
2293 3205 2462 3275 iniqui
2514 3205 2875 3275 persecutoris
2925 3205 3334 3276 interrogationi
3385 3220 3474 3260 re-

204 3308 261 3352 et
289 3296 635 3360 confessoris,
664 3296 897 3366 quicum
926 3311 1023 3366 pro
1051 3295 1154 3351 ﬁde
1182 3295 1446 3351 catholica
1475 3311 1506 3349 a
1536 3295 1795 3351 Constan-

207 3390 285 3442 tio
314 3388 635 3458 imperatore
662 3386 768 3443 ﬁlio
794 3385 1131 3443 Constantini
1156 3386 1439 3459 exsiliatus
1460 3386 1672 3453 fuisset,
1690 3388 1792 3442 ibi-

206 3481 334 3535 dem
364 3479 646 3549 requievtt.

690 3614 1310 3693 SEPTEMBER.

282 3749 420 3811 ΚΜ..
451 3747 722 3804 Serrana.
751 3748 1153 3806 Cennomannis
1174 3752 1395 3807 civitate
1408 3738 1596 3806 Gallia:
1618 3751 1796 3804 natale

214 3843 450 3897 Victoris
484 3840 754 3914 [Victorii]
787 3842 1041 3912 epise0pi.
1074 3841 1209 3896 Nam
1242 3843 1369 3897 dum
1408 3852 1627 3898 sanctus
1658 3842 1796 3896 Mar-

212 3934 364 3988 tinus
394 3932 724 3987 Turonensis
754 3932 1037 4002 cpiscopus
1068 3934 1307 4004 perrexit
1331 3933 1399 3987 ad
1429 3933 1795 4003 sepeliendum

212 4023 528 4094 Leporium,
556 4023 865 4093 pontiﬁcem
892 4026 1215 4095 supradictae
1262 4026 1431 4091 urbis,
1463 4035 1514 4080 et
1557 4026 1796 4081 venisset

214 4116 285 4169 ad
306 4114 591 4186 oppidum,
624 4114 916 4183 respiciens
939 4116 1072 4171 vidit
1098 4117 1370 4172 hominem
1399 4128 1713 4188 operantem
1742 4119 1797 4173 in

213 4207 394 4271 vinea,
421 4212 647 4267 eratque
668 4204 917 4269 clericus,
942 4206 1255 4261 subdiaconi
1275 4206 1504 4261 ofﬁcium
1528 4207 1756 4277 adeptus
1782 4226 1793 4261 :

212 4296 621 4366 revelatumquc
646 4312 727 4351 ρει
754 4305 940 4352 saneto
975 4298 1063 4351 Dei
1090 4313 1154 4351 eo
1188 4300 1330 4369 quod
1361 4299 1475 4369 ipse
1499 4308 1643 4355 esset
1672 4314 1796 4354 suc-

212 4405 471 4446 cessurus
515 4391 567 4443 in
615 4390 971 4459 episcopalem
1016 4390 1188 4446 locum
1236 4408 1248 4443 :
1285 4394 1603 4461 vocavitquc
1650 4391 1797 4446 illum

212 4492 440 4536 sanctus
472 4480 732 4535 Martinus
762 4482 828 4535 ad
864 4498 923 4537 sc
968 4483 1151 4537 dicens
1197 4483 1269 4536 illi
1318 4502 1329 4537 :
1365 4504 1383 4534 ‹
1416 4483 1649 4539 Benedic
1680 4499 1797 4548 me,

211 4571 434 4625 domine
465 4570 667 4624 Victor.
712 4590 729 4621 ι
766 4571 860 4625 Cui
896 4570 1024 4625 ille:
1063 4589 1081 4621 ι
1120 4571 1356 4626 Benedic
1389 4582 1442 4626 tu
1492 4570 1655 4638 mihi,
1703 4572 1800 4627 do-

212 4662 365 4716 ininc
393 4662 487 4723 mi,
530 4670 584 4714 et
626 4661 938 4716 benedictus
962 4676 1143 4717 sermo
1172 4671 1313 4717 tuus.
1347 4684 1363 4714 ι
1411 4662 1608 4733 Sicque
1644 4662 1798 4732 jussu

211 4750 392 4805 sancti
419 4749 523 4803 viri
552 4758 770 4804 secutus
811 4759 894 4805 est
920 4768 1067 4817 cum,
1097 4768 1281 4821 quem,
1308 4762 1601 4809 convoeata
1644 4753 1801 4823 plebe

208 4852 383 4910 atque
441 4841 742 4895 coadunata
774 4882 787 4897 .
843 4842 1117 4897 ordinavit
1166 4846 1476 4913 episc0pum
1510 4886 1522 4908 ,
1577 4844 1801 4915 ejusque

211 4928 411 4993 ﬁlium,
451 4929 780 4985 Victorinum
817 4934 1053 4997 nomine,
1084 4935 1393 5002 baptizavit,
1428 4946 1483 4991 et
1526 4952 1707 4992 secum
1734 4940 1800 4991 ad

212 5018 565 5073 nutriendum
598 5019 663 5074 ad
694 5020 785 5075 Dei
810 5022 1088 5075 servitium
1118 5024 1235 5078 tulit
1266 5038 1279 5075 :
1311 5040 1468 5094 quem
1493 5028 1653 5081 etiam
1681 5036 1801 5095 p0.“

210 5109 426 5165 obitum
452 5110 620 5181 patris
660 5110 891 5166 defuncti
922 5114 1098 5168 cidem
1150 5115 1352 5170 civitati
1388 5118 1653 5172 ordinavit
1686 5119 1784 5186 cpi-

212 5215 442 5270 scopum
453 5241 463 5252 .

293 5293 358 5347 ιγ
393 5292 521 5347 Nox.
560 5292 818 5364 Lugduno
849 5295 1032 5347 Gaiiias
1066 5297 1328 5367 depositio
1384 5298 1516 5353 Justi
1567 5306 1801 5371 episcopi

210 5395 268 5437 et
301 5382 629 5439 confessoris
663 5402 678 5451 ;
716 5402 837 5439 cum
871 5398 988 5455 post
1035 5388 1375 5443 diaconatum
1409 5392 1633 5445 antistes
1660 5393 1803 5446 ordi-

212 5486 379 5530 natus
402 5485 504 5539 est,
526 5485 670 5530 tanta
690 5480 942 5546 puritate,
963 5481 1247 5545 modestia,
1278 5482 1497 5551 pietate,
1525 5484 1802 5552 patientia,

211 5584 315 5636 per
344 5567 542 5622 multos
581 5570 721 5623 rexit
762 5587 950 5633 annos,
986 5581 1129 5626 tanta
1159 5575 1303 5627 circa
1351 5592 1609 5645 paazpcics
1640 5591 1801 5637 cura,

213 5669 369 5712 tanta
399 5660 702 5716 divinorum
738 5664 1108 5719 matulatorum
1140 5667 1502 5733 observantia,
1542 5678 1594 5722 ut
1638 5672 1802 5723 etiam

214 5753 537 5821 magnificos
568 5764 727 5823 atque
767 5764 1082 5823 pra'stantes
1110 5758 1228 5811 illos
1263 5759 1468 5813 Doiniui
1497 5762 1804 5817 sacerdotes

1832 4543 1880 4602 Ι)

1898 3295 2186 3365 spondens,
2216 3295 2331 3351 tleri
2355 3309 2692 3364 nequaquam
2716 3308 2872 3364 posse
2896 3303 2953 3348 ut
2981 3294 3073 3363 qui
3097 3295 3266 3349 Deum
3298 3295 3476 3348 vivum

1896 3385 2143 3440 sensibus
2155 3385 2469 3454 recepisset,
2497 3399 2625 3439 saxa
2645 3400 2804 3439 sensu
2825 3385 3063 3439 carentia
3084 3393 3176 3438 aut
3190 3384 3477 3440 simulacra

1897 3476 2200 3530 darmonum
2227 3475 2509 3541 adoraret;
2542 3490 2702 3544 quem
2727 3475 3090 3543 nequissimus
3114 3490 3331 3544 pncscs,
3357 3491 3478 3529 cum

1896 3567 1952 3620 in
1974 3566 2251 3637 suppliciis
2271 3567 2436 3622 divini
2452 3566 2655 3622 favoris
2666 3567 2839 3638 gratia
2851 3568 3156 3625 adverteret
3179 3568 3479 3626 fartim-em.

1898 3658 2138 3713 inaudito
2206 3660 2539 3716 crudelitatis
2583 3661 2871 3731 exemplo,
2921 3662 3039 3732 plus
3090 3678 3252 3732 quam
3300 3663 3481 3717 furore

1897 3750 2264 3822 persecutoris
2309 3752 2626 3817 insaniens,
2683 3752 2860 3807 defodi
2916 3768 3039 3809 eum
3082 3754 3298 3824 cingulo
3330 3764 3485 3811 tenus

1892 3841 2093 3913 jussit,
2121 3843 2217 3898 sed
2264 3842 2441 3899 triduo
2485 3844 2536 3897 in
2579 3843 2830 3899 laudibus
2856 3844 3057 3899 Christi
3102 3847 3486 3916 omnipotentis

1899 3933 2109 3990 Domini
2141 3949 2205 3990 ac
2233 3936 2327 3991 Dei
2355 3936 2437 3991 sui
2464 3951 2560 3991 ore
2587 3944 2642 3990 et
2682 3952 2867 3991 amore
2897 3939 3193 4006 perdurans
3214 3979 3228 4004 ,
3267 3939 3483 3993 interim

1899 4028 2061 4084 terris
2101 4030 2341 4084 membra
2374 4036 2587 4084 terrena
2635 4033 3042 4099 commendans,
3070 4033 3317 4103 spiritum
3356 4048 3482 4089 san-

1900 4126 2046 4172 ctum
2073 4119 2255 4174 emisit
2279 4120 2343 4174 al
2372 4120 2558 4175 ccelos.
2859 4103 2869 4109 ’
3194 4116 3207 4121 ’

1972 4210 2156 4267 Nonus.
2189 4211 2247 4266 In
2286 4222 2442 4282 portu
2471 4212 2655 4267 Roma:
2689 4213 2866 4269 natale
2900 4215 3153 4280 Taurini,
3198 4216 3484 4270 Eraculani

1902 4301 2263 4374 [Herculani],
2295 4312 2349 4357 et
2374 4304 2425 4356 in
2461 4303 2782 4357 Alexandria
2803 4345 2817 4369 ,
2843 4303 3069 4375 Nymphi
3101 4315 3153 4359 ct
3185 4307 3485 4370 Saturnini,

1899 4405 1954 4453 et
1980 4397 2244 4467 depositio
2270 4396 2409 4451 beati
2438 4397 2653 4468 Ingenui
2682 4398 2919 4468 episcopi
2946 4439 2959 4463 ,
3000 4406 3053 4452 et
3080 4398 3131 4451 in
3158 4398 3447 4469 Campania
3475 4441 3486 4461 ,

1905 4489 2108 4558 Quinti.
2139 4489 2195 4543 In
2223 4487 2429 4553 Galliis,
2463 4491 2679 4545 civitate
2703 4490 3047 4554 Vesontionc,
3073 4490 3251 4544 natale
3274 4490 3490 4545 saneto~

1906 4596 2025 4635 rum
2055 4579 2290 4635 Ferreoli
2321 4589 2376 4634 et
2403 4578 2752 4635 Fcrrutionis.
2913 4569 2923 4576 ’

1982 4672 2091 4727 \"lll
2141 4673 2216 4727 lu.
2253 4672 2528 4726 Zacharia:
2558 4673 2850 4743 propheta).
2901 4672 3085 4727 Roma:
3114 4675 3196 4726 via
3246 4673 3487 4734 Salaria,

1908 4763 2156 4820 milliaria
2211 4763 2278 4816 ab
2342 4762 2484 4818 Urbe
2535 4763 3019 4833 Quinquagcsimo,
3084 4766 3263 4819 natale
3317 4766 3488 4818 sant-ti

1910 4857 2204 4912 Eleutltcrii
2228 4854 2483 4925 episcopi.
2512 4855 2565 4910 iii
2586 4856 2855 4912 territorio
2874 4855 3245 4926 Cappadoces,
3271 4858 3491 4913 civitate

1909 4946 2197 5006 Ructcusi,
2251 4946 2427 4999 natale
2478 4946 2647 4999 sancti
2680 4944 2879 5000 Cuttidi
2940 4945 3202 5016 [Cottitii],
3265 4948 3489 5017 lingenii

1907 5038 2142 5107 episcopi
2168 5047 2224 5091 et
2251 5039 2520 5091 sociorum
2556 5037 2689 5104 cszs.

1987 5130 2069 5182 ΠΙ
2115 5127 2411 5181 lo.'Natalc
2457 5129 2631 5182 sancti
2674 5128 2983 5182 Chlodoaldi
3033 5128 3374 5184 confessoris.
3436 5131 3491 5184 li:

1911 5219 2201 5286 Campania
2216 5218 2394 5272 natale
2415 5217 2731 5278 lnnOcculii,
2757 5228 2810 5271 et
2832 5218 2882 5272 in
2907 5208 3207 5271 iirnmcntn
3227 5218 3491 5282 Januarii,

1915 5308 2078 5373 lf‘csti,
2106 5308 2259 5360 Acuti
2280 5348 2294 5367 ,
2319 5317 2371 5360 ct
2402 5309 2572 5361 sancti
2607 5308 2791 5375 Synozi
2846 5319 2900 5360 et
2939 5308 3215 5361 Desidcrii.
3247 5308 3487 5371 Arelate,

1912 5397 2097 5451 Callia:
2148 5398 2401 5461 civitate,
2456 5398 2633 5451 natale
2662 5398 2830 5451 sancti
2874 5398 3179 5465 Augustalis
3228 5400 3487 5471 episcopi.

1909 5488 2216 5543 Aurelianis
2244 5488 2466 5543 civitate
2489 5490 2658 5541 sancti
2691 5488 2893 5541 Evertii
2919 5489 3153 5557 episcopi
3194 5500 3246 5542 et
3276 5490 3486 5544 confe»

1912 5580 2070 5646 soris,
2102 5581 2191 5649 qui
2245 5591 2363 5650 post
2395 5581 2736 5635 Desinianum
2773 5580 2938 5649 ipsius
2982 5580 3234 5634 Ecclesitc
3284 5584 3492 5651 episco-

1911 5681 2094 5742 patum
2125 5673 2353 5736 meruit;
2388 5674 2478 5743 qui
2523 5672 2684 5727 etiam
2710 5672 2892 5725 divino
2928 5682 3058 5725 nutu
3098 5688 3194 5741 per
3231 5674 3495 5729 columba?

1910 5764 2145 5835 speciem
2194 5764 2428 5833 Spiritus
2476 5764 2645 5819 sancti
2702 5765 2963 5820 electione
3015 5765 3080 5821 ad
3126 5776 3491 5838 episcopatum
