  <div class='ocr_page' id='page_1' title='image "/cluster/home/n/w/nwhite01/storage/ocr_20150623/110/uva.x000827066/591.png"; bbox 0 0 3924 6324; ppageno 0'>
   <div class='ocr_carea' id='block_1_1' title="bbox 440 366 572 419">
    <p class='ocr_par' dir='ltr' id='par_1_1' title="bbox 440 366 572 419">
     <span class='ocr_line' id='line_1_1' title="bbox 440 366 572 419; baseline 0.008 -1"><span class='ocrx_word' id='word_1_1' title='bbox 440 366 572 419; x_wconf 75' lang='lat' dir='ltr'><strong>&#39;iit&#39;il</strong></span> 
     </span>
    </p>
   </div>
   <div class='ocr_carea' id='block_1_2' title="bbox 1107 352 3064 416">
    <p class='ocr_par' dir='ltr' id='par_1_2' title="bbox 1107 352 3064 416">
     <span class='ocr_line' id='line_1_2' title="bbox 1107 352 3064 416; baseline -0.001 0"><span class='ocrx_word' id='word_1_2' title='bbox 1107 362 1168 416; x_wconf 82' lang='grc' dir='ltr'><strong>Β.</strong></span> <span class='ocrx_word' id='word_1_3' title='bbox 1211 359 1459 416; x_wconf 77' lang='lat' dir='ltr'><strong>llABANI</strong></span> <span class='ocrx_word' id='word_1_4' title='bbox 1498 355 1714 415; x_wconf 70' lang='lat' dir='ltr'><strong>MAURI</strong></span> <span class='ocrx_word' id='word_1_5' title='bbox 1753 354 2069 410; x_wconf 74' lang='lat' dir='ltr'><strong>ARCIIIEP.</strong></span> <span class='ocrx_word' id='word_1_6' title='bbox 2109 353 2419 413; x_wconf 69' lang='lat' dir='ltr'><strong>MOGUNT.</strong></span> <span class='ocrx_word' id='word_1_7' title='bbox 2456 352 2741 412; x_wconf 76' lang='lat' dir='ltr'><strong>OPERUM</strong></span> <span class='ocrx_word' id='word_1_8' title='bbox 2780 355 2961 413; x_wconf 76' lang='lat' dir='ltr'><strong>PARS</strong></span> <span class='ocrx_word' id='word_1_9' title='bbox 2997 355 3064 414; x_wconf 87' lang='lat' dir='ltr'><strong>Il.</strong></span> 
     </span>
    </p>
   </div>
   <div class='ocr_carea' id='block_1_3' title="bbox 3569 359 3688 418">
    <p class='ocr_par' dir='ltr' id='par_1_3' title="bbox 3569 359 3688 418">
     <span class='ocr_line' id='line_1_3' title="bbox 3569 359 3688 418; baseline 0.042 -5"><span class='ocrx_word' id='word_1_10' title='bbox 3569 359 3688 418; x_wconf 58' lang='lat' dir='ltr'><strong>lim</strong></span> 
     </span>
    </p>
   </div>
   <div class='ocr_carea' id='block_1_4' title="bbox 440 464 3691 552">
    <p class='ocr_par' dir='ltr' id='par_1_4' title="bbox 440 464 3691 552">
     <span class='ocr_line' id='line_1_4' title="bbox 440 464 3691 552; baseline -0.004 -14"><span class='ocrx_word' id='word_1_11' title='bbox 440 480 837 552; x_wconf 86' lang='lat' dir='ltr'><strong>percipiendum</strong></span> <span class='ocrx_word' id='word_1_12' title='bbox 860 478 1055 549; x_wconf 83' lang='lat' dir='ltr'><strong>dignus</strong></span> <span class='ocrx_word' id='word_1_13' title='bbox 1081 484 1333 532; x_wconf 74' lang='lat' dir='ltr'><strong>ostensus</strong></span> <span class='ocrx_word' id='word_1_14' title='bbox 1356 485 1458 539; x_wconf 88' lang='lat' dir='ltr'><strong>est,</strong></span> <span class='ocrx_word' id='word_1_15' title='bbox 1490 474 1627 529; x_wconf 88' lang='lat' dir='ltr'><strong>sicut</strong></span> <span class='ocrx_word' id='word_1_16' title='bbox 1655 472 1708 525; x_wconf 92' lang='lat' dir='ltr'><strong>in</strong></span> <span class='ocrx_word' id='word_1_17' title='bbox 1743 468 1863 523; x_wconf 70' lang='lat' dir='ltr'><strong>Vita</strong></span> <span class='ocrx_word' id='word_1_18' title='bbox 1903 467 2021 536; x_wconf 72' lang='lat' dir='ltr'><strong>ejus</strong></span> <span class='ocrx_word' id='word_1_19' title='bbox 2046 472 2093 532; x_wconf 84' lang='grc' dir='ltr'>Λ</span> <span class='ocrx_word' id='word_1_20' title='bbox 2121 464 2381 532; x_wconf 80' lang='lat' dir='ltr'><strong>Januarii,</strong></span> <span class='ocrx_word' id='word_1_21' title='bbox 2436 482 2537 540; x_wconf 90' lang='lat' dir='ltr'><strong>pro</strong></span> <span class='ocrx_word' id='word_1_22' title='bbox 2570 467 2771 523; x_wconf 77' lang='lat' dir='ltr'><strong>Christi</strong></span> <span class='ocrx_word' id='word_1_23' title='bbox 2819 470 3036 526; x_wconf 81' lang='lat' dir='ltr'><strong>nomine</strong></span> <span class='ocrx_word' id='word_1_24' title='bbox 3075 484 3233 541; x_wconf 77' lang='lat' dir='ltr'><strong>passa</strong></span> <span class='ocrx_word' id='word_1_25' title='bbox 3254 511 3271 536; x_wconf 97' lang='lat'><strong>,</strong></span> <span class='ocrx_word' id='word_1_26' title='bbox 3303 485 3427 527; x_wconf 84' lang='lat' dir='ltr'><strong>cum</strong></span> <span class='ocrx_word' id='word_1_27' title='bbox 3459 476 3691 547; x_wconf 73' lang='lat' dir='ltr'><strong>martyrii</strong></span> 
     </span>
    </p>
   </div>
   <div class='ocr_carea' id='block_1_5' title="bbox 439 564 2018 640">
    <p class='ocr_par' dir='ltr' id='par_1_5' title="bbox 439 564 2018 640">
     <span class='ocr_line' id='line_1_5' title="bbox 439 564 2018 640; baseline -0.011 -12"><span class='ocrx_word' id='word_1_28' title='bbox 439 572 805 640; x_wconf 85' lang='lat' dir='ltr'><strong>conscriptum</strong></span> <span class='ocrx_word' id='word_1_29' title='bbox 832 567 1048 640; x_wconf 81' lang='lat' dir='ltr'><strong>legitur.</strong></span> <span class='ocrx_word' id='word_1_30' title='bbox 1079 565 1177 621; x_wconf 87' lang='lat' dir='ltr'><strong>Ilic</strong></span> <span class='ocrx_word' id='word_1_31' title='bbox 1210 564 1374 621; x_wconf 88' lang='lat' dir='ltr'><strong>nobili</strong></span> <span class='ocrx_word' id='word_1_32' title='bbox 1418 573 1474 619; x_wconf 85' lang='lat' dir='ltr'><strong>et</strong></span> <span class='ocrx_word' id='word_1_33' title='bbox 1501 569 1688 618; x_wconf 88' lang='lat' dir='ltr'><strong>sancta</strong></span> <span class='ocrx_word' id='word_1_34' title='bbox 1728 572 2018 616; x_wconf 84' lang='lat' dir='ltr'><strong>conversa-</strong></span> 
     </span>
    </p>
   </div>
   <div class='ocr_carea' id='block_1_6' title="bbox 441 650 2019 731">
    <p class='ocr_par' dir='ltr' id='par_1_6' title="bbox 441 650 2019 731">
     <span class='ocr_line' id='line_1_6' title="bbox 441 650 2019 731; baseline -0.01 -11"><span class='ocrx_word' id='word_1_35' title='bbox 441 667 588 720; x_wconf 86' lang='lat' dir='ltr'><strong>tione</strong></span> <span class='ocrx_word' id='word_1_36' title='bbox 608 662 723 718; x_wconf 90' lang='lat' dir='ltr'><strong>dies</strong></span> <span class='ocrx_word' id='word_1_37' title='bbox 748 675 876 717; x_wconf 86' lang='lat' dir='ltr'><strong>suos</strong></span> <span class='ocrx_word' id='word_1_38' title='bbox 898 658 1208 731; x_wconf 74' lang='lat' dir='ltr'><strong>complevit,</strong></span> <span class='ocrx_word' id='word_1_39' title='bbox 1237 666 1293 714; x_wconf 88' lang='lat' dir='ltr'><strong>et</strong></span> <span class='ocrx_word' id='word_1_40' title='bbox 1322 654 1599 713; x_wconf 77' lang='lat' dir='ltr'><strong>miraculis</strong></span> <span class='ocrx_word' id='word_1_41' title='bbox 1625 653 1849 717; x_wconf 87' lang='lat' dir='ltr'><strong>claruit,</strong></span> <span class='ocrx_word' id='word_1_42' title='bbox 1875 650 2019 720; x_wconf 88' lang='lat' dir='ltr'><strong>ipse-</strong></span> 
     </span>
    </p>
   </div>
   <div class='ocr_carea' id='block_1_7' title="bbox 439 747 2018 826">
    <p class='ocr_par' dir='ltr' id='par_1_7' title="bbox 439 747 2018 826">
     <span class='ocr_line' id='line_1_7' title="bbox 439 747 2018 826; baseline -0.005 -18"><span class='ocrx_word' id='word_1_43' title='bbox 439 772 545 826; x_wconf 82' lang='lat' dir='ltr'><strong>que</strong></span> <span class='ocrx_word' id='word_1_44' title='bbox 591 754 735 812; x_wconf 91' lang='lat' dir='ltr'><strong>diem</strong></span> <span class='ocrx_word' id='word_1_45' title='bbox 778 754 962 810; x_wconf 84' lang='lat' dir='ltr'><strong>obitus</strong></span> <span class='ocrx_word' id='word_1_46' title='bbox 1002 751 1087 809; x_wconf 77' lang='lat' dir='ltr'><strong>sui</strong></span> <span class='ocrx_word' id='word_1_47' title='bbox 1135 765 1230 822; x_wconf 82' lang='lat' dir='ltr'><strong>per</strong></span> <span class='ocrx_word' id='word_1_48' title='bbox 1260 747 1644 807; x_wconf 72' lang='lat' dir='ltr'><strong>reveiatiuuent</strong></span> <span class='ocrx_word' id='word_1_49' title='bbox 1680 759 2018 817; x_wconf 72' lang='lat' dir='ltr'><strong>agnoscens,</strong></span> 
     </span>
    </p>
   </div>
   <div class='ocr_carea' id='block_1_8' title="bbox 440 833 2020 914">
    <p class='ocr_par' dir='ltr' id='par_1_8' title="bbox 440 833 2020 914">
     <span class='ocr_line' id='line_1_8' title="bbox 440 833 2020 914; baseline -0.006 -14"><span class='ocrx_word' id='word_1_50' title='bbox 440 855 690 902; x_wconf 73' lang='lat' dir='ltr'><strong>sanctum</strong></span> <span class='ocrx_word' id='word_1_51' title='bbox 718 843 1026 900; x_wconf 81' lang='lat' dir='ltr'><strong>Annianum</strong></span> <span class='ocrx_word' id='word_1_52' title='bbox 1069 842 1382 914; x_wconf 70' lang='lat' dir='ltr'><strong>episcopum</strong></span> <span class='ocrx_word' id='word_1_53' title='bbox 1412 841 1676 903; x_wconf 78' lang='lat' dir='ltr'><strong>laturum,</strong></span> <span class='ocrx_word' id='word_1_54' title='bbox 1708 851 1776 890; x_wconf 87' lang='lat' dir='ltr'><strong>ne</strong></span> <span class='ocrx_word' id='word_1_55' title='bbox 1825 833 2020 890; x_wconf 83' lang='lat' dir='ltr'><strong>seditio</strong></span> 
     </span>
    </p>
   </div>
   <div class='ocr_carea' id='block_1_9' title="bbox 440 927 2019 1008">
    <p class='ocr_par' dir='ltr' id='par_1_9' title="bbox 440 927 2019 1008">
     <span class='ocr_line' id='line_1_9' title="bbox 440 927 2019 1008; baseline -0.008 -16"><span class='ocrx_word' id='word_1_56' title='bbox 440 943 497 994; x_wconf 90' lang='lat' dir='ltr'><strong>in</strong></span> <span class='ocrx_word' id='word_1_57' title='bbox 552 935 750 1008; x_wconf 82' lang='lat' dir='ltr'><strong>populo</strong></span> <span class='ocrx_word' id='word_1_58' title='bbox 774 935 1031 998; x_wconf 83' lang='lat' dir='ltr'><strong>oriretur,</strong></span> <span class='ocrx_word' id='word_1_59' title='bbox 1083 932 1364 1004; x_wconf 54' lang='lat' dir='ltr'><strong>pruiiegit,</strong></span> <span class='ocrx_word' id='word_1_60' title='bbox 1416 930 1604 999; x_wconf 72' lang='lat' dir='ltr'><strong>si.&quot;tu</strong></span> <span class='ocrx_word' id='word_1_61' title='bbox 1650 927 1720 983; x_wconf 90' lang='lat' dir='ltr'><strong>ad</strong></span> <span class='ocrx_word' id='word_1_62' title='bbox 1743 929 2019 981; x_wconf 73' lang='lat' dir='ltr'><strong>etniestem</strong></span> 
     </span>
    </p>
   </div>
   <div class='ocr_carea' id='block_1_10' title="bbox 442 1014 2025 1100">
    <p class='ocr_par' dir='ltr' id='par_1_10' title="bbox 442 1014 2025 1100">
     <span class='ocr_line' id='line_1_10' title="bbox 442 1014 2025 1100; baseline -0.009 -17"><span class='ocrx_word' id='word_1_63' title='bbox 442 1027 669 1100; x_wconf 77' lang='lat' dir='ltr'><strong>gloriam</strong></span> <span class='ocrx_word' id='word_1_64' title='bbox 690 1024 959 1083; x_wconf 74' lang='lat' dir='ltr'><strong>transivit.</strong></span> <span class='ocrx_word' id='word_1_65' title='bbox 991 1022 1185 1079; x_wconf 65' lang='lat' dir='ltr'><strong>zEdua:</strong></span> <span class='ocrx_word' id='word_1_66' title='bbox 1207 1022 1499 1077; x_wconf 83' lang='lat' dir='ltr'><strong>civitatein</strong></span> <span class='ocrx_word' id='word_1_67' title='bbox 1523 1019 1732 1079; x_wconf 71' lang='lat' dir='ltr'><strong>Galliis,</strong></span> <span class='ocrx_word' id='word_1_68' title='bbox 1764 1017 1885 1072; x_wconf 87' lang='lat' dir='ltr'><strong>loco</strong></span> <span class='ocrx_word' id='word_1_69' title='bbox 1909 1014 2025 1070; x_wconf 90' lang='lat' dir='ltr'><strong>Ali-</strong></span> 
     </span>
    </p>
   </div>
   <div class='ocr_carea' id='block_1_11' title="bbox 443 1107 2025 1185">
    <p class='ocr_par' dir='ltr' id='par_1_11' title="bbox 443 1107 2025 1185">
     <span class='ocr_line' id='line_1_11' title="bbox 443 1107 2025 1185; baseline -0.008 -11"><span class='ocrx_word' id='word_1_70' title='bbox 443 1120 621 1185; x_wconf 83' lang='lat' dir='ltr'><strong>siana,</strong></span> <span class='ocrx_word' id='word_1_71' title='bbox 670 1114 852 1172; x_wconf 83' lang='lat' dir='ltr'><strong>natale</strong></span> <span class='ocrx_word' id='word_1_72' title='bbox 875 1126 1078 1171; x_wconf 75' lang='lat' dir='ltr'><strong>saneta:</strong></span> <span class='ocrx_word' id='word_1_73' title='bbox 1115 1111 1334 1185; x_wconf 57' lang='grc' dir='ltr'>Βιηςξιιειξ</span> <span class='ocrx_word' id='word_1_74' title='bbox 1359 1110 1616 1184; x_wconf 79' lang='lat' dir='ltr'><strong>martyris</strong></span> <span class='ocrx_word' id='word_1_75' title='bbox 1639 1152 1655 1177; x_wconf 92' lang='lat'><strong>,</strong></span> <span class='ocrx_word' id='word_1_76' title='bbox 1682 1107 1838 1178; x_wconf 86' lang='lat' dir='ltr'><strong>cujus</strong></span> <span class='ocrx_word' id='word_1_77' title='bbox 1874 1114 2025 1178; x_wconf 88' lang='lat' dir='ltr'><strong>gesta</strong></span> 
     </span>
    </p>
   </div>
   <div class='ocr_carea' id='block_1_12' title="bbox 446 1207 736 1265">
    <p class='ocr_par' dir='ltr' id='par_1_12' title="bbox 446 1207 736 1265">
     <span class='ocr_line' id='line_1_12' title="bbox 446 1207 736 1265; baseline -0.01 -1"><span class='ocrx_word' id='word_1_78' title='bbox 446 1207 736 1265; x_wconf 77' lang='lat' dir='ltr'><strong>habentur.</strong></span> 
     </span>
    </p>
   </div>
   <div class='ocr_carea' id='block_1_13' title="bbox 518 1284 2022 1363">
    <p class='ocr_par' dir='ltr' id='par_1_13' title="bbox 518 1284 2022 1363">
     <span class='ocr_line' id='line_1_13' title="bbox 518 1284 2022 1363; baseline -0.009 -10"><span class='ocrx_word' id='word_1_79' title='bbox 518 1299 583 1355; x_wconf 68' lang='lat' dir='ltr'><strong>Vl</strong></span> <span class='ocrx_word' id='word_1_80' title='bbox 610 1298 685 1354; x_wconf 80' lang='lat' dir='ltr'><strong>In.</strong></span> <span class='ocrx_word' id='word_1_81' title='bbox 721 1296 912 1353; x_wconf 76' lang='lat' dir='ltr'><strong>Natale</strong></span> <span class='ocrx_word' id='word_1_82' title='bbox 938 1304 1142 1352; x_wconf 67' lang='lat' dir='ltr'><strong>sancta:</strong></span> <span class='ocrx_word' id='word_1_83' title='bbox 1172 1293 1263 1351; x_wconf 90' lang='lat' dir='ltr'><strong>Dei</strong></span> <span class='ocrx_word' id='word_1_84' title='bbox 1312 1290 1609 1363; x_wconf 70' lang='lat' dir='ltr'><strong>genitricis.</strong></span> <span class='ocrx_word' id='word_1_85' title='bbox 1649 1289 1720 1346; x_wconf 83' lang='lat' dir='ltr'><strong>Et</strong></span> <span class='ocrx_word' id='word_1_86' title='bbox 1767 1287 1823 1344; x_wconf 91' lang='lat' dir='ltr'><strong>in</strong></span> <span class='ocrx_word' id='word_1_87' title='bbox 1861 1284 2022 1341; x_wconf 81' lang='lat' dir='ltr'><strong>Nico-</strong></span> 
     </span>
    </p>
   </div>
   <div class='ocr_carea' id='block_1_14' title="bbox 444 1375 2027 1458">
    <p class='ocr_par' dir='ltr' id='par_1_14' title="bbox 444 1375 2027 1458">
     <span class='ocr_line' id='line_1_14' title="bbox 444 1375 2027 1458; baseline -0.011 -10"><span class='ocrx_word' id='word_1_88' title='bbox 444 1393 646 1457; x_wconf 79' lang='lat' dir='ltr'><strong>media,</strong></span> <span class='ocrx_word' id='word_1_89' title='bbox 672 1390 848 1446; x_wconf 81' lang='lat' dir='ltr'><strong>sancti</strong></span> <span class='ocrx_word' id='word_1_90' title='bbox 871 1387 1091 1444; x_wconf 71' lang='lat' dir='ltr'><strong>Adriani</strong></span> <span class='ocrx_word' id='word_1_91' title='bbox 1117 1384 1375 1458; x_wconf 77' lang='lat' dir='ltr'><strong>martyris</strong></span> <span class='ocrx_word' id='word_1_92' title='bbox 1398 1398 1524 1442; x_wconf 89' lang='lat' dir='ltr'><strong>cum</strong></span> <span class='ocrx_word' id='word_1_93' title='bbox 1564 1381 1686 1438; x_wconf 88' lang='lat' dir='ltr'><strong>aliis</strong></span> <span class='ocrx_word' id='word_1_94' title='bbox 1711 1378 1902 1452; x_wconf 89' lang='lat' dir='ltr'><strong>viginti</strong></span> <span class='ocrx_word' id='word_1_95' title='bbox 1925 1375 2027 1431; x_wconf 90' lang='lat' dir='ltr'><strong>tri-</strong></span> 
     </span>
    </p>
   </div>
   <div class='ocr_carea' id='block_1_15' title="bbox 446 1466 2027 1550">
    <p class='ocr_par' dir='ltr' id='par_1_15' title="bbox 446 1466 2027 1550">
     <span class='ocr_line' id='line_1_15' title="bbox 446 1466 2027 1550; baseline -0.009 -12"><span class='ocrx_word' id='word_1_96' title='bbox 446 1486 575 1548; x_wconf 78' lang='lat' dir='ltr'><strong>bus;</strong></span> <span class='ocrx_word' id='word_1_97' title='bbox 600 1493 655 1538; x_wconf 90' lang='lat' dir='ltr'><strong>et</strong></span> <span class='ocrx_word' id='word_1_98' title='bbox 678 1482 730 1536; x_wconf 85' lang='lat' dir='ltr'><strong>iu</strong></span> <span class='ocrx_word' id='word_1_99' title='bbox 755 1477 1081 1536; x_wconf 83' lang='lat' dir='ltr'><strong>suburbanis</strong></span> <span class='ocrx_word' id='word_1_100' title='bbox 1100 1474 1553 1550; x_wconf 77' lang='lat' dir='ltr'><strong>ltloguntiacensis</strong></span> <span class='ocrx_word' id='word_1_101' title='bbox 1567 1470 1823 1529; x_wconf 62' lang='lat' dir='ltr'><strong>Ecclesiae</strong></span> <span class='ocrx_word' id='word_1_102' title='bbox 1848 1466 2027 1524; x_wconf 84' lang='lat' dir='ltr'><strong>natale</strong></span> 
     </span>
    </p>
   </div>
   <div class='ocr_carea' id='block_1_16' title="bbox 445 1568 1284 1631">
    <p class='ocr_par' dir='ltr' id='par_1_16' title="bbox 445 1568 1284 1631">
     <span class='ocr_line' id='line_1_16' title="bbox 445 1568 1284 1631; baseline -0.007 0"><span class='ocrx_word' id='word_1_103' title='bbox 445 1575 619 1631; x_wconf 79' lang='lat' dir='ltr'><strong>sancti</strong></span> <span class='ocrx_word' id='word_1_104' title='bbox 644 1571 909 1629; x_wconf 74' lang='lat' dir='ltr'><strong>Disibnllti</strong></span> <span class='ocrx_word' id='word_1_105' title='bbox 934 1568 1284 1626; x_wconf 73' lang='lat' dir='ltr'><strong>confessoris.</strong></span> 
     </span>
    </p>
   </div>
   <div class='ocr_carea' id='block_1_17' title="bbox 517 1648 2023 1733">
    <p class='ocr_par' dir='ltr' id='par_1_17' title="bbox 517 1648 2023 1733">
     <span class='ocr_line' id='line_1_17' title="bbox 517 1648 2023 1733; baseline -0.01 -14"><span class='ocrx_word' id='word_1_106' title='bbox 517 1667 559 1719; x_wconf 87' lang='lat' dir='ltr'><strong>V</strong></span> <span class='ocrx_word' id='word_1_107' title='bbox 586 1668 661 1723; x_wconf 78' lang='lat' dir='ltr'><strong>in.</strong></span> <span class='ocrx_word' id='word_1_108' title='bbox 687 1665 891 1729; x_wconf 74' lang='lat' dir='ltr'><strong>linum,</strong></span> <span class='ocrx_word' id='word_1_109' title='bbox 913 1660 1168 1733; x_wconf 82' lang='lat' dir='ltr'><strong>Gorgonii</strong></span> <span class='ocrx_word' id='word_1_110' title='bbox 1194 1657 1452 1730; x_wconf 81' lang='lat' dir='ltr'><strong>martyris</strong></span> <span class='ocrx_word' id='word_1_111' title='bbox 1471 1662 1527 1711; x_wconf 87' lang='lat' dir='ltr'><strong>et</strong></span> <span class='ocrx_word' id='word_1_112' title='bbox 1546 1652 1791 1719; x_wconf 85' lang='lat' dir='ltr'><strong>Candidi,</strong></span> <span class='ocrx_word' id='word_1_113' title='bbox 1816 1648 2023 1724; x_wconf 82' lang='lat' dir='ltr'><strong>Cyrini,</strong></span> 
     </span>
    </p>
   </div>
   <div class='ocr_carea' id='block_1_18' title="bbox 450 1741 2024 1821">
    <p class='ocr_par' dir='ltr' id='par_1_18' title="bbox 450 1741 2024 1821">
     <span class='ocr_line' id='line_1_18' title="bbox 450 1741 2024 1821; baseline -0.014 -4"><span class='ocrx_word' id='word_1_114' title='bbox 450 1759 766 1821; x_wconf 87' lang='lat' dir='ltr'><strong>Domiciani,</strong></span> <span class='ocrx_word' id='word_1_115' title='bbox 818 1754 1062 1817; x_wconf 76' lang='lat' dir='ltr'><strong>Euno&#39;ci,</strong></span> <span class='ocrx_word' id='word_1_116' title='bbox 1098 1751 1342 1815; x_wconf 87' lang='lat' dir='ltr'><strong>Sisinnii,</strong></span> <span class='ocrx_word' id='word_1_117' title='bbox 1370 1747 1667 1812; x_wconf 87' lang='lat' dir='ltr'><strong>Erachilii,</strong></span> <span class='ocrx_word' id='word_1_118' title='bbox 1711 1741 2024 1806; x_wconf 76' lang='lat' dir='ltr'><strong>Alexandri,</strong></span> 
     </span>
    </p>
   </div>
   <div class='ocr_carea' id='block_1_19' title="bbox 2119 558 3027 630">
    <p class='ocr_par' dir='ltr' id='par_1_19' title="bbox 2119 558 3027 630">
     <span class='ocr_line' id='line_1_19' title="bbox 2119 558 3027 630; baseline 0 -16"><span class='ocrx_word' id='word_1_119' title='bbox 2119 572 2318 614; x_wconf 85' lang='lat' dir='ltr'><strong>corona</strong></span> <span class='ocrx_word' id='word_1_120' title='bbox 2350 558 2600 630; x_wconf 79' lang='lat' dir='ltr'><strong>migravit</strong></span> <span class='ocrx_word' id='word_1_121' title='bbox 2628 558 2693 612; x_wconf 91' lang='lat' dir='ltr'><strong>ad</strong></span> <span class='ocrx_word' id='word_1_122' title='bbox 2722 558 3027 614; x_wconf 82' lang='lat' dir='ltr'><strong>Doininum.</strong></span> 
     </span>
    </p>
   </div>
   <div class='ocr_carea' id='block_1_20' title="bbox 2190 645 3694 723">
    <p class='ocr_par' dir='ltr' id='par_1_20' title="bbox 2190 645 3694 723">
     <span class='ocr_line' id='line_1_20' title="bbox 2190 645 3694 723; baseline 0.003 -22"><span class='ocrx_word' id='word_1_123' title='bbox 2190 645 2233 701; x_wconf 92' lang='lat' dir='ltr'><strong>ll</strong></span> <span class='ocrx_word' id='word_1_124' title='bbox 2259 645 2335 703; x_wconf 78' lang='lat' dir='ltr'><strong>le.</strong></span> <span class='ocrx_word' id='word_1_125' title='bbox 2371 646 2426 701; x_wconf 91' lang='lat' dir='ltr'><strong>In</strong></span> <span class='ocrx_word' id='word_1_126' title='bbox 2454 646 2739 701; x_wconf 78' lang='lat' dir='ltr'><strong>Antiochia</strong></span> <span class='ocrx_word' id='word_1_127' title='bbox 2772 648 2949 702; x_wconf 80' lang='lat' dir='ltr'><strong>natale</strong></span> <span class='ocrx_word' id='word_1_128' title='bbox 2976 646 3268 714; x_wconf 85' lang='lat' dir='ltr'><strong>Timothei,</strong></span> <span class='ocrx_word' id='word_1_129' title='bbox 3294 663 3350 706; x_wconf 88' lang='lat' dir='ltr'><strong>et</strong></span> <span class='ocrx_word' id='word_1_130' title='bbox 3375 652 3428 706; x_wconf 89' lang='lat' dir='ltr'><strong>in</strong></span> <span class='ocrx_word' id='word_1_131' title='bbox 3479 652 3694 723; x_wconf 60' lang='grc' dir='ltr'><strong>νεωμ-</strong></span> 
     </span>
    </p>
   </div>
   <div class='ocr_carea' id='block_1_21' title="bbox 2118 735 3693 811">
    <p class='ocr_par' dir='ltr' id='par_1_21' title="bbox 2118 735 3693 811">
     <span class='ocr_line' id='line_1_21' title="bbox 2118 735 3693 811; baseline 0.004 -17"><span class='ocrx_word' id='word_1_132' title='bbox 2118 735 2192 794; x_wconf 83' lang='lat' dir='ltr'><strong>lia</strong></span> <span class='ocrx_word' id='word_1_133' title='bbox 2219 735 2430 811; x_wconf 77' lang='lat' dir='ltr'><strong>(Forte,</strong></span> <span class='ocrx_word' id='word_1_134' title='bbox 2463 736 2795 809; x_wconf 84' lang='lat' dir='ltr'><strong>Pamphylia)</strong></span> <span class='ocrx_word' id='word_1_135' title='bbox 2828 739 3006 794; x_wconf 85' lang='lat' dir='ltr'><strong>natale</strong></span> <span class='ocrx_word' id='word_1_136' title='bbox 3036 739 3181 811; x_wconf 82' lang='lat' dir='ltr'><strong>Syri,</strong></span> <span class='ocrx_word' id='word_1_137' title='bbox 3210 750 3264 795; x_wconf 91' lang='lat' dir='ltr'><strong>et</strong></span> <span class='ocrx_word' id='word_1_138' title='bbox 3310 741 3364 796; x_wconf 89' lang='lat' dir='ltr'><strong>iu</strong></span> <span class='ocrx_word' id='word_1_139' title='bbox 3414 743 3591 798; x_wconf 77' lang='lat' dir='ltr'><strong>Sicilia</strong></span> <span class='ocrx_word' id='word_1_140' title='bbox 3618 746 3693 801; x_wconf 81' lang='lat' dir='ltr'><strong>ci-</strong></span> 
     </span>
    </p>
   </div>
   <div class='ocr_carea' id='block_1_22' title="bbox 2117 826 3696 901">
    <p class='ocr_par' dir='ltr' id='par_1_22' title="bbox 2117 826 3696 901">
     <span class='ocr_line' id='line_1_22' title="bbox 2117 826 3696 901; baseline 0.002 -16"><span class='ocrx_word' id='word_1_141' title='bbox 2117 828 2290 886; x_wconf 81' lang='lat' dir='ltr'><strong>vitate</strong></span> <span class='ocrx_word' id='word_1_142' title='bbox 2354 828 2598 885; x_wconf 84' lang='lat' dir='ltr'><strong>Catbena</strong></span> <span class='ocrx_word' id='word_1_143' title='bbox 2660 826 2914 899; x_wconf 73' lang='lat' dir='ltr'><strong>[Catena]</strong></span> <span class='ocrx_word' id='word_1_144' title='bbox 2970 828 3147 884; x_wconf 85' lang='lat' dir='ltr'><strong>natale</strong></span> <span class='ocrx_word' id='word_1_145' title='bbox 3212 830 3389 899; x_wconf 81' lang='lat' dir='ltr'><strong>Eupli.</strong></span> <span class='ocrx_word' id='word_1_146' title='bbox 3451 830 3696 901; x_wconf 75' lang='lat' dir='ltr'><strong>Lugdune</strong></span> 
     </span>
    </p>
   </div>
   <div class='ocr_carea' id='block_1_23' title="bbox 2120 918 3698 993">
    <p class='ocr_par' dir='ltr' id='par_1_23' title="bbox 2120 918 3698 993">
     <span class='ocr_line' id='line_1_23' title="bbox 2120 918 3698 993; baseline -0.001 -17"><span class='ocrx_word' id='word_1_147' title='bbox 2120 918 2343 978; x_wconf 75' lang='lat' dir='ltr'><strong>civitate</strong></span> <span class='ocrx_word' id='word_1_148' title='bbox 2364 919 2631 991; x_wconf 84' lang='lat' dir='ltr'><strong>depositio</strong></span> <span class='ocrx_word' id='word_1_149' title='bbox 2672 920 2816 975; x_wconf 80' lang='lat' dir='ltr'><strong>beati</strong></span> <span class='ocrx_word' id='word_1_150' title='bbox 2859 919 3171 975; x_wconf 88' lang='lat' dir='ltr'><strong>Sacerdotis</strong></span> <span class='ocrx_word' id='word_1_151' title='bbox 3199 922 3460 993; x_wconf 73' lang='lat' dir='ltr'><strong>episcopi.</strong></span> <span class='ocrx_word' id='word_1_152' title='bbox 3491 921 3547 975; x_wconf 89' lang='lat' dir='ltr'><strong>lu</strong></span> <span class='ocrx_word' id='word_1_153' title='bbox 3576 921 3698 977; x_wconf 71' lang='lat' dir='ltr'><strong>Cei-</strong></span> 
     </span>
    </p>
   </div>
   <div class='ocr_carea' id='block_1_24' title="bbox 2120 1008 3699 1081">
    <p class='ocr_par' dir='ltr' id='par_1_24' title="bbox 2120 1008 3699 1081">
     <span class='ocr_line' id='line_1_24' title="bbox 2120 1008 3699 1081; baseline 0.001 -16"><span class='ocrx_word' id='word_1_154' title='bbox 2120 1009 2241 1077; x_wconf 86' lang='lat' dir='ltr'><strong>liis,</strong></span> <span class='ocrx_word' id='word_1_155' title='bbox 2283 1010 2506 1068; x_wconf 79' lang='lat' dir='ltr'><strong>civitate</strong></span> <span class='ocrx_word' id='word_1_156' title='bbox 2550 1008 2962 1081; x_wconf 84' lang='lat' dir='ltr'><strong>Augustoduno,</strong></span> <span class='ocrx_word' id='word_1_157' title='bbox 2996 1009 3263 1080; x_wconf 88' lang='lat' dir='ltr'><strong>depositio</strong></span> <span class='ocrx_word' id='word_1_158' title='bbox 3306 1012 3454 1067; x_wconf 83' lang='lat' dir='ltr'><strong>beati</strong></span> <span class='ocrx_word' id='word_1_159' title='bbox 3495 1012 3699 1069; x_wconf 80' lang='lat' dir='ltr'><strong>Evantii</strong></span> 
     </span>
    </p>
   </div>
   <div class='ocr_carea' id='block_1_25' title="bbox 2120 1099 2380 1172">
    <p class='ocr_par' dir='ltr' id='par_1_25' title="bbox 2120 1099 2380 1172">
     <span class='ocr_line' id='line_1_25' title="bbox 2120 1099 2380 1172; baseline 0.004 -17"><span class='ocrx_word' id='word_1_160' title='bbox 2120 1099 2380 1172; x_wconf 84' lang='lat' dir='ltr'><strong>episcopi.</strong></span> 
     </span>
    </p>
   </div>
   <div class='ocr_carea' id='block_1_26' title="bbox 2192 1185 3699 1262">
    <p class='ocr_par' dir='ltr' id='par_1_26' title="bbox 2192 1185 3699 1262">
     <span class='ocr_line' id='line_1_26' title="bbox 2192 1185 3699 1262; baseline 0.001 -16"><span class='ocrx_word' id='word_1_161' title='bbox 2192 1188 2268 1246; x_wconf 80' lang='lat' dir='ltr'><strong>In.</strong></span> <span class='ocrx_word' id='word_1_162' title='bbox 2320 1187 2382 1245; x_wconf 86' lang='lat' dir='ltr'><strong>In</strong></span> <span class='ocrx_word' id='word_1_163' title='bbox 2423 1185 2618 1257; x_wconf 81' lang='lat' dir='ltr'><strong>Gallia,</strong></span> <span class='ocrx_word' id='word_1_164' title='bbox 2657 1187 2879 1247; x_wconf 73' lang='lat' dir='ltr'><strong>civitate</strong></span> <span class='ocrx_word' id='word_1_165' title='bbox 2902 1188 3169 1258; x_wconf 85' lang='lat' dir='ltr'><strong>Turonis,</strong></span> <span class='ocrx_word' id='word_1_166' title='bbox 3196 1191 3464 1262; x_wconf 70' lang='lat' dir='ltr'><strong>depositio</strong></span> <span class='ocrx_word' id='word_1_167' title='bbox 3508 1190 3699 1249; x_wconf 67' lang='lat' dir='ltr'><strong>Lidorii</strong></span> 
     </span>
    </p>
   </div>
   <div class='ocr_carea' id='block_1_27' title="bbox 2122 1278 2384 1351">
    <p class='ocr_par' dir='ltr' id='par_1_27' title="bbox 2122 1278 2384 1351">
     <span class='ocr_line' id='line_1_27' title="bbox 2122 1278 2384 1351; baseline -0.004 -15"><span class='ocrx_word' id='word_1_168' title='bbox 2122 1278 2384 1351; x_wconf 78' lang='lat' dir='ltr'><strong>episcOpl.</strong></span> 
     </span>
    </p>
   </div>
   <div class='ocr_carea' id='block_1_28' title="bbox 2195 1369 3703 1444">
    <p class='ocr_par' dir='ltr' id='par_1_28' title="bbox 2195 1369 3703 1444">
     <span class='ocr_line' id='line_1_28' title="bbox 2195 1369 3703 1444; baseline 0.001 -19"><span class='ocrx_word' id='word_1_169' title='bbox 2195 1369 2359 1429; x_wconf 78' lang='lat' dir='ltr'><strong>XVIII</strong></span> <span class='ocrx_word' id='word_1_170' title='bbox 2381 1369 2518 1427; x_wconf 77' lang='grc' dir='ltr'><strong>ΚΑι..</strong></span> <span class='ocrx_word' id='word_1_171' title='bbox 2543 1370 2747 1428; x_wconf 78' lang='lat' dir='ltr'><strong>Ocres.</strong></span> <span class='ocrx_word' id='word_1_172' title='bbox 2791 1370 2977 1428; x_wconf 85' lang='lat' dir='ltr'><strong>Sancti</strong></span> <span class='ocrx_word' id='word_1_173' title='bbox 3020 1370 3255 1428; x_wconf 85' lang='lat' dir='ltr'><strong>Cornelii</strong></span> <span class='ocrx_word' id='word_1_174' title='bbox 3298 1372 3573 1444; x_wconf 86' lang='lat' dir='ltr'><strong>episcopi,</strong></span> <span class='ocrx_word' id='word_1_175' title='bbox 3620 1373 3703 1427; x_wconf 78' lang='lat' dir='ltr'><strong>cui</strong></span> 
     </span>
    </p>
   </div>
   <div class='ocr_carea' id='block_1_29' title="bbox 2124 1462 3707 1536">
    <p class='ocr_par' dir='ltr' id='par_1_29' title="bbox 2124 1462 3707 1536">
     <span class='ocr_line' id='line_1_29' title="bbox 2124 1462 3707 1536; baseline -0.001 -17"><span class='ocrx_word' id='word_1_176' title='bbox 2124 1463 2299 1536; x_wconf 89' lang='lat' dir='ltr'><strong>primo</strong></span> <span class='ocrx_word' id='word_1_177' title='bbox 2322 1477 2387 1520; x_wconf 87' lang='lat' dir='ltr'><strong>os</strong></span> <span class='ocrx_word' id='word_1_178' title='bbox 2407 1478 2528 1519; x_wconf 92' lang='lat' dir='ltr'><strong>cum</strong></span> <span class='ocrx_word' id='word_1_179' title='bbox 2551 1462 2844 1535; x_wconf 86' lang='lat' dir='ltr'><strong>plumbatis</strong></span> <span class='ocrx_word' id='word_1_180' title='bbox 2864 1478 3087 1529; x_wconf 74' lang='lat' dir='ltr'><strong>caesum,</strong></span> <span class='ocrx_word' id='word_1_181' title='bbox 3112 1472 3167 1518; x_wconf 89' lang='lat' dir='ltr'><strong>et</strong></span> <span class='ocrx_word' id='word_1_182' title='bbox 3188 1464 3268 1519; x_wconf 90' lang='lat' dir='ltr'><strong>sic</strong></span> <span class='ocrx_word' id='word_1_183' title='bbox 3310 1463 3605 1520; x_wconf 80' lang='lat' dir='ltr'><strong>decoilutus</strong></span> <span class='ocrx_word' id='word_1_184' title='bbox 3627 1474 3707 1518; x_wconf 74' lang='lat' dir='ltr'><strong>est</strong></span> 
     </span>
    </p>
   </div>
   <div class='ocr_carea' id='block_1_30' title="bbox 2126 1552 3711 1627">
    <p class='ocr_par' dir='ltr' id='par_1_30' title="bbox 2126 1552 3711 1627">
     <span class='ocr_line' id='line_1_30' title="bbox 2126 1552 3711 1627; baseline -0.003 -16"><span class='ocrx_word' id='word_1_185' title='bbox 2126 1570 2249 1611; x_wconf 90' lang='lat' dir='ltr'><strong>cum</strong></span> <span class='ocrx_word' id='word_1_186' title='bbox 2276 1554 2399 1611; x_wconf 89' lang='lat' dir='ltr'><strong>aliis</strong></span> <span class='ocrx_word' id='word_1_187' title='bbox 2424 1554 2615 1627; x_wconf 88' lang='lat' dir='ltr'><strong>viginti</strong></span> <span class='ocrx_word' id='word_1_188' title='bbox 2657 1570 2767 1609; x_wconf 87' lang='lat' dir='ltr'><strong>uno</strong></span> <span class='ocrx_word' id='word_1_189' title='bbox 2814 1553 3111 1625; x_wconf 82' lang='lat' dir='ltr'><strong>promiscui</strong></span> <span class='ocrx_word' id='word_1_190' title='bbox 3140 1568 3333 1616; x_wconf 76' lang='lat' dir='ltr'><strong>sexus,</strong></span> <span class='ocrx_word' id='word_1_191' title='bbox 3379 1562 3435 1608; x_wconf 90' lang='lat' dir='ltr'><strong>et</strong></span> <span class='ocrx_word' id='word_1_192' title='bbox 3476 1552 3711 1607; x_wconf 81' lang='lat' dir='ltr'><strong>Cerealis</strong></span> 
     </span>
    </p>
   </div>
   <div class='ocr_carea' id='block_1_31' title="bbox 2128 1642 3709 1714">
    <p class='ocr_par' dir='ltr' id='par_1_31' title="bbox 2128 1642 3709 1714">
     <span class='ocr_line' id='line_1_31' title="bbox 2128 1642 3709 1714; baseline -0.006 -11"><span class='ocrx_word' id='word_1_193' title='bbox 2128 1646 2284 1704; x_wconf 85' lang='lat' dir='ltr'><strong>miles</strong></span> <span class='ocrx_word' id='word_1_194' title='bbox 2310 1661 2434 1703; x_wconf 87' lang='lat' dir='ltr'><strong>cum</strong></span> <span class='ocrx_word' id='word_1_195' title='bbox 2482 1660 2652 1700; x_wconf 77' lang='lat' dir='ltr'><strong>uxore</strong></span> <span class='ocrx_word' id='word_1_196' title='bbox 2680 1660 2778 1700; x_wconf 89' lang='lat' dir='ltr'><strong>sua</strong></span> <span class='ocrx_word' id='word_1_197' title='bbox 2808 1644 3062 1698; x_wconf 82' lang='lat' dir='ltr'><strong>Sallustia</strong></span> <span class='ocrx_word' id='word_1_198' title='bbox 3081 1685 3097 1710; x_wconf 90' lang='lat'><strong>,</strong></span> <span class='ocrx_word' id='word_1_199' title='bbox 3128 1659 3292 1714; x_wconf 86' lang='lat' dir='ltr'><strong>quam</strong></span> <span class='ocrx_word' id='word_1_200' title='bbox 3329 1642 3615 1699; x_wconf 83' lang='lat' dir='ltr'><strong>Cornelius</strong></span> <span class='ocrx_word' id='word_1_201' title='bbox 3645 1644 3709 1694; x_wconf 75' lang='lat' dir='ltr'><strong>ali</strong></span> 
     </span>
    </p>
   </div>
   <div class='ocr_carea' id='block_1_32' title="bbox 2131 1732 3713 1794">
    <p class='ocr_par' dir='ltr' id='par_1_32' title="bbox 2131 1732 3713 1794">
     <span class='ocr_line' id='line_1_32' title="bbox 2131 1732 3713 1794; baseline -0.006 0"><span class='ocrx_word' id='word_1_202' title='bbox 2131 1736 2450 1794; x_wconf 73' lang='lat' dir='ltr'><strong>inﬁrmitate</strong></span> <span class='ocrx_word' id='word_1_203' title='bbox 2470 1743 2778 1793; x_wconf 86' lang='lat' dir='ltr'><strong>sanaverat.</strong></span> <span class='ocrx_word' id='word_1_204' title='bbox 2810 1735 3010 1790; x_wconf 80' lang='lat' dir='ltr'><strong>Passus</strong></span> <span class='ocrx_word' id='word_1_205' title='bbox 3030 1735 3130 1790; x_wconf 85' lang='lat' dir='ltr'><strong>sub</strong></span> <span class='ocrx_word' id='word_1_206' title='bbox 3158 1734 3323 1790; x_wconf 85' lang='lat' dir='ltr'><strong>Decio</strong></span> <span class='ocrx_word' id='word_1_207' title='bbox 3363 1752 3376 1787; x_wconf 91' lang='lat'><strong>:</strong></span> <span class='ocrx_word' id='word_1_208' title='bbox 3410 1734 3500 1788; x_wconf 94' lang='lat' dir='ltr'><strong>bic</strong></span> <span class='ocrx_word' id='word_1_209' title='bbox 3520 1732 3713 1788; x_wconf 86' lang='lat' dir='ltr'><strong>Corne-</strong></span> 
     </span>
    </p>
   </div>
   <div class='ocr_carea' id='block_1_33' title="bbox 444 1811 3715 1915">
    <p class='ocr_par' dir='ltr' id='par_1_33' title="bbox 444 1811 3715 1915">
     <span class='ocr_line' id='line_1_33' title="bbox 444 1811 3715 1915; baseline -0.01 -6"><span class='ocrx_word' id='word_1_210' title='bbox 444 1851 686 1915; x_wconf 76' lang='lat' dir='ltr'><strong>Joannis,</strong></span> <span class='ocrx_word' id='word_1_211' title='bbox 713 1847 944 1912; x_wconf 79' lang='lat' dir='ltr'><strong>Claudii,</strong></span> <span class='ocrx_word' id='word_1_212' title='bbox 972 1844 1273 1909; x_wconf 82' lang='lat' dir='ltr'><strong>Athanasii,</strong></span> <span class='ocrx_word' id='word_1_213' title='bbox 1304 1811 1568 1905; x_wconf 55' lang='lat' dir='ltr'><strong>Valentis,</strong></span> <span class='ocrx_word' id='word_1_214' title='bbox 1590 1811 1788 1904; x_wconf 77' lang='lat' dir='ltr'><strong>Eliani,</strong></span> <span class='ocrx_word' id='word_1_215' title='bbox 1810 1833 2025 1899; x_wconf 77' lang='lat' dir='ltr'><strong>Melicii,</strong></span> <span class='ocrx_word' id='word_1_216' title='bbox 2057 1811 2103 1871; x_wconf 80' lang='grc' dir='ltr'><strong><em>Β</em></strong></span> <span class='ocrx_word' id='word_1_217' title='bbox 2132 1830 2237 1885; x_wconf 90' lang='lat' dir='ltr'><strong>lius</strong></span> <span class='ocrx_word' id='word_1_218' title='bbox 2282 1827 2616 1900; x_wconf 84' lang='lat' dir='ltr'><strong>temporibus</strong></span> <span class='ocrx_word' id='word_1_219' title='bbox 2672 1828 2785 1882; x_wconf 87' lang='lat' dir='ltr'><strong>suis</strong></span> <span class='ocrx_word' id='word_1_220' title='bbox 2831 1836 3050 1899; x_wconf 81' lang='lat' dir='ltr'><strong>rogatus</strong></span> <span class='ocrx_word' id='word_1_221' title='bbox 3090 1842 3121 1882; x_wconf 86' lang='lat' dir='ltr'><strong>a</strong></span> <span class='ocrx_word' id='word_1_222' title='bbox 3167 1826 3403 1897; x_wconf 87' lang='lat' dir='ltr'><strong>quadam</strong></span> <span class='ocrx_word' id='word_1_223' title='bbox 3467 1832 3715 1880; x_wconf 81' lang='lat' dir='ltr'><strong>matrona</strong></span> 
     </span>
    </p>
   </div>
   <div class='ocr_carea' id='block_1_34' title="bbox 448 1922 2028 2006">
    <p class='ocr_par' dir='ltr' id='par_1_34' title="bbox 448 1922 2028 2006">
     <span class='ocr_line' id='line_1_34' title="bbox 448 1922 2028 2006; baseline -0.015 -6"><span class='ocrx_word' id='word_1_224' title='bbox 448 1941 649 2000; x_wconf 80' lang='lat' dir='ltr'><strong>Eedicii</strong></span> <span class='ocrx_word' id='word_1_225' title='bbox 670 1982 684 2006; x_wconf 92' lang='lat'><strong>,</strong></span> <span class='ocrx_word' id='word_1_226' title='bbox 735 1938 952 2003; x_wconf 91' lang='lat' dir='ltr'><strong>Acacii,</strong></span> <span class='ocrx_word' id='word_1_227' title='bbox 994 1932 1240 1997; x_wconf 83' lang='lat' dir='ltr'><strong>Jubiani,</strong></span> <span class='ocrx_word' id='word_1_228' title='bbox 1265 1931 1463 1997; x_wconf 83' lang='lat' dir='ltr'><strong>Eliani,</strong></span> <span class='ocrx_word' id='word_1_229' title='bbox 1492 1927 1776 1993; x_wconf 79' lang='lat' dir='ltr'><strong>&#39;l‘beoduli,</strong></span> <span class='ocrx_word' id='word_1_230' title='bbox 1810 1922 2028 1997; x_wconf 80' lang='lat' dir='ltr'><strong>Cyrilli,</strong></span> 
     </span>
    </p>
   </div>
   <div class='ocr_carea' id='block_1_35' title="bbox 446 2017 2028 2100">
    <p class='ocr_par' dir='ltr' id='par_1_35' title="bbox 446 2017 2028 2100">
     <span class='ocr_line' id='line_1_35' title="bbox 446 2017 2028 2100; baseline -0.013 -9"><span class='ocrx_word' id='word_1_231' title='bbox 446 2035 639 2100; x_wconf 79' lang='lat' dir='ltr'><strong>Flavii,</strong></span> <span class='ocrx_word' id='word_1_232' title='bbox 690 2029 993 2093; x_wconf 85' lang='lat' dir='ltr'><strong>Severiani,</strong></span> <span class='ocrx_word' id='word_1_233' title='bbox 1024 2024 1245 2091; x_wconf 81' lang='lat' dir='ltr'><strong>Valerii,</strong></span> <span class='ocrx_word' id='word_1_234' title='bbox 1291 2020 1629 2087; x_wconf 84' lang='lat' dir='ltr'><strong>Cbudionis,</strong></span> <span class='ocrx_word' id='word_1_235' title='bbox 1681 2017 2028 2082; x_wconf 87' lang='lat' dir='ltr'><strong>Sacerdonis,</strong></span> 
     </span>
    </p>
   </div>
   <div class='ocr_carea' id='block_1_36' title="bbox 452 2109 2029 2196">
    <p class='ocr_par' dir='ltr' id='par_1_36' title="bbox 452 2109 2029 2196">
     <span class='ocr_line' id='line_1_36' title="bbox 452 2109 2029 2196; baseline -0.015 -8"><span class='ocrx_word' id='word_1_236' title='bbox 452 2130 646 2196; x_wconf 83' lang='lat' dir='ltr'><strong>Prisci,</strong></span> <span class='ocrx_word' id='word_1_237' title='bbox 671 2127 878 2193; x_wconf 81' lang='lat' dir='ltr'><strong>Evaeii,</strong></span> <span class='ocrx_word' id='word_1_238' title='bbox 900 2117 1636 2187; x_wconf 83' lang='lat' dir='ltr'><strong>.luvenalis,Pbiloctimonis,</strong></span> <span class='ocrx_word' id='word_1_239' title='bbox 1656 2113 1790 2179; x_wconf 84' lang='lat' dir='ltr'><strong>Etii,</strong></span> <span class='ocrx_word' id='word_1_240' title='bbox 1812 2109 2029 2175; x_wconf 76' lang='lat' dir='ltr'><strong>Micalli,</strong></span> 
     </span>
    </p>
   </div>
   <div class='ocr_carea' id='block_1_37' title="bbox 448 2202 2033 2297">
    <p class='ocr_par' dir='ltr' id='par_1_37' title="bbox 448 2202 2033 2297">
     <span class='ocr_line' id='line_1_37' title="bbox 448 2202 2033 2297; baseline -0.015 -18"><span class='ocrx_word' id='word_1_241' title='bbox 448 2220 782 2297; x_wconf 83' lang='lat' dir='ltr'><strong>Lysimachi,</strong></span> <span class='ocrx_word' id='word_1_242' title='bbox 805 2215 1110 2289; x_wconf 81' lang='lat' dir='ltr'><strong>Theophili,</strong></span> <span class='ocrx_word' id='word_1_243' title='bbox 1139 2210 1359 2275; x_wconf 86' lang='lat' dir='ltr'><strong>Euticii,</strong></span> <span class='ocrx_word' id='word_1_244' title='bbox 1388 2206 1641 2297; x_wconf 82' lang='lat' dir='ltr'><strong>Xanthii,</strong></span> <span class='ocrx_word' id='word_1_245' title='bbox 1664 2202 2033 2297; x_wconf 72' lang='lat' dir='ltr'><strong>Aggii,Leon-</strong></span> 
     </span>
    </p>
   </div>
   <div class='ocr_carea' id='block_1_38' title="bbox 450 2291 2032 2380">
    <p class='ocr_par' dir='ltr' id='par_1_38' title="bbox 450 2291 2032 2380">
     <span class='ocr_line' id='line_1_38' title="bbox 450 2291 2032 2380; baseline -0.015 -10"><span class='ocrx_word' id='word_1_246' title='bbox 450 2291 535 2380; x_wconf 76' lang='lat' dir='ltr'><strong>ui,</strong></span> <span class='ocrx_word' id='word_1_247' title='bbox 559 2310 751 2377; x_wconf 85' lang='lat' dir='ltr'><strong>lnsitii,</strong></span> <span class='ocrx_word' id='word_1_248' title='bbox 777 2308 920 2374; x_wconf 78' lang='lat' dir='ltr'><strong>Gsii,</strong></span> <span class='ocrx_word' id='word_1_249' title='bbox 962 2303 1229 2362; x_wconf 85' lang='lat' dir='ltr'><strong>Basilidis.</strong></span> <span class='ocrx_word' id='word_1_250' title='bbox 1269 2300 1336 2358; x_wconf 85' lang='lat' dir='ltr'><strong>iii</strong></span> <span class='ocrx_word' id='word_1_251' title='bbox 1363 2313 1555 2356; x_wconf 89' lang='lat' dir='ltr'><strong>omnes</strong></span> <span class='ocrx_word' id='word_1_252' title='bbox 1593 2294 1758 2352; x_wconf 88' lang='lat' dir='ltr'><strong>simul</strong></span> <span class='ocrx_word' id='word_1_253' title='bbox 1795 2291 2032 2364; x_wconf 78' lang='lat' dir='ltr'><strong>quadra-</strong></span> 
     </span>
    </p>
   </div>
   <div class='ocr_carea' id='block_1_39' title="bbox 452 2382 2037 2476">
    <p class='ocr_par' dir='ltr' id='par_1_39' title="bbox 452 2382 2037 2476">
     <span class='ocr_line' id='line_1_39' title="bbox 452 2382 2037 2476; baseline -0.015 -18"><span class='ocrx_word' id='word_1_254' title='bbox 452 2403 603 2476; x_wconf 79' lang='lat' dir='ltr'><strong>ginta</strong></span> <span class='ocrx_word' id='word_1_255' title='bbox 635 2398 779 2472; x_wconf 86' lang='lat' dir='ltr'><strong>passi</strong></span> <span class='ocrx_word' id='word_1_256' title='bbox 818 2404 946 2453; x_wconf 89' lang='lat' dir='ltr'><strong>sunt</strong></span> <span class='ocrx_word' id='word_1_257' title='bbox 980 2391 1314 2467; x_wconf 90' lang='lat' dir='ltr'><strong>temporibus</strong></span> <span class='ocrx_word' id='word_1_258' title='bbox 1358 2386 1550 2444; x_wconf 89' lang='lat' dir='ltr'><strong>Licinii</strong></span> <span class='ocrx_word' id='word_1_259' title='bbox 1598 2382 1938 2454; x_wconf 90' lang='lat' dir='ltr'><strong>imperatoris</strong></span> <span class='ocrx_word' id='word_1_260' title='bbox 1978 2388 2037 2435; x_wconf 87' lang='lat' dir='ltr'><strong>et</strong></span> 
     </span>
    </p>
   </div>
   <div class='ocr_carea' id='block_1_40' title="bbox 450 2471 2034 2568">
    <p class='ocr_par' dir='ltr' id='par_1_40' title="bbox 450 2471 2034 2568">
     <span class='ocr_line' id='line_1_40' title="bbox 450 2471 2034 2568; baseline -0.016 -17"><span class='ocrx_word' id='word_1_261' title='bbox 450 2471 723 2568; x_wconf 73' lang='lat' dir='ltr'><strong>Agricolai</strong></span> <span class='ocrx_word' id='word_1_262' title='bbox 780 2488 1023 2563; x_wconf 73' lang='lat' dir='ltr'><strong>przesidis</strong></span> <span class='ocrx_word' id='word_1_263' title='bbox 1046 2526 1063 2552; x_wconf 94' lang='lat'><strong>,</strong></span> <span class='ocrx_word' id='word_1_264' title='bbox 1111 2493 1168 2541; x_wconf 90' lang='lat' dir='ltr'><strong>et</strong></span> <span class='ocrx_word' id='word_1_265' title='bbox 1190 2482 1367 2555; x_wconf 63' lang='lat' dir='ltr'><strong>Lysiae</strong></span> <span class='ocrx_word' id='word_1_266' title='bbox 1407 2478 1581 2535; x_wconf 89' lang='lat' dir='ltr'><strong>ducis.</strong></span> <span class='ocrx_word' id='word_1_267' title='bbox 1614 2474 1814 2531; x_wconf 86' lang='lat' dir='ltr'><strong>Eodem</strong></span> <span class='ocrx_word' id='word_1_268' title='bbox 1846 2472 1933 2528; x_wconf 91' lang='lat' dir='ltr'><strong>die</strong></span> <span class='ocrx_word' id='word_1_269' title='bbox 1979 2471 2034 2527; x_wconf 91' lang='lat' dir='ltr'><strong>in</strong></span> 
     </span>
    </p>
   </div>
   <div class='ocr_carea' id='block_1_41' title="bbox 454 2565 2034 2656">
    <p class='ocr_par' dir='ltr' id='par_1_41' title="bbox 454 2565 2034 2656">
     <span class='ocr_line' id='line_1_41' title="bbox 454 2565 2034 2656; baseline -0.018 -13"><span class='ocrx_word' id='word_1_270' title='bbox 454 2565 674 2643; x_wconf 76' lang='lat' dir='ltr'><strong>sabinis</strong></span> <span class='ocrx_word' id='word_1_271' title='bbox 706 2581 888 2656; x_wconf 85' lang='lat' dir='ltr'><strong>passio</strong></span> <span class='ocrx_word' id='word_1_272' title='bbox 920 2577 1225 2635; x_wconf 84' lang='lat' dir='ltr'><strong>celebratur</strong></span> <span class='ocrx_word' id='word_1_273' title='bbox 1247 2571 1483 2631; x_wconf 80' lang='lat' dir='ltr'><strong>Jacinthi</strong></span> <span class='ocrx_word' id='word_1_274' title='bbox 1506 2565 1721 2625; x_wconf 87' lang='lat' dir='ltr'><strong>diaconi</strong></span> <span class='ocrx_word' id='word_1_275' title='bbox 1751 2572 1807 2619; x_wconf 83' lang='lat' dir='ltr'><strong>et</strong></span> <span class='ocrx_word' id='word_1_276' title='bbox 1832 2570 2034 2634; x_wconf 85' lang='lat' dir='ltr'><strong>marty-</strong></span> 
     </span>
    </p>
   </div>
   <div class='ocr_carea' id='block_1_42' title="bbox 454 2653 2034 2750">
    <p class='ocr_par' dir='ltr' id='par_1_42' title="bbox 454 2653 2034 2750">
     <span class='ocr_line' id='line_1_42' title="bbox 454 2653 2034 2750; baseline -0.017 -13"><span class='ocrx_word' id='word_1_277' title='bbox 454 2681 549 2746; x_wconf 85' lang='lat' dir='ltr'><strong>ris,</strong></span> <span class='ocrx_word' id='word_1_278' title='bbox 577 2678 669 2750; x_wconf 84' lang='lat' dir='ltr'><strong>qui</strong></span> <span class='ocrx_word' id='word_1_279' title='bbox 699 2653 730 2732; x_wconf 60' lang='grc' dir='ltr'>ἀ</span> <span class='ocrx_word' id='word_1_280' title='bbox 764 2671 1001 2731; x_wconf 74' lang='lat' dir='ltr'><strong>Luxurio</strong></span> <span class='ocrx_word' id='word_1_281' title='bbox 1020 2676 1370 2743; x_wconf 78' lang='lat' dir='ltr'><strong>persecutore</strong></span> <span class='ocrx_word' id='word_1_282' title='bbox 1393 2660 1628 2720; x_wconf 81' lang='lat' dir='ltr'><strong>traditus</strong></span> <span class='ocrx_word' id='word_1_283' title='bbox 1655 2665 1739 2715; x_wconf 90' lang='lat' dir='ltr'><strong>est</strong></span> <span class='ocrx_word' id='word_1_284' title='bbox 1766 2653 2034 2713; x_wconf 89' lang='lat' dir='ltr'><strong>consulari</strong></span> 
     </span>
    </p>
   </div>
   <div class='ocr_carea' id='block_1_43' title="bbox 456 2751 2039 2834">
    <p class='ocr_par' dir='ltr' id='par_1_43' title="bbox 456 2751 2039 2834">
     <span class='ocr_line' id='line_1_43' title="bbox 456 2751 2039 2834; baseline -0.019 -2"><span class='ocrx_word' id='word_1_285' title='bbox 456 2774 697 2832; x_wconf 79' lang='lat' dir='ltr'><strong>Leontio.</strong></span> <span class='ocrx_word' id='word_1_286' title='bbox 747 2769 850 2826; x_wconf 86' lang='lat' dir='ltr'><strong>Hic</strong></span> <span class='ocrx_word' id='word_1_287' title='bbox 892 2783 1015 2824; x_wconf 91' lang='lat' dir='ltr'><strong>cum</strong></span> <span class='ocrx_word' id='word_1_288' title='bbox 1067 2779 1174 2821; x_wconf 93' lang='lat' dir='ltr'><strong>non</strong></span> <span class='ocrx_word' id='word_1_289' title='bbox 1221 2768 1408 2834; x_wconf 88' lang='lat' dir='ltr'><strong>posset</strong></span> <span class='ocrx_word' id='word_1_290' title='bbox 1450 2771 1575 2813; x_wconf 89' lang='lat' dir='ltr'><strong>eum</strong></span> <span class='ocrx_word' id='word_1_291' title='bbox 1609 2751 1933 2823; x_wconf 87' lang='lat' dir='ltr'><strong>compellere</strong></span> <span class='ocrx_word' id='word_1_292' title='bbox 1978 2755 2039 2803; x_wconf 91' lang='lat' dir='ltr'><strong>ut</strong></span> 
     </span>
    </p>
   </div>
   <div class='ocr_carea' id='block_1_44' title="bbox 454 2841 2039 2925">
    <p class='ocr_par' dir='ltr' id='par_1_44' title="bbox 454 2841 2039 2925">
     <span class='ocr_line' id='line_1_44' title="bbox 454 2841 2039 2925; baseline -0.019 -1"><span class='ocrx_word' id='word_1_293' title='bbox 454 2865 791 2923; x_wconf 77' lang='lat' dir='ltr'><strong>sacriﬁcaret</strong></span> <span class='ocrx_word' id='word_1_294' title='bbox 816 2860 993 2925; x_wconf 91' lang='lat' dir='ltr'><strong>idolis,</strong></span> <span class='ocrx_word' id='word_1_295' title='bbox 1014 2856 1164 2915; x_wconf 92' lang='lat' dir='ltr'><strong>misit</strong></span> <span class='ocrx_word' id='word_1_296' title='bbox 1184 2856 1237 2911; x_wconf 93' lang='lat' dir='ltr'><strong>in</strong></span> <span class='ocrx_word' id='word_1_297' title='bbox 1259 2849 1573 2925; x_wconf 88' lang='lat' dir='ltr'><strong>ignem,qui</strong></span> <span class='ocrx_word' id='word_1_298' title='bbox 1614 2845 1797 2903; x_wconf 86' lang='lat' dir='ltr'><strong>statim</strong></span> <span class='ocrx_word' id='word_1_299' title='bbox 1834 2841 2039 2898; x_wconf 80' lang='lat' dir='ltr'><strong>exstin-</strong></span> 
     </span>
    </p>
   </div>
   <div class='ocr_carea' id='block_1_45' title="bbox 456 2928 2038 3025">
    <p class='ocr_par' dir='ltr' id='par_1_45' title="bbox 456 2928 2038 3025">
     <span class='ocr_line' id='line_1_45' title="bbox 456 2928 2038 3025; baseline -0.019 -11"><span class='ocrx_word' id='word_1_300' title='bbox 456 2966 545 3013; x_wconf 91' lang='lat' dir='ltr'><strong>tus</strong></span> <span class='ocrx_word' id='word_1_301' title='bbox 571 2964 687 3021; x_wconf 86' lang='lat' dir='ltr'><strong>est;</strong></span> <span class='ocrx_word' id='word_1_302' title='bbox 730 2959 920 3025; x_wconf 88' lang='lat' dir='ltr'><strong>postea</strong></span> <span class='ocrx_word' id='word_1_303' title='bbox 946 2949 1101 3006; x_wconf 87' lang='lat' dir='ltr'><strong>misit</strong></span> <span class='ocrx_word' id='word_1_304' title='bbox 1140 2960 1266 3002; x_wconf 87' lang='lat' dir='ltr'><strong>eum</strong></span> <span class='ocrx_word' id='word_1_305' title='bbox 1294 2944 1351 3000; x_wconf 91' lang='lat' dir='ltr'><strong>in</strong></span> <span class='ocrx_word' id='word_1_306' title='bbox 1383 2954 1614 3012; x_wconf 84' lang='lat' dir='ltr'><strong>aquam,</strong></span> <span class='ocrx_word' id='word_1_307' title='bbox 1650 2934 1745 2993; x_wconf 92' lang='lat' dir='ltr'><strong>sed</strong></span> <span class='ocrx_word' id='word_1_308' title='bbox 1774 2946 1941 2989; x_wconf 88' lang='lat' dir='ltr'><strong>sanus</strong></span> <span class='ocrx_word' id='word_1_309' title='bbox 1968 2928 2038 2985; x_wconf 86' lang='lat' dir='ltr'><strong>ad</strong></span> 
     </span>
    </p>
   </div>
   <div class='ocr_carea' id='block_1_46' title="bbox 455 3028 2039 3103">
    <p class='ocr_par' dir='ltr' id='par_1_46' title="bbox 455 3028 2039 3103">
     <span class='ocr_line' id='line_1_46' title="bbox 455 3028 2039 3103; baseline -0.018 0"><span class='ocrx_word' id='word_1_310' title='bbox 455 3048 607 3103; x_wconf 89' lang='lat' dir='ltr'><strong>littus</strong></span> <span class='ocrx_word' id='word_1_311' title='bbox 661 3045 915 3100; x_wconf 89' lang='lat' dir='ltr'><strong>reductus</strong></span> <span class='ocrx_word' id='word_1_312' title='bbox 956 3051 1059 3096; x_wconf 87' lang='lat' dir='ltr'><strong>est.</strong></span> <span class='ocrx_word' id='word_1_313' title='bbox 1104 3034 1377 3093; x_wconf 78' lang='lat' dir='ltr'><strong>Luxurius</strong></span> <span class='ocrx_word' id='word_1_314' title='bbox 1401 3045 1531 3087; x_wconf 83' lang='lat' dir='ltr'><strong>vero</strong></span> <span class='ocrx_word' id='word_1_315' title='bbox 1557 3042 1682 3085; x_wconf 91' lang='lat' dir='ltr'><strong>cum</strong></span> <span class='ocrx_word' id='word_1_316' title='bbox 1728 3040 1760 3080; x_wconf 89' lang='lat' dir='ltr'><strong>a</strong></span> <span class='ocrx_word' id='word_1_317' title='bbox 1788 3028 2039 3094; x_wconf 86' lang='lat' dir='ltr'><strong>serpente</strong></span> 
     </span>
    </p>
   </div>
   <div class='ocr_carea' id='block_1_47' title="bbox 456 3116 2035 3211">
    <p class='ocr_par' dir='ltr' id='par_1_47' title="bbox 456 3116 2035 3211">
     <span class='ocr_line' id='line_1_47' title="bbox 456 3116 2035 3211; baseline -0.021 -14"><span class='ocrx_word' id='word_1_318' title='bbox 456 3152 766 3211; x_wconf 80' lang='lat' dir='ltr'><strong>percussus,</strong></span> <span class='ocrx_word' id='word_1_319' title='bbox 788 3134 943 3204; x_wconf 84' lang='lat' dir='ltr'><strong>juvta</strong></span> <span class='ocrx_word' id='word_1_320' title='bbox 962 3128 1107 3200; x_wconf 89' lang='lat' dir='ltr'><strong>quod</strong></span> <span class='ocrx_word' id='word_1_321' title='bbox 1134 3132 1355 3184; x_wconf 86' lang='lat' dir='ltr'><strong>sanctus</strong></span> <span class='ocrx_word' id='word_1_322' title='bbox 1378 3123 1460 3178; x_wconf 86' lang='lat' dir='ltr'><strong>vir</strong></span> <span class='ocrx_word' id='word_1_323' title='bbox 1484 3120 1535 3175; x_wconf 91' lang='lat' dir='ltr'><strong>ei</strong></span> <span class='ocrx_word' id='word_1_324' title='bbox 1563 3116 1916 3189; x_wconf 66' lang='lat' dir='ltr'><strong>praedixerat,</strong></span> <span class='ocrx_word' id='word_1_325' title='bbox 1945 3119 2035 3166; x_wconf 88' lang='lat' dir='ltr'><strong>tu-</strong></span> 
     </span>
    </p>
   </div>
   <div class='ocr_carea' id='block_1_48' title="bbox 458 3200 2038 3295">
    <p class='ocr_par' dir='ltr' id='par_1_48' title="bbox 458 3200 2038 3295">
     <span class='ocr_line' id='line_1_48' title="bbox 458 3200 2038 3295; baseline -0.022 -7"><span class='ocrx_word' id='word_1_326' title='bbox 458 3200 634 3288; x_wconf 74' lang='lat' dir='ltr'><strong>midus</strong></span> <span class='ocrx_word' id='word_1_327' title='bbox 663 3227 717 3283; x_wconf 94' lang='lat' dir='ltr'><strong>in</strong></span> <span class='ocrx_word' id='word_1_328' title='bbox 746 3200 829 3280; x_wconf 83' lang='lat' dir='ltr'><strong>via</strong></span> <span class='ocrx_word' id='word_1_329' title='bbox 854 3223 1062 3295; x_wconf 73' lang='lat' dir='ltr'><strong>iaceret</strong></span> <span class='ocrx_word' id='word_1_330' title='bbox 1099 3236 1114 3272; x_wconf 91' lang='lat'><strong>:</strong></span> <span class='ocrx_word' id='word_1_331' title='bbox 1145 3231 1272 3272; x_wconf 88' lang='lat' dir='ltr'><strong>nam</strong></span> <span class='ocrx_word' id='word_1_332' title='bbox 1303 3226 1528 3283; x_wconf 89' lang='lat' dir='ltr'><strong>serpens</strong></span> <span class='ocrx_word' id='word_1_333' title='bbox 1552 3222 1676 3264; x_wconf 87' lang='lat' dir='ltr'><strong>cum</strong></span> <span class='ocrx_word' id='word_1_334' title='bbox 1701 3204 1853 3275; x_wconf 77' lang='lat' dir='ltr'><strong>juxta</strong></span> <span class='ocrx_word' id='word_1_335' title='bbox 1880 3200 2038 3257; x_wconf 87' lang='lat' dir='ltr'><strong>arbo-</strong></span> 
     </span>
    </p>
   </div>
   <div class='ocr_carea' id='block_1_49' title="bbox 459 3290 2035 3390">
    <p class='ocr_par' dir='ltr' id='par_1_49' title="bbox 459 3290 2035 3390">
     <span class='ocr_line' id='line_1_49' title="bbox 459 3290 2035 3390; baseline -0.022 -12"><span class='ocrx_word' id='word_1_336' title='bbox 459 3336 573 3378; x_wconf 84' lang='lat' dir='ltr'><strong>rem</strong></span> <span class='ocrx_word' id='word_1_337' title='bbox 605 3290 923 3390; x_wconf 74' lang='lat' dir='ltr'><strong>prmtcriret,</strong></span> <span class='ocrx_word' id='word_1_338' title='bbox 950 3302 1148 3368; x_wconf 86' lang='lat' dir='ltr'><strong>cecidit</strong></span> <span class='ocrx_word' id='word_1_339' title='bbox 1191 3322 1289 3377; x_wconf 92' lang='lat' dir='ltr'><strong>per</strong></span> <span class='ocrx_word' id='word_1_340' title='bbox 1318 3310 1483 3373; x_wconf 88' lang='lat' dir='ltr'><strong>caput</strong></span> <span class='ocrx_word' id='word_1_341' title='bbox 1508 3299 1628 3372; x_wconf 88' lang='lat' dir='ltr'><strong>ejus</strong></span> <span class='ocrx_word' id='word_1_342' title='bbox 1656 3297 1799 3352; x_wconf 87' lang='lat' dir='ltr'><strong>inter</strong></span> <span class='ocrx_word' id='word_1_343' title='bbox 1837 3290 2035 3348; x_wconf 89' lang='lat' dir='ltr'><strong>collum</strong></span> 
     </span>
    </p>
   </div>
   <div class='ocr_carea' id='block_1_50' title="bbox 458 3384 2035 3482">
    <p class='ocr_par' dir='ltr' id='par_1_50' title="bbox 458 3384 2035 3482">
     <span class='ocr_line' id='line_1_50' title="bbox 458 3384 2035 3482; baseline -0.022 -13"><span class='ocrx_word' id='word_1_344' title='bbox 458 3422 514 3469; x_wconf 88' lang='lat' dir='ltr'><strong>et</strong></span> <span class='ocrx_word' id='word_1_345' title='bbox 534 3384 791 3482; x_wconf 83' lang='lat' dir='ltr'><strong>capitium</strong></span> <span class='ocrx_word' id='word_1_346' title='bbox 813 3404 1031 3468; x_wconf 64' lang='lat' dir='ltr'><strong>tunica}.</strong></span> <span class='ocrx_word' id='word_1_347' title='bbox 1044 3407 1100 3456; x_wconf 92' lang='lat' dir='ltr'><strong>et</strong></span> <span class='ocrx_word' id='word_1_348' title='bbox 1112 3398 1192 3455; x_wconf 90' lang='lat' dir='ltr'><strong>sic</strong></span> <span class='ocrx_word' id='word_1_349' title='bbox 1206 3398 1259 3453; x_wconf 92' lang='lat' dir='ltr'><strong>in</strong></span> <span class='ocrx_word' id='word_1_350' title='bbox 1274 3404 1518 3451; x_wconf 88' lang='lat' dir='ltr'><strong>ventrem</strong></span> <span class='ocrx_word' id='word_1_351' title='bbox 1545 3388 1758 3460; x_wconf 87' lang='lat' dir='ltr'><strong>irrupit.</strong></span> <span class='ocrx_word' id='word_1_352' title='bbox 1785 3384 2035 3441; x_wconf 78' lang='lat' dir='ltr'><strong>Attamen</strong></span> 
     </span>
    </p>
   </div>
   <div class='ocr_carea' id='block_1_51' title="bbox 461 3475 2039 3568">
    <p class='ocr_par' dir='ltr' id='par_1_51' title="bbox 461 3475 2039 3568">
     <span class='ocr_line' id='line_1_51' title="bbox 461 3475 2039 3568; baseline -0.02 -13"><span class='ocrx_word' id='word_1_353' title='bbox 461 3502 551 3557; x_wconf 86' lang='lat' dir='ltr'><strong>ille</strong></span> <span class='ocrx_word' id='word_1_354' title='bbox 580 3475 777 3568; x_wconf 74' lang='lat' dir='ltr'><strong>impius</strong></span> <span class='ocrx_word' id='word_1_355' title='bbox 792 3493 954 3567; x_wconf 83' lang='lat' dir='ltr'><strong>jussit</strong></span> <span class='ocrx_word' id='word_1_356' title='bbox 978 3487 1249 3548; x_wconf 90' lang='lat' dir='ltr'><strong>consulari</strong></span> <span class='ocrx_word' id='word_1_357' title='bbox 1277 3483 1507 3541; x_wconf 88' lang='lat' dir='ltr'><strong>Leontio</strong></span> <span class='ocrx_word' id='word_1_358' title='bbox 1535 3490 1594 3535; x_wconf 91' lang='lat' dir='ltr'><strong>ut</strong></span> <span class='ocrx_word' id='word_1_359' title='bbox 1613 3475 1895 3549; x_wconf 86' lang='lat' dir='ltr'><strong>capitalem</strong></span> <span class='ocrx_word' id='word_1_360' title='bbox 1918 3486 2039 3528; x_wconf 90' lang='lat' dir='ltr'><strong>sen-</strong></span> 
     </span>
    </p>
   </div>
   <div class='ocr_carea' id='block_1_52' title="bbox 462 3568 2043 3656">
    <p class='ocr_par' dir='ltr' id='par_1_52' title="bbox 462 3568 2043 3656">
     <span class='ocr_line' id='line_1_52' title="bbox 462 3568 2043 3656; baseline -0.025 -4"><span class='ocrx_word' id='word_1_361' title='bbox 462 3594 687 3654; x_wconf 84' lang='lat' dir='ltr'><strong>tentiam</strong></span> <span class='ocrx_word' id='word_1_362' title='bbox 709 3596 896 3647; x_wconf 87' lang='lat' dir='ltr'><strong>sancto</strong></span> <span class='ocrx_word' id='word_1_363' title='bbox 920 3576 1146 3656; x_wconf 79' lang='lat' dir='ltr'><strong>martyri</strong></span> <span class='ocrx_word' id='word_1_364' title='bbox 1174 3573 1418 3634; x_wconf 80' lang='lat' dir='ltr'><strong>inferret.</strong></span> <span class='ocrx_word' id='word_1_365' title='bbox 1450 3568 1650 3643; x_wconf 72' lang='lat' dir='ltr'><strong>Sicque</strong></span> <span class='ocrx_word' id='word_1_366' title='bbox 1674 3578 1873 3625; x_wconf 86' lang='lat' dir='ltr'><strong>corona</strong></span> <span class='ocrx_word' id='word_1_367' title='bbox 1896 3573 2043 3617; x_wconf 87' lang='lat' dir='ltr'><strong>mar-</strong></span> 
     </span>
    </p>
   </div>
   <div class='ocr_carea' id='block_1_53' title="bbox 463 3664 1682 3759">
    <p class='ocr_par' dir='ltr' id='par_1_53' title="bbox 463 3664 1682 3759">
     <span class='ocr_line' id='line_1_53' title="bbox 463 3664 1682 3759; baseline -0.024 -17"><span class='ocrx_word' id='word_1_368' title='bbox 463 3685 585 3759; x_wconf 83' lang='lat' dir='ltr'><strong>tyrii</strong></span> <span class='ocrx_word' id='word_1_369' title='bbox 623 3690 851 3739; x_wconf 87' lang='lat' dir='ltr'><strong>sanctus</strong></span> <span class='ocrx_word' id='word_1_370' title='bbox 877 3676 965 3733; x_wconf 86' lang='lat' dir='ltr'><strong>vir</strong></span> <span class='ocrx_word' id='word_1_371' title='bbox 997 3671 1254 3745; x_wconf 73' lang='lat' dir='ltr'><strong>migravit</strong></span> <span class='ocrx_word' id='word_1_372' title='bbox 1280 3668 1349 3722; x_wconf 88' lang='lat' dir='ltr'><strong>ad</strong></span> <span class='ocrx_word' id='word_1_373' title='bbox 1378 3664 1682 3721; x_wconf 79' lang='lat' dir='ltr'><strong>Dominum.</strong></span> 
     </span>
    </p>
   </div>
   <div class='ocr_carea' id='block_1_54' title="bbox 533 3757 2041 3838">
    <p class='ocr_par' dir='ltr' id='par_1_54' title="bbox 533 3757 2041 3838">
     <span class='ocr_line' id='line_1_54' title="bbox 533 3757 2041 3838; baseline -0.022 -6"><span class='ocrx_word' id='word_1_374' title='bbox 533 3776 601 3832; x_wconf 81' lang='lat' dir='ltr'><strong>IV</strong></span> <span class='ocrx_word' id='word_1_375' title='bbox 628 3774 705 3831; x_wconf 84' lang='lat' dir='ltr'><strong>In.</strong></span> <span class='ocrx_word' id='word_1_376' title='bbox 762 3772 947 3827; x_wconf 75' lang='lat' dir='ltr'><strong>Roma:</strong></span> <span class='ocrx_word' id='word_1_377' title='bbox 988 3763 1253 3838; x_wconf 89' lang='lat' dir='ltr'><strong>depositio</strong></span> <span class='ocrx_word' id='word_1_378' title='bbox 1302 3757 1469 3816; x_wconf 84' lang='lat' dir='ltr'><strong>Hilari</strong></span> <span class='ocrx_word' id='word_1_379' title='bbox 1516 3768 1710 3827; x_wconf 76' lang='lat' dir='ltr'><strong>paptc,</strong></span> <span class='ocrx_word' id='word_1_380' title='bbox 1738 3764 1840 3821; x_wconf 90' lang='lat' dir='ltr'><strong>per</strong></span> <span class='ocrx_word' id='word_1_381' title='bbox 1878 3758 2041 3838; x_wconf 75' lang='lat' dir='ltr'><strong>quem</strong></span> 
     </span>
    </p>
   </div>
   <div class='ocr_carea' id='block_1_55' title="bbox 464 3835 2043 3928">
    <p class='ocr_par' dir='ltr' id='par_1_55' title="bbox 464 3835 2043 3928">
     <span class='ocr_line' id='line_1_55' title="bbox 464 3835 2043 3928; baseline -0.02 -4"><span class='ocrx_word' id='word_1_382' title='bbox 464 3865 735 3924; x_wconf 73' lang='lat' dir='ltr'><strong>Victorius</strong></span> <span class='ocrx_word' id='word_1_383' title='bbox 758 3860 1013 3918; x_wconf 81' lang='lat' dir='ltr'><strong>Ordinem</strong></span> <span class='ocrx_word' id='word_1_384' title='bbox 1043 3835 1352 3928; x_wconf 86' lang='lat' dir='ltr'><strong>paschalem</strong></span> <span class='ocrx_word' id='word_1_385' title='bbox 1371 3844 1711 3915; x_wconf 82' lang='lat' dir='ltr'><strong>conscripsit.</strong></span> <span class='ocrx_word' id='word_1_386' title='bbox 1729 3839 1930 3896; x_wconf 84' lang='lat' dir='ltr'><strong>Eodem</strong></span> <span class='ocrx_word' id='word_1_387' title='bbox 1955 3835 2043 3893; x_wconf 85' lang='lat' dir='ltr'><strong>die</strong></span> 
     </span>
    </p>
   </div>
   <div class='ocr_carea' id='block_1_56' title="bbox 465 3928 2043 4028">
    <p class='ocr_par' dir='ltr' id='par_1_56' title="bbox 465 3928 2043 4028">
     <span class='ocr_line' id='line_1_56' title="bbox 465 3928 2043 4028; baseline -0.022 -14"><span class='ocrx_word' id='word_1_388' title='bbox 465 3955 729 4028; x_wconf 81' lang='lat' dir='ltr'><strong>depositio</strong></span> <span class='ocrx_word' id='word_1_389' title='bbox 768 3949 941 4007; x_wconf 86' lang='lat' dir='ltr'><strong>sancti</strong></span> <span class='ocrx_word' id='word_1_390' title='bbox 973 3946 1139 4003; x_wconf 86' lang='lat' dir='ltr'><strong>Salvii</strong></span> <span class='ocrx_word' id='word_1_391' title='bbox 1168 3939 1439 4013; x_wconf 85' lang='lat' dir='ltr'><strong>episcopi,</strong></span> <span class='ocrx_word' id='word_1_392' title='bbox 1471 3937 1534 3992; x_wconf 88' lang='lat' dir='ltr'><strong>de</strong></span> <span class='ocrx_word' id='word_1_393' title='bbox 1561 3932 1717 4002; x_wconf 87' lang='lat' dir='ltr'><strong>cujus</strong></span> <span class='ocrx_word' id='word_1_394' title='bbox 1757 3928 2043 3986; x_wconf 87' lang='lat' dir='ltr'><strong>sanctitate</strong></span> 
     </span>
    </p>
   </div>
   <div class='ocr_carea' id='block_1_57' title="bbox 465 4023 2045 4122">
    <p class='ocr_par' dir='ltr' id='par_1_57' title="bbox 465 4023 2045 4122">
     <span class='ocr_line' id='line_1_57' title="bbox 465 4023 2045 4122; baseline -0.021 -14"><span class='ocrx_word' id='word_1_395' title='bbox 465 4048 758 4122; x_wconf 76' lang='lat' dir='ltr'><strong>Gregorius</strong></span> <span class='ocrx_word' id='word_1_396' title='bbox 804 4037 1137 4100; x_wconf 83' lang='lat' dir='ltr'><strong>Turonensis</strong></span> <span class='ocrx_word' id='word_1_397' title='bbox 1183 4033 1470 4106; x_wconf 82' lang='lat' dir='ltr'><strong>episcopos</strong></span> <span class='ocrx_word' id='word_1_398' title='bbox 1519 4023 1764 4098; x_wconf 79' lang='lat' dir='ltr'><strong>scripsit.</strong></span> <span class='ocrx_word' id='word_1_399' title='bbox 1815 4033 2045 4077; x_wconf 82' lang='lat' dir='ltr'><strong>narrans</strong></span> 
     </span>
    </p>
   </div>
   <div class='ocr_carea' id='block_1_58' title="bbox 467 4110 2046 4212">
    <p class='ocr_par' dir='ltr' id='par_1_58' title="bbox 467 4110 2046 4212">
     <span class='ocr_line' id='line_1_58' title="bbox 467 4110 2046 4212; baseline -0.019 -18"><span class='ocrx_word' id='word_1_400' title='bbox 467 4110 608 4212; x_wconf 63' lang='lat' dir='ltr'><strong>quod</strong></span> <span class='ocrx_word' id='word_1_401' title='bbox 642 4152 738 4209; x_wconf 88' lang='lat' dir='ltr'><strong>per</strong></span> <span class='ocrx_word' id='word_1_402' title='bbox 774 4129 1155 4190; x_wconf 83' lang='lat' dir='ltr'><strong>revelationem</strong></span> <span class='ocrx_word' id='word_1_403' title='bbox 1189 4124 1446 4185; x_wconf 88' lang='lat' dir='ltr'><strong>vidisset,</strong></span> <span class='ocrx_word' id='word_1_404' title='bbox 1474 4118 1666 4174; x_wconf 79' lang='lat' dir='ltr'><strong>divina:</strong></span> <span class='ocrx_word' id='word_1_405' title='bbox 1690 4114 1841 4169; x_wconf 85' lang='lat' dir='ltr'><strong>vocis</strong></span> <span class='ocrx_word' id='word_1_406' title='bbox 1866 4110 2046 4179; x_wconf 69' lang='lat' dir='ltr'><strong>evagi»</strong></span> 
     </span>
    </p>
   </div>
   <div class='ocr_carea' id='block_1_59' title="bbox 471 4201 2043 4297">
    <p class='ocr_par' dir='ltr' id='par_1_59' title="bbox 471 4201 2043 4297">
     <span class='ocr_line' id='line_1_59' title="bbox 471 4201 2043 4297; baseline -0.022 -10"><span class='ocrx_word' id='word_1_407' title='bbox 471 4201 657 4286; x_wconf 75' lang='lat' dir='ltr'><strong>uatum</strong></span> <span class='ocrx_word' id='word_1_408' title='bbox 704 4224 937 4297; x_wconf 76' lang='lat' dir='ltr'><strong>gladium</strong></span> <span class='ocrx_word' id='word_1_409' title='bbox 971 4218 1251 4277; x_wconf 89' lang='lat' dir='ltr'><strong>imminere</strong></span> <span class='ocrx_word' id='word_1_410' title='bbox 1278 4228 1442 4285; x_wconf 81' lang='lat' dir='ltr'><strong>super</strong></span> <span class='ocrx_word' id='word_1_411' title='bbox 1470 4206 1711 4280; x_wconf 67' lang='lat' dir='ltr'><strong>regulum</strong></span> <span class='ocrx_word' id='word_1_412' title='bbox 1742 4202 1857 4276; x_wconf 83' lang='lat' dir='ltr'><strong>(Sic</strong></span> <span class='ocrx_word' id='word_1_413' title='bbox 1895 4201 2043 4273; x_wconf 64' lang='grc' dir='ltr'><strong>ναι),</strong></span> 
     </span>
    </p>
   </div>
   <div class='ocr_carea' id='block_1_60' title="bbox 469 4293 2045 4397">
    <p class='ocr_par' dir='ltr' id='par_1_60' title="bbox 469 4293 2045 4397">
     <span class='ocr_line' id='line_1_60' title="bbox 469 4293 2045 4397; baseline -0.021 -18"><span class='ocrx_word' id='word_1_414' title='bbox 469 4324 610 4397; x_wconf 75' lang='lat' dir='ltr'><strong>quod</strong></span> <span class='ocrx_word' id='word_1_415' title='bbox 640 4318 941 4391; x_wconf 84' lang='lat' dir='ltr'><strong>ililpericus</strong></span> <span class='ocrx_word' id='word_1_416' title='bbox 967 4327 1060 4390; x_wconf 76' lang='lat' dir='ltr'><strong>rex</strong></span> <span class='ocrx_word' id='word_1_417' title='bbox 1085 4310 1247 4381; x_wconf 81' lang='lat' dir='ltr'><strong>jussit</strong></span> <span class='ocrx_word' id='word_1_418' title='bbox 1274 4302 1537 4362; x_wconf 81' lang='lat' dir='ltr'><strong>construi.</strong></span> <span class='ocrx_word' id='word_1_419' title='bbox 1566 4299 1674 4356; x_wconf 84' lang='lat' dir='ltr'><strong>Cur</strong></span> <span class='ocrx_word' id='word_1_420' title='bbox 1694 4294 1886 4351; x_wconf 85' lang='lat' dir='ltr'><strong>visioui</strong></span> <span class='ocrx_word' id='word_1_421' title='bbox 1914 4293 2045 4349; x_wconf 86' lang='lat' dir='ltr'><strong>veri-</strong></span> 
     </span>
    </p>
   </div>
   <div class='ocr_carea' id='block_1_61' title="bbox 471 4386 2049 4471">
    <p class='ocr_par' dir='ltr' id='par_1_61' title="bbox 471 4386 2049 4471">
     <span class='ocr_line' id='line_1_61' title="bbox 471 4386 2049 4471; baseline -0.02 -1"><span class='ocrx_word' id='word_1_422' title='bbox 471 4386 554 4471; x_wconf 70' lang='lat' dir='ltr'><strong>tas</strong></span> <span class='ocrx_word' id='word_1_423' title='bbox 606 4386 788 4468; x_wconf 75' lang='lat' dir='ltr'><strong>statim</strong></span> <span class='ocrx_word' id='word_1_424' title='bbox 830 4386 1029 4462; x_wconf 81' lang='lat' dir='ltr'><strong>secuta</strong></span> <span class='ocrx_word' id='word_1_425' title='bbox 1063 4410 1167 4456; x_wconf 90' lang='lat' dir='ltr'><strong>est.</strong></span> <span class='ocrx_word' id='word_1_426' title='bbox 1200 4397 1331 4453; x_wconf 83' lang='lat' dir='ltr'><strong>Nam</strong></span> <span class='ocrx_word' id='word_1_427' title='bbox 1379 4402 1504 4466; x_wconf 85' lang='lat' dir='ltr'><strong>post</strong></span> <span class='ocrx_word' id='word_1_428' title='bbox 1528 4392 1644 4447; x_wconf 89' lang='lat' dir='ltr'><strong>dies</strong></span> <span class='ocrx_word' id='word_1_429' title='bbox 1678 4387 1866 4460; x_wconf 77' lang='lat' dir='ltr'><strong>viginti</strong></span> <span class='ocrx_word' id='word_1_430' title='bbox 1914 4386 2049 4439; x_wconf 88' lang='lat' dir='ltr'><strong>duos</strong></span> 
     </span>
    </p>
   </div>
   <div class='ocr_carea' id='block_1_62' title="bbox 472 4487 1510 4571">
    <p class='ocr_par' dir='ltr' id='par_1_62' title="bbox 472 4487 1510 4571">
     <span class='ocr_line' id='line_1_62' title="bbox 472 4487 1510 4571; baseline -0.021 -12"><span class='ocrx_word' id='word_1_431' title='bbox 472 4504 566 4559; x_wconf 86' lang='lat' dir='ltr'><strong>lilii</strong></span> <span class='ocrx_word' id='word_1_432' title='bbox 599 4500 738 4571; x_wconf 74' lang='lat' dir='ltr'><strong>regis</strong></span> <span class='ocrx_word' id='word_1_433' title='bbox 767 4498 818 4552; x_wconf 91' lang='lat' dir='ltr'><strong>iu</strong></span> <span class='ocrx_word' id='word_1_434' title='bbox 849 4495 1037 4551; x_wconf 91' lang='lat' dir='ltr'><strong>eadem</strong></span> <span class='ocrx_word' id='word_1_435' title='bbox 1073 4491 1232 4546; x_wconf 86' lang='lat' dir='ltr'><strong>domo</strong></span> <span class='ocrx_word' id='word_1_436' title='bbox 1257 4487 1510 4543; x_wconf 87' lang='lat' dir='ltr'><strong>obierunt</strong></span> 
     </span>
    </p>
   </div>
   <div class='ocr_carea' id='block_1_63' title="bbox 544 4565 2047 4651">
    <p class='ocr_par' dir='ltr' id='par_1_63' title="bbox 544 4565 2047 4651">
     <span class='ocr_line' id='line_1_63' title="bbox 544 4565 2047 4651; baseline -0.018 -4"><span class='ocrx_word' id='word_1_437' title='bbox 544 4590 608 4648; x_wconf 90' lang='grc' dir='ltr'><strong>ιιι</strong></span> <span class='ocrx_word' id='word_1_438' title='bbox 638 4565 712 4644; x_wconf 72' lang='grc' dir='ltr'><strong>ιῖ).</strong></span> <span class='ocrx_word' id='word_1_439' title='bbox 756 4587 963 4651; x_wconf 72' lang='grc' dir='ltr'>Ποιιιαξ,</span> <span class='ocrx_word' id='word_1_440' title='bbox 991 4581 1137 4638; x_wconf 84' lang='lat' dir='ltr'><strong>Preti</strong></span> <span class='ocrx_word' id='word_1_441' title='bbox 1183 4587 1237 4634; x_wconf 86' lang='lat' dir='ltr'><strong>et</strong></span> <span class='ocrx_word' id='word_1_442' title='bbox 1276 4572 1506 4631; x_wconf 83' lang='lat' dir='ltr'><strong>Jaciuthi</strong></span> <span class='ocrx_word' id='word_1_443' title='bbox 1553 4565 1908 4644; x_wconf 70' lang='lat' dir='ltr'><strong>[Hyacinthi],</strong></span> <span class='ocrx_word' id='word_1_444' title='bbox 1956 4565 2047 4635; x_wconf 83' lang='lat' dir='ltr'><strong>qui</strong></span> 
     </span>
    </p>
   </div>
   <div class='ocr_carea' id='block_1_64' title="bbox 474 4661 2047 4740">
    <p class='ocr_par' dir='ltr' id='par_1_64' title="bbox 474 4661 2047 4740">
     <span class='ocr_line' id='line_1_64' title="bbox 474 4661 2047 4740; baseline -0.02 0"><span class='ocrx_word' id='word_1_445' title='bbox 474 4689 629 4740; x_wconf 88' lang='lat' dir='ltr'><strong>erant</strong></span> <span class='ocrx_word' id='word_1_446' title='bbox 656 4676 887 4735; x_wconf 88' lang='lat' dir='ltr'><strong>eunuchi</strong></span> <span class='ocrx_word' id='word_1_447' title='bbox 911 4680 1109 4729; x_wconf 76' lang='lat' dir='ltr'><strong>sancta:</strong></span> <span class='ocrx_word' id='word_1_448' title='bbox 1138 4667 1388 4738; x_wconf 69' lang='lat' dir='ltr'><strong>[ingenita</strong></span> <span class='ocrx_word' id='word_1_449' title='bbox 1409 4661 1651 4732; x_wconf 77' lang='lat' dir='ltr'><strong>virginis,</strong></span> <span class='ocrx_word' id='word_1_450' title='bbox 1692 4667 1747 4713; x_wconf 93' lang='lat' dir='ltr'><strong>et</strong></span> <span class='ocrx_word' id='word_1_451' title='bbox 1774 4670 1900 4714; x_wconf 89' lang='lat' dir='ltr'><strong>cum</strong></span> <span class='ocrx_word' id='word_1_452' title='bbox 1926 4670 1989 4711; x_wconf 88' lang='lat' dir='ltr'><strong>ea</strong></span> <span class='ocrx_word' id='word_1_453' title='bbox 2018 4671 2047 4709; x_wconf 88' lang='lat' dir='ltr'><strong>a</strong></span> 
     </span>
    </p>
   </div>
   <div class='ocr_carea' id='block_1_65' title="bbox 480 4747 2051 4827">
    <p class='ocr_par' dir='ltr' id='par_1_65' title="bbox 480 4747 2051 4827">
     <span class='ocr_line' id='line_1_65' title="bbox 480 4747 2051 4827; baseline -0.016 0"><span class='ocrx_word' id='word_1_454' title='bbox 480 4772 719 4827; x_wconf 76' lang='lat' dir='ltr'><strong>liomana</strong></span> <span class='ocrx_word' id='word_1_455' title='bbox 772 4767 907 4821; x_wconf 79' lang='lat' dir='ltr'><strong>urbe</strong></span> <span class='ocrx_word' id='word_1_456' title='bbox 952 4758 1332 4817; x_wconf 68' lang='lat' dir='ltr'><strong>Alexandriam</strong></span> <span class='ocrx_word' id='word_1_457' title='bbox 1388 4754 1668 4809; x_wconf 82' lang='lat' dir='ltr'><strong>venientes</strong></span> <span class='ocrx_word' id='word_1_458' title='bbox 1724 4749 1789 4805; x_wconf 66' lang='lat' dir='ltr'><strong>ait</strong></span> <span class='ocrx_word' id='word_1_459' title='bbox 1850 4747 2051 4804; x_wconf 51' lang='lat' dir='ltr'><strong>i-i‘cleno</strong></span> 
     </span>
    </p>
   </div>
   <div class='ocr_carea' id='block_1_66' title="bbox 477 4837 2048 4937">
    <p class='ocr_par' dir='ltr' id='par_1_66' title="bbox 477 4837 2048 4937">
     <span class='ocr_line' id='line_1_66' title="bbox 477 4837 2048 4937; baseline -0.02 -15"><span class='ocrx_word' id='word_1_460' title='bbox 477 4864 750 4937; x_wconf 64' lang='lat' dir='ltr'><strong>episeopo,</strong></span> <span class='ocrx_word' id='word_1_461' title='bbox 780 4856 865 4911; x_wconf 88' lang='lat' dir='ltr'><strong>cui</strong></span> <span class='ocrx_word' id='word_1_462' title='bbox 906 4868 1091 4909; x_wconf 77' lang='lat' dir='ltr'><strong>eorum</strong></span> <span class='ocrx_word' id='word_1_463' title='bbox 1120 4849 1381 4908; x_wconf 66' lang='lat' dir='ltr'><strong>adventus</strong></span> <span class='ocrx_word' id='word_1_464' title='bbox 1414 4858 1511 4919; x_wconf 80' lang='lat' dir='ltr'><strong>per</strong></span> <span class='ocrx_word' id='word_1_465' title='bbox 1535 4845 1795 4899; x_wconf 85' lang='lat' dir='ltr'><strong>visionem</strong></span> <span class='ocrx_word' id='word_1_466' title='bbox 1843 4837 2048 4894; x_wconf 78' lang='lat' dir='ltr'><strong>revela-</strong></span> 
     </span>
    </p>
   </div>
   <div class='ocr_carea' id='block_1_67' title="bbox 482 4927 2051 5019">
    <p class='ocr_par' dir='ltr' id='par_1_67' title="bbox 482 4927 2051 5019">
     <span class='ocr_line' id='line_1_67' title="bbox 482 4927 2051 5019; baseline -0.019 -8"><span class='ocrx_word' id='word_1_467' title='bbox 482 4966 568 5011; x_wconf 86' lang='lat' dir='ltr'><strong>tus</strong></span> <span class='ocrx_word' id='word_1_468' title='bbox 597 4927 710 5019; x_wconf 69' lang='lat' dir='ltr'><strong>esl,</strong></span> <span class='ocrx_word' id='word_1_469' title='bbox 759 4949 959 5019; x_wconf 81' lang='lat' dir='ltr'><strong>recepti</strong></span> <span class='ocrx_word' id='word_1_470' title='bbox 1018 4946 1069 5000; x_wconf 89' lang='lat' dir='ltr'><strong>in</strong></span> <span class='ocrx_word' id='word_1_471' title='bbox 1108 4938 1434 4997; x_wconf 83' lang='lat' dir='ltr'><strong>monasterio</strong></span> <span class='ocrx_word' id='word_1_472' title='bbox 1481 4936 1712 5005; x_wconf 78' lang='lat' dir='ltr'><strong>quodam</strong></span> <span class='ocrx_word' id='word_1_473' title='bbox 1770 4931 1868 4985; x_wconf 85' lang='lat' dir='ltr'><strong>sub</strong></span> <span class='ocrx_word' id='word_1_474' title='bbox 1914 4927 2051 4982; x_wconf 68' lang='lat' dir='ltr'><strong>virili</strong></span> 
     </span>
    </p>
   </div>
   <div class='ocr_carea' id='block_1_68' title="bbox 486 5030 2050 5104">
    <p class='ocr_par' dir='ltr' id='par_1_68' title="bbox 486 5030 2050 5104">
     <span class='ocr_line' id='line_1_68' title="bbox 486 5030 2050 5104; baseline -0.019 -1"><span class='ocrx_word' id='word_1_475' title='bbox 486 5047 666 5104; x_wconf 83' lang='lat' dir='ltr'><strong>habitu</strong></span> <span class='ocrx_word' id='word_1_476' title='bbox 700 5044 839 5099; x_wconf 77' lang='lat' dir='ltr'><strong>inter</strong></span> <span class='ocrx_word' id='word_1_477' title='bbox 866 5037 1157 5097; x_wconf 89' lang='lat' dir='ltr'><strong>monachos</strong></span> <span class='ocrx_word' id='word_1_478' title='bbox 1184 5030 1674 5091; x_wconf 87' lang='lat' dir='ltr'><strong>conversahantur;</strong></span> <span class='ocrx_word' id='word_1_479' title='bbox 1707 5034 1891 5096; x_wconf 86' lang='lat' dir='ltr'><strong>postea</strong></span> <span class='ocrx_word' id='word_1_480' title='bbox 1923 5036 2050 5075; x_wconf 83' lang='lat' dir='ltr'><strong>vero</strong></span> 
     </span>
    </p>
   </div>
   <div class='ocr_carea' id='block_1_69' title="bbox 484 5110 2051 5201">
    <p class='ocr_par' dir='ltr' id='par_1_69' title="bbox 484 5110 2051 5201">
     <span class='ocr_line' id='line_1_69' title="bbox 484 5110 2051 5201; baseline -0.021 -6"><span class='ocrx_word' id='word_1_481' title='bbox 484 5155 606 5195; x_wconf 88' lang='lat' dir='ltr'><strong>cum</strong></span> <span class='ocrx_word' id='word_1_482' title='bbox 632 5133 917 5191; x_wconf 65' lang='lat' dir='ltr'><strong>Mclzantltia</strong></span> <span class='ocrx_word' id='word_1_483' title='bbox 942 5129 1184 5201; x_wconf 68' lang='lat' dir='ltr'><strong>quaedam</strong></span> <span class='ocrx_word' id='word_1_484' title='bbox 1223 5124 1421 5180; x_wconf 79' lang='lat' dir='ltr'><strong>femina</strong></span> <span class='ocrx_word' id='word_1_485' title='bbox 1456 5118 1720 5176; x_wconf 87' lang='lat' dir='ltr'><strong>malitiosa</strong></span> <span class='ocrx_word' id='word_1_486' title='bbox 1757 5110 2051 5183; x_wconf 79' lang='lat' dir='ltr'><strong>Eugenium</strong></span> 
     </span>
    </p>
   </div>
   <div class='ocr_carea' id='block_1_70' title="bbox 484 5207 2054 5292">
    <p class='ocr_par' dir='ltr' id='par_1_70' title="bbox 484 5207 2054 5292">
     <span class='ocr_line' id='line_1_70' title="bbox 484 5207 2054 5292; baseline -0.022 -5"><span class='ocrx_word' id='word_1_487' title='bbox 484 5231 584 5287; x_wconf 80' lang='lat' dir='ltr'><strong>sub</strong></span> <span class='ocrx_word' id='word_1_488' title='bbox 613 5226 756 5282; x_wconf 88' lang='lat' dir='ltr'><strong>virili</strong></span> <span class='ocrx_word' id='word_1_489' title='bbox 782 5223 967 5280; x_wconf 88' lang='lat' dir='ltr'><strong>habitu</strong></span> <span class='ocrx_word' id='word_1_490' title='bbox 994 5220 1273 5292; x_wconf 82' lang='lat' dir='ltr'><strong>degentem</strong></span> <span class='ocrx_word' id='word_1_491' title='bbox 1300 5211 1594 5268; x_wconf 88' lang='lat' dir='ltr'><strong>masculum</strong></span> <span class='ocrx_word' id='word_1_492' title='bbox 1620 5207 1928 5276; x_wconf 73' lang='lat' dir='ltr'><strong>suspiczms,</strong></span> <span class='ocrx_word' id='word_1_493' title='bbox 1956 5213 2054 5269; x_wconf 83' lang='lat' dir='ltr'><strong>per</strong></span> 
     </span>
    </p>
   </div>
   <div class='ocr_carea' id='block_1_71' title="bbox 486 5300 2053 5390">
    <p class='ocr_par' dir='ltr' id='par_1_71' title="bbox 486 5300 2053 5390">
     <span class='ocr_line' id='line_1_71' title="bbox 486 5300 2053 5390; baseline -0.02 -12"><span class='ocrx_word' id='word_1_494' title='bbox 486 5338 605 5379; x_wconf 79' lang='lat' dir='ltr'><strong>eam</strong></span> <span class='ocrx_word' id='word_1_495' title='bbox 642 5317 874 5390; x_wconf 55' lang='lat' dir='ltr'><strong>stuprati</strong></span> <span class='ocrx_word' id='word_1_496' title='bbox 922 5313 1283 5368; x_wconf 69' lang='lat' dir='ltr'><strong>desiderasset</strong></span> <span class='ocrx_word' id='word_1_497' title='bbox 1333 5326 1347 5361; x_wconf 90' lang='lat'><strong>:</strong></span> <span class='ocrx_word' id='word_1_498' title='bbox 1386 5305 1478 5361; x_wconf 70' lang='lat' dir='ltr'><strong>sed</strong></span> <span class='ocrx_word' id='word_1_499' title='bbox 1530 5300 1798 5373; x_wconf 82' lang='lat' dir='ltr'><strong>patefacto</strong></span> <span class='ocrx_word' id='word_1_500' title='bbox 1854 5308 2053 5349; x_wconf 73' lang='lat' dir='ltr'><strong>art-ano</strong></span> 
     </span>
    </p>
   </div>
   <div class='ocr_carea' id='block_1_72' title="bbox 490 5395 2053 5487">
    <p class='ocr_par' dir='ltr' id='par_1_72' title="bbox 490 5395 2053 5487">
     <span class='ocr_line' id='line_1_72' title="bbox 490 5395 2053 5487; baseline -0.022 -15"><span class='ocrx_word' id='word_1_501' title='bbox 490 5412 724 5487; x_wconf 70' lang='lat' dir='ltr'><strong>Eugoaia</strong></span> <span class='ocrx_word' id='word_1_502' title='bbox 769 5423 872 5463; x_wconf 81' lang='lat' dir='ltr'><strong>non</strong></span> <span class='ocrx_word' id='word_1_503' title='bbox 920 5406 1022 5469; x_wconf 88' lang='lat' dir='ltr'><strong>vir,</strong></span> <span class='ocrx_word' id='word_1_504' title='bbox 1070 5403 1164 5460; x_wconf 87' lang='lat' dir='ltr'><strong>sed</strong></span> <span class='ocrx_word' id='word_1_505' title='bbox 1210 5400 1404 5456; x_wconf 77' lang='lat' dir='ltr'><strong>leruina</strong></span> <span class='ocrx_word' id='word_1_506' title='bbox 1444 5411 1566 5451; x_wconf 87' lang='lat' dir='ltr'><strong>esse</strong></span> <span class='ocrx_word' id='word_1_507' title='bbox 1606 5397 1881 5460; x_wconf 86' lang='lat' dir='ltr'><strong>comperta</strong></span> <span class='ocrx_word' id='word_1_508' title='bbox 1926 5395 2053 5440; x_wconf 80' lang='lat' dir='ltr'><strong>est:</strong></span> 
     </span>
    </p>
   </div>
   <div class='ocr_carea' id='block_1_73' title="bbox 488 5481 2055 5573">
    <p class='ocr_par' dir='ltr' id='par_1_73' title="bbox 488 5481 2055 5573">
     <span class='ocr_line' id='line_1_73' title="bbox 488 5481 2055 5573; baseline -0.022 -10"><span class='ocrx_word' id='word_1_509' title='bbox 488 5516 671 5563; x_wconf 69' lang='lat' dir='ltr'><strong>rear-ui</strong></span> <span class='ocrx_word' id='word_1_510' title='bbox 693 5499 951 5573; x_wconf 84' lang='lat' dir='ltr'><strong>imperiali</strong></span> <span class='ocrx_word' id='word_1_511' title='bbox 968 5505 1252 5571; x_wconf 73' lang='lat' dir='ltr'><strong>pmeccpto,</strong></span> <span class='ocrx_word' id='word_1_512' title='bbox 1276 5508 1398 5547; x_wconf 85' lang='lat' dir='ltr'><strong>cum</strong></span> <span class='ocrx_word' id='word_1_513' title='bbox 1420 5486 1680 5545; x_wconf 86' lang='lat' dir='ltr'><strong>eunuchis</strong></span> <span class='ocrx_word' id='word_1_514' title='bbox 1695 5482 1807 5537; x_wconf 78' lang='lat' dir='ltr'><strong>suis</strong></span> <span class='ocrx_word' id='word_1_515' title='bbox 1830 5481 2055 5533; x_wconf 75' lang='lat' dir='ltr'><strong>Romam</strong></span> 
     </span>
    </p>
   </div>
   <div class='ocr_carea' id='block_1_74' title="bbox 490 5568 2057 5655">
    <p class='ocr_par' dir='ltr' id='par_1_74' title="bbox 490 5568 2057 5655">
     <span class='ocr_line' id='line_1_74' title="bbox 490 5568 2057 5655; baseline -0.022 0"><span class='ocrx_word' id='word_1_516' title='bbox 490 5600 645 5655; x_wconf 76' lang='lat' dir='ltr'><strong>rediit</strong></span> <span class='ocrx_word' id='word_1_517' title='bbox 682 5616 695 5650; x_wconf 88' lang='lat'><strong>:</strong></span> <span class='ocrx_word' id='word_1_518' title='bbox 744 5595 814 5649; x_wconf 67' lang='lat' dir='ltr'><strong>ibi</strong></span> <span class='ocrx_word' id='word_1_519' title='bbox 870 5591 1027 5647; x_wconf 76' lang='lat' dir='ltr'><strong>simul</strong></span> <span class='ocrx_word' id='word_1_520' title='bbox 1054 5602 1175 5644; x_wconf 85' lang='lat' dir='ltr'><strong>cum</strong></span> <span class='ocrx_word' id='word_1_521' title='bbox 1210 5584 1398 5638; x_wconf 76' lang='lat' dir='ltr'><strong>llasilla</strong></span> <span class='ocrx_word' id='word_1_522' title='bbox 1437 5580 1642 5649; x_wconf 81' lang='lat' dir='ltr'><strong>virgine</strong></span> <span class='ocrx_word' id='word_1_523' title='bbox 1680 5571 1917 5646; x_wconf 68' lang='lat' dir='ltr'><strong>prmdicti</strong></span> <span class='ocrx_word' id='word_1_524' title='bbox 1945 5568 2057 5621; x_wconf 81' lang='lat' dir='ltr'><strong>duo</strong></span> 
     </span>
    </p>
   </div>
   <div class='ocr_carea' id='block_1_75' title="bbox 488 5664 2051 5753">
    <p class='ocr_par' dir='ltr' id='par_1_75' title="bbox 488 5664 2051 5753">
     <span class='ocr_line' id='line_1_75' title="bbox 488 5664 2051 5753; baseline -0.02 -8"><span class='ocrx_word' id='word_1_525' title='bbox 488 5688 720 5747; x_wconf 83' lang='lat' dir='ltr'><strong>eunuchi</strong></span> <span class='ocrx_word' id='word_1_526' title='bbox 743 5685 891 5753; x_wconf 76' lang='lat' dir='ltr'><strong>jussu</strong></span> <span class='ocrx_word' id='word_1_527' title='bbox 921 5679 1142 5737; x_wconf 77' lang='lat' dir='ltr'><strong>Gallieni</strong></span> <span class='ocrx_word' id='word_1_528' title='bbox 1166 5673 1389 5744; x_wconf 76' lang='lat' dir='ltr'><strong>Augusti</strong></span> <span class='ocrx_word' id='word_1_529' title='bbox 1414 5669 1587 5743; x_wconf 71' lang='lat' dir='ltr'><strong>gladio</strong></span> <span class='ocrx_word' id='word_1_530' title='bbox 1616 5664 1881 5721; x_wconf 74' lang='lat' dir='ltr'><strong>interfecti</strong></span> <span class='ocrx_word' id='word_1_531' title='bbox 1908 5669 2051 5717; x_wconf 80' lang='lat' dir='ltr'><strong>sunt.</strong></span> 
     </span>
    </p>
   </div>
   <div class='ocr_carea' id='block_1_76' title="bbox 494 5752 2060 5848">
    <p class='ocr_par' dir='ltr' id='par_1_76' title="bbox 494 5752 2060 5848">
     <span class='ocr_line' id='line_1_76' title="bbox 494 5752 2060 5848; baseline -0.02 -13"><span class='ocrx_word' id='word_1_532' title='bbox 494 5782 655 5836; x_wconf 73' lang='lat' dir='ltr'><strong>licata</strong></span> <span class='ocrx_word' id='word_1_533' title='bbox 678 5794 802 5832; x_wconf 82' lang='lat' dir='ltr'><strong>vero</strong></span> <span class='ocrx_word' id='word_1_534' title='bbox 833 5772 1060 5848; x_wconf 69' lang='lat' dir='ltr'><strong>[ingenia</strong></span> <span class='ocrx_word' id='word_1_535' title='bbox 1092 5766 1452 5840; x_wconf 60' lang='grc' dir='ltr'><strong>ῖιῦἐειιῑυίῐιιιιι,</strong></span> <span class='ocrx_word' id='word_1_536' title='bbox 1485 5762 1587 5815; x_wconf 69' lang='lat' dir='ltr'><strong>huc</strong></span> <span class='ocrx_word' id='word_1_537' title='bbox 1604 5767 1686 5816; x_wconf 78' lang='lat' dir='ltr'><strong>est</strong></span> <span class='ocrx_word' id='word_1_538' title='bbox 1716 5759 1767 5810; x_wconf 83' lang='lat' dir='ltr'><strong>in</strong></span> <span class='ocrx_word' id='word_1_539' title='bbox 1793 5771 1885 5809; x_wconf 74' lang='lat' dir='ltr'><strong>vzu</strong></span> <span class='ocrx_word' id='word_1_540' title='bbox 1935 5752 2060 5820; x_wconf 46' lang='grc' dir='ltr'><strong>’,ζει</strong></span> 
     </span>
    </p>
   </div>
   <div class='ocr_carea' id='block_1_77' title="bbox 2131 1915 3719 1990">
    <p class='ocr_par' dir='ltr' id='par_1_77' title="bbox 2131 1915 3719 1990">
     <span class='ocr_line' id='line_1_77' title="bbox 2131 1915 3719 1990; baseline -0.004 -15"><span class='ocrx_word' id='word_1_541' title='bbox 2131 1918 2335 1976; x_wconf 85' lang='lat' dir='ltr'><strong>Lucina</strong></span> <span class='ocrx_word' id='word_1_542' title='bbox 2363 1932 2591 1990; x_wconf 86' lang='lat' dir='ltr'><strong>corpora</strong></span> <span class='ocrx_word' id='word_1_543' title='bbox 2630 1918 2997 1988; x_wconf 78' lang='lat' dir='ltr'><strong>apostolorum</strong></span> <span class='ocrx_word' id='word_1_544' title='bbox 3024 1917 3168 1973; x_wconf 89' lang='lat' dir='ltr'><strong>beati</strong></span> <span class='ocrx_word' id='word_1_545' title='bbox 3210 1915 3357 1973; x_wconf 78' lang='lat' dir='ltr'><strong>Petti</strong></span> <span class='ocrx_word' id='word_1_546' title='bbox 3388 1923 3446 1970; x_wconf 90' lang='lat' dir='ltr'><strong>et</strong></span> <span class='ocrx_word' id='word_1_547' title='bbox 3474 1915 3630 1970; x_wconf 81' lang='lat' dir='ltr'><strong>Pauli</strong></span> <span class='ocrx_word' id='word_1_548' title='bbox 3653 1916 3719 1968; x_wconf 74' lang='lat' dir='ltr'><strong>de</strong></span> 
     </span>
    </p>
   </div>
   <div class='ocr_carea' id='block_1_78' title="bbox 2131 2004 3722 2076">
    <p class='ocr_par' dir='ltr' id='par_1_78' title="bbox 2131 2004 3722 2076">
     <span class='ocr_line' id='line_1_78' title="bbox 2131 2004 3722 2076; baseline -0.006 -11"><span class='ocrx_word' id='word_1_549' title='bbox 2131 2009 2482 2066; x_wconf 86' lang='lat' dir='ltr'><strong>catacumbas</strong></span> <span class='ocrx_word' id='word_1_550' title='bbox 2511 2006 2715 2062; x_wconf 88' lang='lat' dir='ltr'><strong>levavit</strong></span> <span class='ocrx_word' id='word_1_551' title='bbox 2756 2015 2918 2061; x_wconf 85' lang='lat' dir='ltr'><strong>noctu</strong></span> <span class='ocrx_word' id='word_1_552' title='bbox 2956 2024 2969 2060; x_wconf 88' lang='lat'><strong>:</strong></span> <span class='ocrx_word' id='word_1_553' title='bbox 3002 2005 3233 2076; x_wconf 86' lang='lat' dir='ltr'><strong>primum</strong></span> <span class='ocrx_word' id='word_1_554' title='bbox 3272 2004 3495 2075; x_wconf 85' lang='lat' dir='ltr'><strong>quidem</strong></span> <span class='ocrx_word' id='word_1_555' title='bbox 3522 2017 3722 2072; x_wconf 79' lang='lat' dir='ltr'><strong>corpus</strong></span> 
     </span>
    </p>
   </div>
   <div class='ocr_carea' id='block_1_79' title="bbox 2131 2076 3721 2167">
    <p class='ocr_par' dir='ltr' id='par_1_79' title="bbox 2131 2076 3721 2167">
     <span class='ocr_line' id='line_1_79' title="bbox 2131 2076 3721 2167; baseline -0.006 -11"><span class='ocrx_word' id='word_1_556' title='bbox 2131 2099 2276 2156; x_wconf 85' lang='lat' dir='ltr'><strong>beati</strong></span> <span class='ocrx_word' id='word_1_557' title='bbox 2300 2098 2455 2156; x_wconf 84' lang='lat' dir='ltr'><strong>Pauli</strong></span> <span class='ocrx_word' id='word_1_558' title='bbox 2478 2099 2635 2154; x_wconf 87' lang='lat' dir='ltr'><strong>beata</strong></span> <span class='ocrx_word' id='word_1_559' title='bbox 2660 2097 2865 2153; x_wconf 88' lang='lat' dir='ltr'><strong>Lucina</strong></span> <span class='ocrx_word' id='word_1_560' title='bbox 2915 2098 3126 2167; x_wconf 84' lang='lat' dir='ltr'><strong>accepit</strong></span> <span class='ocrx_word' id='word_1_561' title='bbox 3147 2103 3203 2151; x_wconf 89' lang='lat' dir='ltr'><strong>et</strong></span> <span class='ocrx_word' id='word_1_562' title='bbox 3225 2095 3406 2167; x_wconf 84' lang='lat' dir='ltr'><strong>posuit</strong></span> <span class='ocrx_word' id='word_1_563' title='bbox 3432 2096 3486 2149; x_wconf 90' lang='lat' dir='ltr'><strong>in</strong></span> <span class='ocrx_word' id='word_1_564' title='bbox 3516 2076 3721 2165; x_wconf 55' lang='lat' dir='ltr'><strong>phedro</strong></span> 
     </span>
    </p>
   </div>
   <div class='ocr_carea' id='block_1_80' title="bbox 2133 2185 3723 2253">
    <p class='ocr_par' dir='ltr' id='par_1_80' title="bbox 2133 2185 3723 2253">
     <span class='ocr_line' id='line_1_80' title="bbox 2133 2185 3723 2253; baseline -0.006 -4"><span class='ocrx_word' id='word_1_565' title='bbox 2133 2207 2235 2249; x_wconf 85' lang='lat' dir='ltr'><strong>suo</strong></span> <span class='ocrx_word' id='word_1_566' title='bbox 2260 2190 2349 2247; x_wconf 85' lang='lat' dir='ltr'><strong>via</strong></span> <span class='ocrx_word' id='word_1_567' title='bbox 2381 2189 2618 2248; x_wconf 86' lang='lat' dir='ltr'><strong>Ostiensi</strong></span> <span class='ocrx_word' id='word_1_568' title='bbox 2644 2187 2711 2244; x_wconf 90' lang='lat' dir='ltr'><strong>ad</strong></span> <span class='ocrx_word' id='word_1_569' title='bbox 2742 2188 2903 2253; x_wconf 89' lang='lat' dir='ltr'><strong>latus,</strong></span> <span class='ocrx_word' id='word_1_570' title='bbox 2936 2189 3028 2243; x_wconf 90' lang='lat' dir='ltr'><strong>ubi</strong></span> <span class='ocrx_word' id='word_1_571' title='bbox 3070 2188 3366 2242; x_wconf 86' lang='lat' dir='ltr'><strong>decollatus</strong></span> <span class='ocrx_word' id='word_1_572' title='bbox 3394 2185 3499 2241; x_wconf 82' lang='lat' dir='ltr'><strong>fuit</strong></span> <span class='ocrx_word' id='word_1_573' title='bbox 3529 2204 3542 2240; x_wconf 91' lang='lat'><strong>:</strong></span> <span class='ocrx_word' id='word_1_574' title='bbox 3579 2186 3723 2241; x_wconf 83' lang='lat' dir='ltr'><strong>beati</strong></span> 
     </span>
    </p>
   </div>
   <div class='ocr_carea' id='block_1_81' title="bbox 2127 2278 3723 2354">
    <p class='ocr_par' dir='ltr' id='par_1_81' title="bbox 2127 2278 3723 2354">
     <span class='ocr_line' id='line_1_81' title="bbox 2127 2278 3723 2354; baseline -0.006 -13"><span class='ocrx_word' id='word_1_575' title='bbox 2127 2294 2267 2341; x_wconf 74' lang='lat' dir='ltr'><strong>‘ero</strong></span> <span class='ocrx_word' id='word_1_576' title='bbox 2277 2282 2427 2339; x_wconf 89' lang='lat' dir='ltr'><strong>Petri</strong></span> <span class='ocrx_word' id='word_1_577' title='bbox 2446 2296 2646 2354; x_wconf 87' lang='lat' dir='ltr'><strong>corpus</strong></span> <span class='ocrx_word' id='word_1_578' title='bbox 2672 2280 2864 2336; x_wconf 87' lang='lat' dir='ltr'><strong>beatus</strong></span> <span class='ocrx_word' id='word_1_579' title='bbox 2884 2279 3167 2336; x_wconf 88' lang='lat' dir='ltr'><strong>Cornelius</strong></span> <span class='ocrx_word' id='word_1_580' title='bbox 3182 2278 3392 2350; x_wconf 82' lang='lat' dir='ltr'><strong>accepit</strong></span> <span class='ocrx_word' id='word_1_581' title='bbox 3410 2278 3723 2348; x_wconf 88' lang='lat' dir='ltr'><strong>episcopus,</strong></span> 
     </span>
    </p>
   </div>
   <div class='ocr_carea' id='block_1_82' title="bbox 2133 2368 3729 2446">
    <p class='ocr_par' dir='ltr' id='par_1_82' title="bbox 2133 2368 3729 2446">
     <span class='ocr_line' id='line_1_82' title="bbox 2133 2368 3729 2446; baseline -0.007 -15"><span class='ocrx_word' id='word_1_582' title='bbox 2133 2386 2191 2431; x_wconf 86' lang='lat' dir='ltr'><strong>et</strong></span> <span class='ocrx_word' id='word_1_583' title='bbox 2212 2372 2397 2446; x_wconf 87' lang='lat' dir='ltr'><strong>posuit</strong></span> <span class='ocrx_word' id='word_1_584' title='bbox 2430 2369 2587 2441; x_wconf 76' lang='lat' dir='ltr'><strong>juxta</strong></span> <span class='ocrx_word' id='word_1_585' title='bbox 2617 2370 2794 2426; x_wconf 91' lang='lat' dir='ltr'><strong>locum</strong></span> <span class='ocrx_word' id='word_1_586' title='bbox 2826 2370 2915 2425; x_wconf 91' lang='lat' dir='ltr'><strong>ubi</strong></span> <span class='ocrx_word' id='word_1_587' title='bbox 2946 2369 3235 2425; x_wconf 73' lang='lat' dir='ltr'><strong>cruciﬁxus</strong></span> <span class='ocrx_word' id='word_1_588' title='bbox 3273 2377 3391 2433; x_wconf 87' lang='lat' dir='ltr'><strong>est,</strong></span> <span class='ocrx_word' id='word_1_589' title='bbox 3433 2368 3583 2422; x_wconf 90' lang='lat' dir='ltr'><strong>inter</strong></span> <span class='ocrx_word' id='word_1_590' title='bbox 3607 2382 3729 2422; x_wconf 87' lang='lat' dir='ltr'><strong>eor-</strong></span> 
     </span>
    </p>
   </div>
   <div class='ocr_carea' id='block_1_83' title="bbox 2139 2459 3726 2536">
    <p class='ocr_par' dir='ltr' id='par_1_83' title="bbox 2139 2459 3726 2536">
     <span class='ocr_line' id='line_1_83' title="bbox 2139 2459 3726 2536; baseline -0.004 -16"><span class='ocrx_word' id='word_1_591' title='bbox 2139 2478 2273 2536; x_wconf 88' lang='lat' dir='ltr'><strong>pora</strong></span> <span class='ocrx_word' id='word_1_592' title='bbox 2307 2471 2618 2520; x_wconf 88' lang='lat' dir='ltr'><strong>sanctorum</strong></span> <span class='ocrx_word' id='word_1_593' title='bbox 2646 2461 2697 2515; x_wconf 92' lang='lat' dir='ltr'><strong>in</strong></span> <span class='ocrx_word' id='word_1_594' title='bbox 2726 2461 2924 2532; x_wconf 90' lang='lat' dir='ltr'><strong>templo</strong></span> <span class='ocrx_word' id='word_1_595' title='bbox 2947 2459 3208 2531; x_wconf 82' lang='lat' dir='ltr'><strong>Apollinis</strong></span> <span class='ocrx_word' id='word_1_596' title='bbox 3235 2459 3289 2514; x_wconf 91' lang='lat' dir='ltr'><strong>in</strong></span> <span class='ocrx_word' id='word_1_597' title='bbox 3314 2469 3500 2514; x_wconf 88' lang='lat' dir='ltr'><strong>monte</strong></span> <span class='ocrx_word' id='word_1_598' title='bbox 3522 2460 3726 2513; x_wconf 82' lang='lat' dir='ltr'><strong>Aurea.</strong></span> 
     </span>
    </p>
   </div>
   <div class='ocr_carea' id='block_1_84' title="bbox 2134 2548 3728 2625">
    <p class='ocr_par' dir='ltr' id='par_1_84' title="bbox 2134 2548 3728 2625">
     <span class='ocr_line' id='line_1_84' title="bbox 2134 2548 3728 2625; baseline -0.006 -12"><span class='ocrx_word' id='word_1_599' title='bbox 2134 2556 2192 2613; x_wconf 90' lang='lat' dir='ltr'><strong>In</strong></span> <span class='ocrx_word' id='word_1_600' title='bbox 2221 2555 2482 2614; x_wconf 79' lang='lat' dir='ltr'><strong>Vaticano</strong></span> <span class='ocrx_word' id='word_1_601' title='bbox 2512 2552 2698 2625; x_wconf 85' lang='lat' dir='ltr'><strong>palatii</strong></span> <span class='ocrx_word' id='word_1_602' title='bbox 2728 2551 3019 2608; x_wconf 83' lang='lat' dir='ltr'><strong>Neroniani</strong></span> <span class='ocrx_word' id='word_1_603' title='bbox 3041 2593 3056 2615; x_wconf 84' lang='lat'><strong>,</strong></span> <span class='ocrx_word' id='word_1_604' title='bbox 3101 2568 3159 2606; x_wconf 87' lang='lat' dir='ltr'><strong>tu</strong></span> <span class='ocrx_word' id='word_1_605' title='bbox 3184 2550 3303 2606; x_wconf 80' lang='lat' dir='ltr'><strong>Kal.</strong></span> <span class='ocrx_word' id='word_1_606' title='bbox 3330 2550 3481 2606; x_wconf 80' lang='lat' dir='ltr'><strong>Julii.</strong></span> <span class='ocrx_word' id='word_1_607' title='bbox 3521 2548 3728 2606; x_wconf 82' lang='lat' dir='ltr'><strong>Eodem</strong></span> 
     </span>
    </p>
   </div>
   <div class='ocr_carea' id='block_1_85' title="bbox 2139 2637 3732 2712">
    <p class='ocr_par' dir='ltr' id='par_1_85' title="bbox 2139 2637 3732 2712">
     <span class='ocr_line' id='line_1_85' title="bbox 2139 2637 3732 2712; baseline -0.003 -15"><span class='ocrx_word' id='word_1_608' title='bbox 2139 2641 2229 2698; x_wconf 89' lang='lat' dir='ltr'><strong>die</strong></span> <span class='ocrx_word' id='word_1_609' title='bbox 2245 2638 2429 2696; x_wconf 81' lang='lat' dir='ltr'><strong>natale</strong></span> <span class='ocrx_word' id='word_1_610' title='bbox 2455 2639 2627 2694; x_wconf 88' lang='lat' dir='ltr'><strong>sancti</strong></span> <span class='ocrx_word' id='word_1_611' title='bbox 2648 2637 2902 2712; x_wconf 82' lang='lat' dir='ltr'><strong>Cypriani</strong></span> <span class='ocrx_word' id='word_1_612' title='bbox 2918 2638 3173 2710; x_wconf 87' lang='lat' dir='ltr'><strong>episcopi,</strong></span> <span class='ocrx_word' id='word_1_613' title='bbox 3199 2639 3289 2708; x_wconf 88' lang='lat' dir='ltr'><strong>qui</strong></span> <span class='ocrx_word' id='word_1_614' title='bbox 3314 2638 3417 2693; x_wconf 88' lang='lat' dir='ltr'><strong>sub</strong></span> <span class='ocrx_word' id='word_1_615' title='bbox 3439 2637 3732 2693; x_wconf 77' lang='lat' dir='ltr'><strong>Valeriano</strong></span> 
     </span>
    </p>
   </div>
   <div class='ocr_carea' id='block_1_86' title="bbox 2135 2727 3730 2805">
    <p class='ocr_par' dir='ltr' id='par_1_86' title="bbox 2135 2727 3730 2805">
     <span class='ocr_line' id='line_1_86' title="bbox 2135 2727 3730 2805; baseline -0.004 -15"><span class='ocrx_word' id='word_1_616' title='bbox 2135 2731 2385 2805; x_wconf 83' lang='lat' dir='ltr'><strong>principe</strong></span> <span class='ocrx_word' id='word_1_617' title='bbox 2406 2739 2531 2802; x_wconf 82' lang='lat' dir='ltr'><strong>post</strong></span> <span class='ocrx_word' id='word_1_618' title='bbox 2558 2728 2775 2800; x_wconf 79' lang='lat' dir='ltr'><strong>longum</strong></span> <span class='ocrx_word' id='word_1_619' title='bbox 2806 2729 3053 2786; x_wconf 76' lang='lat' dir='ltr'><strong>exsilium</strong></span> <span class='ocrx_word' id='word_1_620' title='bbox 3088 2731 3506 2784; x_wconf 88' lang='lat' dir='ltr'><strong>detruncatione</strong></span> <span class='ocrx_word' id='word_1_621' title='bbox 3532 2727 3730 2797; x_wconf 82' lang='lat' dir='ltr'><strong>capitis</strong></span> 
     </span>
    </p>
   </div>
   <div class='ocr_carea' id='block_1_87' title="bbox 2136 2816 3731 2900">
    <p class='ocr_par' dir='ltr' id='par_1_87' title="bbox 2136 2816 3731 2900">
     <span class='ocr_line' id='line_1_87' title="bbox 2136 2816 3731 2900; baseline -0.004 -23"><span class='ocrx_word' id='word_1_622' title='bbox 2136 2822 2463 2894; x_wconf 81' lang='lat' dir='ltr'><strong>martyrium</strong></span> <span class='ocrx_word' id='word_1_623' title='bbox 2492 2820 2923 2885; x_wconf 89' lang='lat' dir='ltr'><strong>consummavit,</strong></span> <span class='ocrx_word' id='word_1_624' title='bbox 2957 2830 3113 2874; x_wconf 77' lang='lat' dir='ltr'><strong>sexto</strong></span> <span class='ocrx_word' id='word_1_625' title='bbox 3140 2818 3395 2900; x_wconf 73' lang='lat' dir='ltr'><strong>milliaria</strong></span> <span class='ocrx_word' id='word_1_626' title='bbox 3424 2834 3454 2871; x_wconf 85' lang='lat' dir='ltr'><strong>a</strong></span> <span class='ocrx_word' id='word_1_627' title='bbox 3497 2816 3731 2872; x_wconf 86' lang='lat' dir='ltr'><strong>Cartha-</strong></span> 
     </span>
    </p>
   </div>
   <div class='ocr_carea' id='block_1_88' title="bbox 2082 2906 3733 3004">
    <p class='ocr_par' dir='ltr' id='par_1_88' title="bbox 2082 2906 3733 3004">
     <span class='ocr_line' id='line_1_88' title="bbox 2082 2906 3733 3004; baseline -0.004 -36"><span class='ocrx_word' id='word_1_628' title='bbox 2082 2967 2111 3004; x_wconf 31' lang='grc' dir='ltr'>ιζ</span> <span class='ocrx_word' id='word_1_629' title='bbox 2136 2910 2262 3004; x_wconf 67' lang='lat' dir='ltr'><strong>sine</strong></span> <span class='ocrx_word' id='word_1_630' title='bbox 2279 2907 2436 2980; x_wconf 83' lang='lat' dir='ltr'><strong>juxta</strong></span> <span class='ocrx_word' id='word_1_631' title='bbox 2468 2924 2639 2964; x_wconf 86' lang='lat' dir='ltr'><strong>mare.</strong></span> <span class='ocrx_word' id='word_1_632' title='bbox 2668 2908 2736 2963; x_wconf 83' lang='lat' dir='ltr'><strong>Et</strong></span> <span class='ocrx_word' id='word_1_633' title='bbox 2763 2908 3026 2979; x_wconf 82' lang='lat' dir='ltr'><strong>depositio</strong></span> <span class='ocrx_word' id='word_1_634' title='bbox 3058 2907 3228 2962; x_wconf 89' lang='lat' dir='ltr'><strong>sancti</strong></span> <span class='ocrx_word' id='word_1_635' title='bbox 3259 2906 3490 2961; x_wconf 69' lang='lat' dir='ltr'><strong>Materni</strong></span> <span class='ocrx_word' id='word_1_636' title='bbox 3519 2906 3733 2976; x_wconf 88' lang='lat' dir='ltr'><strong>episco-</strong></span> 
     </span>
    </p>
   </div>
   <div class='ocr_carea' id='block_1_89' title="bbox 2108 2996 3421 3072">
    <p class='ocr_par' dir='ltr' id='par_1_89' title="bbox 2108 2996 3421 3072">
     <span class='ocr_line' id='line_1_89' title="bbox 2108 2996 3421 3072; baseline -0.007 -14"><span class='ocrx_word' id='word_1_637' title='bbox 2108 2996 2221 3072; x_wconf 59' lang='grc' dir='ltr'><strong>ἶφι.</strong></span> <span class='ocrx_word' id='word_1_638' title='bbox 2251 2999 2456 3057; x_wconf 86' lang='lat' dir='ltr'><strong>Eodem</strong></span> <span class='ocrx_word' id='word_1_639' title='bbox 2483 2998 2572 3056; x_wconf 89' lang='lat' dir='ltr'><strong>die</strong></span> <span class='ocrx_word' id='word_1_640' title='bbox 2600 2999 2855 3055; x_wconf 81' lang='lat' dir='ltr'><strong>exaltatio</strong></span> <span class='ocrx_word' id='word_1_641' title='bbox 2880 3008 2965 3054; x_wconf 91' lang='lat' dir='ltr'><strong>est</strong></span> <span class='ocrx_word' id='word_1_642' title='bbox 2991 3004 3192 3053; x_wconf 72' lang='lat' dir='ltr'><strong>sancite</strong></span> <span class='ocrx_word' id='word_1_643' title='bbox 3221 2996 3421 3052; x_wconf 84' lang='lat' dir='ltr'><strong>crucis.</strong></span> 
     </span>
    </p>
   </div>
   <div class='ocr_carea' id='block_1_90' title="bbox 2206 3083 3737 3163">
    <p class='ocr_par' dir='ltr' id='par_1_90' title="bbox 2206 3083 3737 3163">
     <span class='ocr_line' id='line_1_90' title="bbox 2206 3083 3737 3163; baseline -0.006 -16"><span class='ocrx_word' id='word_1_644' title='bbox 2206 3089 2345 3147; x_wconf 76' lang='lat' dir='ltr'><strong>XVII</strong></span> <span class='ocrx_word' id='word_1_645' title='bbox 2370 3089 2507 3146; x_wconf 75' lang='grc' dir='ltr'><strong>ΚΑι..</strong></span> <span class='ocrx_word' id='word_1_646' title='bbox 2528 3088 2716 3163; x_wconf 81' lang='lat' dir='ltr'><strong>Passio</strong></span> <span class='ocrx_word' id='word_1_647' title='bbox 2745 3088 3053 3144; x_wconf 80' lang='lat' dir='ltr'><strong>Nicomedis</strong></span> <span class='ocrx_word' id='word_1_648' title='bbox 3090 3085 3348 3157; x_wconf 80' lang='lat' dir='ltr'><strong>martyris</strong></span> <span class='ocrx_word' id='word_1_649' title='bbox 3372 3102 3387 3141; x_wconf 90' lang='lat'><strong>:</strong></span> <span class='ocrx_word' id='word_1_650' title='bbox 3412 3084 3606 3140; x_wconf 84' lang='lat' dir='ltr'><strong>eodem</strong></span> <span class='ocrx_word' id='word_1_651' title='bbox 3642 3083 3737 3138; x_wconf 80' lang='lat' dir='ltr'><strong>die</strong></span> 
     </span>
    </p>
   </div>
   <div class='ocr_carea' id='block_1_91' title="bbox 2061 3162 3730 3251">
    <p class='ocr_par' dir='ltr' id='par_1_91' title="bbox 2061 3162 3730 3251">
     <span class='ocr_line' id='line_1_91' title="bbox 2061 3162 3730 3251; baseline -0.007 -15"><span class='ocrx_word' id='word_1_652' title='bbox 2061 3162 2107 3224; x_wconf 61' lang='grc' dir='ltr'><strong>ί)</strong></span> <span class='ocrx_word' id='word_1_653' title='bbox 2139 3180 2315 3237; x_wconf 84' lang='lat' dir='ltr'><strong>natale</strong></span> <span class='ocrx_word' id='word_1_654' title='bbox 2343 3178 2517 3235; x_wconf 88' lang='lat' dir='ltr'><strong>sancti</strong></span> <span class='ocrx_word' id='word_1_655' title='bbox 2544 3162 2674 3251; x_wconf 83' lang='lat' dir='ltr'><strong>Apri</strong></span> <span class='ocrx_word' id='word_1_656' title='bbox 2715 3178 2973 3249; x_wconf 87' lang='lat' dir='ltr'><strong>episcopi,</strong></span> <span class='ocrx_word' id='word_1_657' title='bbox 3015 3185 3073 3233; x_wconf 91' lang='lat' dir='ltr'><strong>et</strong></span> <span class='ocrx_word' id='word_1_658' title='bbox 3111 3175 3329 3231; x_wconf 85' lang='lat' dir='ltr'><strong>Leobini</strong></span> <span class='ocrx_word' id='word_1_659' title='bbox 3367 3172 3730 3229; x_wconf 75' lang='lat' dir='ltr'><strong>confessoris.</strong></span> 
     </span>
    </p>
   </div>
   <div class='ocr_carea' id='block_1_92' title="bbox 2140 3263 3738 3338">
    <p class='ocr_par' dir='ltr' id='par_1_92' title="bbox 2140 3263 3738 3338">
     <span class='ocr_line' id='line_1_92' title="bbox 2140 3263 3738 3338; baseline -0.008 -10"><span class='ocrx_word' id='word_1_660' title='bbox 2140 3272 2198 3328; x_wconf 91' lang='lat' dir='ltr'><strong>In</strong></span> <span class='ocrx_word' id='word_1_661' title='bbox 2224 3269 2547 3327; x_wconf 75' lang='lat' dir='ltr'><strong>Alexandria</strong></span> <span class='ocrx_word' id='word_1_662' title='bbox 2581 3269 2762 3325; x_wconf 88' lang='lat' dir='ltr'><strong>natale</strong></span> <span class='ocrx_word' id='word_1_663' title='bbox 2803 3269 2976 3324; x_wconf 81' lang='lat' dir='ltr'><strong>sancti</strong></span> <span class='ocrx_word' id='word_1_664' title='bbox 3020 3266 3350 3338; x_wconf 85' lang='lat' dir='ltr'><strong>Serapionis,</strong></span> <span class='ocrx_word' id='word_1_665' title='bbox 3384 3263 3638 3320; x_wconf 84' lang='lat' dir='ltr'><strong>Leontii:</strong></span> <span class='ocrx_word' id='word_1_666' title='bbox 3673 3268 3738 3316; x_wconf 85' lang='lat' dir='ltr'><strong>ct</strong></span> 
     </span>
    </p>
   </div>
   <div class='ocr_carea' id='block_1_93' title="bbox 2138 3351 3739 3435">
    <p class='ocr_par' dir='ltr' id='par_1_93' title="bbox 2138 3351 3739 3435">
     <span class='ocr_line' id='line_1_93' title="bbox 2138 3351 3739 3435; baseline -0.009 -15"><span class='ocrx_word' id='word_1_667' title='bbox 2138 3364 2350 3435; x_wconf 84' lang='lat' dir='ltr'><strong>Ancyra</strong></span> <span class='ocrx_word' id='word_1_668' title='bbox 2379 3360 2605 3417; x_wconf 64' lang='lat' dir='ltr'><strong>Galatia:</strong></span> <span class='ocrx_word' id='word_1_669' title='bbox 2629 3360 2806 3416; x_wconf 87' lang='lat' dir='ltr'><strong>natale</strong></span> <span class='ocrx_word' id='word_1_670' title='bbox 2832 3360 3004 3415; x_wconf 88' lang='lat' dir='ltr'><strong>sancti</strong></span> <span class='ocrx_word' id='word_1_671' title='bbox 3036 3358 3268 3421; x_wconf 85' lang='lat' dir='ltr'><strong>Seleuci,</strong></span> <span class='ocrx_word' id='word_1_672' title='bbox 3299 3354 3504 3412; x_wconf 74' lang='lat' dir='ltr'><strong>Valerii</strong></span> <span class='ocrx_word' id='word_1_673' title='bbox 3536 3364 3591 3410; x_wconf 88' lang='lat' dir='ltr'><strong>et</strong></span> <span class='ocrx_word' id='word_1_674' title='bbox 3625 3351 3739 3422; x_wconf 79' lang='lat' dir='ltr'><strong>Cy-</strong></span> 
     </span>
    </p>
   </div>
   <div class='ocr_carea' id='block_1_94' title="bbox 2140 3440 3739 3511">
    <p class='ocr_par' dir='ltr' id='par_1_94' title="bbox 2140 3440 3739 3511">
     <span class='ocr_line' id='line_1_94' title="bbox 2140 3440 3739 3511; baseline -0.009 -2"><span class='ocrx_word' id='word_1_675' title='bbox 2140 3454 2311 3510; x_wconf 89' lang='lat' dir='ltr'><strong>rionis</strong></span> <span class='ocrx_word' id='word_1_676' title='bbox 2332 3470 2345 3483; x_wconf 73' lang='lat'><strong>-</strong></span> <span class='ocrx_word' id='word_1_677' title='bbox 2374 3462 2430 3508; x_wconf 90' lang='lat' dir='ltr'><strong>et</strong></span> <span class='ocrx_word' id='word_1_678' title='bbox 2455 3450 2509 3507; x_wconf 90' lang='lat' dir='ltr'><strong>in</strong></span> <span class='ocrx_word' id='word_1_679' title='bbox 2546 3450 2731 3507; x_wconf 86' lang='lat' dir='ltr'><strong>&#39;l&#39;omis</strong></span> <span class='ocrx_word' id='word_1_680' title='bbox 2760 3448 3029 3506; x_wconf 86' lang='lat' dir='ltr'><strong>Stratonis</strong></span> <span class='ocrx_word' id='word_1_681' title='bbox 3054 3456 3107 3504; x_wconf 88' lang='lat' dir='ltr'><strong>et</strong></span> <span class='ocrx_word' id='word_1_682' title='bbox 3133 3446 3422 3511; x_wconf 74' lang='lat' dir='ltr'><strong>Macrobii;</strong></span> <span class='ocrx_word' id='word_1_683' title='bbox 3450 3452 3501 3500; x_wconf 86' lang='lat' dir='ltr'><strong>et</strong></span> <span class='ocrx_word' id='word_1_684' title='bbox 3532 3442 3586 3498; x_wconf 91' lang='lat' dir='ltr'><strong>in</strong></span> <span class='ocrx_word' id='word_1_685' title='bbox 3622 3440 3739 3497; x_wconf 78' lang='lat' dir='ltr'><strong>Nu—</strong></span> 
     </span>
    </p>
   </div>
   <div class='ocr_carea' id='block_1_95' title="bbox 2140 3532 3739 3615">
    <p class='ocr_par' dir='ltr' id='par_1_95' title="bbox 2140 3532 3739 3615">
     <span class='ocr_line' id='line_1_95' title="bbox 2140 3532 3739 3615; baseline -0.009 -14"><span class='ocrx_word' id='word_1_686' title='bbox 2140 3544 2284 3601; x_wconf 87' lang='lat' dir='ltr'><strong>ceria</strong></span> <span class='ocrx_word' id='word_1_687' title='bbox 2311 3544 2364 3600; x_wconf 91' lang='lat' dir='ltr'><strong>in</strong></span> <span class='ocrx_word' id='word_1_688' title='bbox 2388 3540 2682 3615; x_wconf 84' lang='lat' dir='ltr'><strong>Campania</strong></span> <span class='ocrx_word' id='word_1_689' title='bbox 2721 3538 2902 3595; x_wconf 85' lang='lat' dir='ltr'><strong>natale</strong></span> <span class='ocrx_word' id='word_1_690' title='bbox 2929 3538 3260 3602; x_wconf 81' lang='lat' dir='ltr'><strong>Constantis,</strong></span> <span class='ocrx_word' id='word_1_691' title='bbox 3288 3544 3344 3590; x_wconf 89' lang='lat' dir='ltr'><strong>et</strong></span> <span class='ocrx_word' id='word_1_692' title='bbox 3387 3535 3444 3591; x_wconf 90' lang='lat' dir='ltr'><strong>in</strong></span> <span class='ocrx_word' id='word_1_693' title='bbox 3487 3532 3739 3604; x_wconf 81' lang='lat' dir='ltr'><strong>Anquira</strong></span> 
     </span>
    </p>
   </div>
   <div class='ocr_carea' id='block_1_96' title="bbox 2144 3623 3734 3709">
    <p class='ocr_par' dir='ltr' id='par_1_96' title="bbox 2144 3623 3734 3709">
     <span class='ocr_line' id='line_1_96' title="bbox 2144 3623 3734 3709; baseline -0.005 -21"><span class='ocrx_word' id='word_1_694' title='bbox 2144 3630 2403 3709; x_wconf 74' lang='lat' dir='ltr'><strong>[Ancyra]</strong></span> <span class='ocrx_word' id='word_1_695' title='bbox 2431 3631 2613 3691; x_wconf 69' lang='lat' dir='ltr'><strong>natale</strong></span> <span class='ocrx_word' id='word_1_696' title='bbox 2658 3629 2813 3690; x_wconf 72' lang='lat' dir='ltr'><strong>Pauli</strong></span> <span class='ocrx_word' id='word_1_697' title='bbox 2846 3629 3119 3703; x_wconf 82' lang='lat' dir='ltr'><strong>episcopi;</strong></span> <span class='ocrx_word' id='word_1_698' title='bbox 3147 3639 3204 3687; x_wconf 86' lang='lat' dir='ltr'><strong>et</strong></span> <span class='ocrx_word' id='word_1_699' title='bbox 3231 3631 3284 3685; x_wconf 88' lang='lat' dir='ltr'><strong>in</strong></span> <span class='ocrx_word' id='word_1_700' title='bbox 3317 3627 3594 3684; x_wconf 86' lang='lat' dir='ltr'><strong>territorio</strong></span> <span class='ocrx_word' id='word_1_701' title='bbox 3621 3623 3734 3681; x_wconf 82' lang='lat' dir='ltr'><strong>Ca-</strong></span> 
     </span>
    </p>
   </div>
   <div class='ocr_carea' id='block_1_97' title="bbox 2142 3715 3736 3793">
    <p class='ocr_par' dir='ltr' id='par_1_97' title="bbox 2142 3715 3736 3793">
     <span class='ocr_line' id='line_1_97' title="bbox 2142 3715 3736 3793; baseline -0.009 -9"><span class='ocrx_word' id='word_1_702' title='bbox 2142 3729 2452 3793; x_wconf 86' lang='lat' dir='ltr'><strong>hilonense,</strong></span> <span class='ocrx_word' id='word_1_703' title='bbox 2508 3734 2689 3782; x_wconf 87' lang='lat' dir='ltr'><strong>castro</strong></span> <span class='ocrx_word' id='word_1_704' title='bbox 2731 3723 2952 3789; x_wconf 84' lang='lat' dir='ltr'><strong>Nortio,</strong></span> <span class='ocrx_word' id='word_1_705' title='bbox 3003 3723 3183 3779; x_wconf 87' lang='lat' dir='ltr'><strong>natale</strong></span> <span class='ocrx_word' id='word_1_706' title='bbox 3225 3720 3399 3775; x_wconf 88' lang='lat' dir='ltr'><strong>sancti</strong></span> <span class='ocrx_word' id='word_1_707' title='bbox 3456 3715 3736 3774; x_wconf 81' lang='lat' dir='ltr'><strong>Valeriani</strong></span> 
     </span>
    </p>
   </div>
   <div class='ocr_carea' id='block_1_98' title="bbox 2142 3806 3733 3892">
    <p class='ocr_par' dir='ltr' id='par_1_98' title="bbox 2142 3806 3733 3892">
     <span class='ocr_line' id='line_1_98' title="bbox 2142 3806 3733 3892; baseline -0.01 -17"><span class='ocrx_word' id='word_1_708' title='bbox 2142 3818 2419 3892; x_wconf 80' lang='lat' dir='ltr'><strong>martyris.</strong></span> <span class='ocrx_word' id='word_1_709' title='bbox 2448 3815 2707 3888; x_wconf 81' lang='lat' dir='ltr'><strong>Lugdune</strong></span> <span class='ocrx_word' id='word_1_710' title='bbox 2729 3814 2913 3871; x_wconf 65' lang='lat' dir='ltr'><strong>Galliae</strong></span> <span class='ocrx_word' id='word_1_711' title='bbox 2937 3813 3202 3884; x_wconf 89' lang='lat' dir='ltr'><strong>depositio</strong></span> <span class='ocrx_word' id='word_1_712' title='bbox 3236 3810 3417 3865; x_wconf 88' lang='lat' dir='ltr'><strong>Albini</strong></span> <span class='ocrx_word' id='word_1_713' title='bbox 3462 3806 3733 3879; x_wconf 84' lang='lat' dir='ltr'><strong>episcopi.</strong></span> 
     </span>
    </p>
   </div>
   <div class='ocr_carea' id='block_1_99' title="bbox 2212 3920 3738 3995">
    <p class='ocr_par' dir='ltr' id='par_1_99' title="bbox 2212 3920 3738 3995">
     <span class='ocr_line' id='line_1_99' title="bbox 2212 3920 3738 3995; baseline -0.01 -8"><span class='ocrx_word' id='word_1_714' title='bbox 2212 3928 2330 3987; x_wconf 70' lang='lat' dir='ltr'><strong>XVI</strong></span> <span class='ocrx_word' id='word_1_715' title='bbox 2362 3928 2498 3985; x_wconf 69' lang='lat' dir='ltr'><strong>KH...</strong></span> <span class='ocrx_word' id='word_1_716' title='bbox 2525 3927 2713 3983; x_wconf 84' lang='lat' dir='ltr'><strong>Natale</strong></span> <span class='ocrx_word' id='word_1_717' title='bbox 2754 3934 2956 3983; x_wconf 63' lang='lat' dir='ltr'><strong>sanctae</strong></span> <span class='ocrx_word' id='word_1_718' title='bbox 2983 3923 3295 3995; x_wconf 81' lang='lat' dir='ltr'><strong>Euphemia:</strong></span> <span class='ocrx_word' id='word_1_719' title='bbox 3323 3920 3576 3991; x_wconf 89' lang='lat' dir='ltr'><strong>virginis,</strong></span> <span class='ocrx_word' id='word_1_720' title='bbox 3608 3933 3738 3988; x_wconf 71' lang='lat' dir='ltr'><strong>qua:</strong></span> 
     </span>
    </p>
   </div>
   <div class='ocr_carea' id='block_1_100' title="bbox 2144 4008 3739 4096">
    <p class='ocr_par' dir='ltr' id='par_1_100' title="bbox 2144 4008 3739 4096">
     <span class='ocr_line' id='line_1_100' title="bbox 2144 4008 3739 4096; baseline -0.012 -14"><span class='ocrx_word' id='word_1_721' title='bbox 2144 4022 2516 4096; x_wconf 80' lang='lat' dir='ltr'><strong>martyrizavit</strong></span> <span class='ocrx_word' id='word_1_722' title='bbox 2539 4021 2638 4077; x_wconf 91' lang='lat' dir='ltr'><strong>sub</strong></span> <span class='ocrx_word' id='word_1_723' title='bbox 2664 4018 2994 4075; x_wconf 80' lang='lat' dir='ltr'><strong>Diocletiano</strong></span> <span class='ocrx_word' id='word_1_724' title='bbox 3033 4016 3378 4085; x_wconf 89' lang='lat' dir='ltr'><strong>imperatore,</strong></span> <span class='ocrx_word' id='word_1_725' title='bbox 3408 4008 3739 4083; x_wconf 86' lang='lat' dir='ltr'><strong>proconsule</strong></span> 
     </span>
    </p>
   </div>
   <div class='ocr_carea' id='block_1_101' title="bbox 2147 4102 3739 4177">
    <p class='ocr_par' dir='ltr' id='par_1_101' title="bbox 2147 4102 3739 4177">
     <span class='ocr_line' id='line_1_101' title="bbox 2147 4102 3739 4177; baseline -0.009 -8"><span class='ocrx_word' id='word_1_726' title='bbox 2147 4123 2323 4170; x_wconf 88' lang='lat' dir='ltr'><strong>autem</strong></span> <span class='ocrx_word' id='word_1_727' title='bbox 2350 4113 2558 4177; x_wconf 86' lang='lat' dir='ltr'><strong>Prisco,</strong></span> <span class='ocrx_word' id='word_1_728' title='bbox 2590 4111 2643 4165; x_wconf 85' lang='lat' dir='ltr'><strong>in</strong></span> <span class='ocrx_word' id='word_1_729' title='bbox 2672 4109 2892 4165; x_wconf 85' lang='lat' dir='ltr'><strong>civitate</strong></span> <span class='ocrx_word' id='word_1_730' title='bbox 2918 4102 3279 4168; x_wconf 82' lang='lat' dir='ltr'><strong>Chalcedone,</strong></span> <span class='ocrx_word' id='word_1_731' title='bbox 3309 4116 3432 4173; x_wconf 63' lang='lat' dir='ltr'><strong>quae</strong></span> <span class='ocrx_word' id='word_1_732' title='bbox 3456 4106 3739 4156; x_wconf 74' lang='lat' dir='ltr'><strong>tormenta</strong></span> 
     </span>
    </p>
   </div>
   <div class='ocr_carea' id='block_1_102' title="bbox 2145 4196 3743 4268">
    <p class='ocr_par' dir='ltr' id='par_1_102' title="bbox 2145 4196 3743 4268">
     <span class='ocr_line' id='line_1_102' title="bbox 2145 4196 3743 4268; baseline -0.013 -5"><span class='ocrx_word' id='word_1_733' title='bbox 2145 4212 2202 4263; x_wconf 90' lang='lat' dir='ltr'><strong>ct</strong></span> <span class='ocrx_word' id='word_1_734' title='bbox 2235 4212 2503 4267; x_wconf 61' lang='lat' dir='ltr'><strong>carceres,</strong></span> <span class='ocrx_word' id='word_1_735' title='bbox 2530 4200 2755 4256; x_wconf 73' lang='lat' dir='ltr'><strong>verbera</strong></span> <span class='ocrx_word' id='word_1_736' title='bbox 2788 4207 2843 4254; x_wconf 90' lang='lat' dir='ltr'><strong>et</strong></span> <span class='ocrx_word' id='word_1_737' title='bbox 2864 4203 3179 4268; x_wconf 79' lang='lat' dir='ltr'><strong>argumenta</strong></span> <span class='ocrx_word' id='word_1_738' title='bbox 3205 4204 3468 4262; x_wconf 85' lang='lat' dir='ltr'><strong>rotarum,</strong></span> <span class='ocrx_word' id='word_1_739' title='bbox 3502 4196 3655 4264; x_wconf 73' lang='lat' dir='ltr'><strong>ignes</strong></span> <span class='ocrx_word' id='word_1_740' title='bbox 3682 4199 3743 4243; x_wconf 80' lang='lat' dir='ltr'><strong>et</strong></span> 
     </span>
    </p>
   </div>
   <div class='ocr_carea' id='block_1_103' title="bbox 2146 4283 3741 4367">
    <p class='ocr_par' dir='ltr' id='par_1_103' title="bbox 2146 4283 3741 4367">
     <span class='ocr_line' id='line_1_103' title="bbox 2146 4283 3741 4367; baseline -0.009 -16"><span class='ocrx_word' id='word_1_741' title='bbox 2146 4295 2384 4367; x_wconf 85' lang='lat' dir='ltr'><strong>pondera</strong></span> <span class='ocrx_word' id='word_1_742' title='bbox 2413 4292 2650 4363; x_wconf 81' lang='lat' dir='ltr'><strong>lapidum</strong></span> <span class='ocrx_word' id='word_1_743' title='bbox 2686 4287 3045 4361; x_wconf 75' lang='lat' dir='ltr'><strong>angulariutn,</strong></span> <span class='ocrx_word' id='word_1_744' title='bbox 3070 4288 3271 4345; x_wconf 83' lang='lat' dir='ltr'><strong>bestias</strong></span> <span class='ocrx_word' id='word_1_745' title='bbox 3308 4297 3366 4342; x_wconf 91' lang='lat' dir='ltr'><strong>ct</strong></span> <span class='ocrx_word' id='word_1_746' title='bbox 3407 4285 3598 4358; x_wconf 83' lang='lat' dir='ltr'><strong>plagas</strong></span> <span class='ocrx_word' id='word_1_747' title='bbox 3626 4283 3741 4337; x_wconf 84' lang='lat' dir='ltr'><strong>vir-</strong></span> 
     </span>
    </p>
   </div>
   <div class='ocr_carea' id='block_1_104' title="bbox 2148 4378 3737 4459">
    <p class='ocr_par' dir='ltr' id='par_1_104' title="bbox 2148 4378 3737 4459">
     <span class='ocr_line' id='line_1_104' title="bbox 2148 4378 3737 4459; baseline -0.006 -18"><span class='ocrx_word' id='word_1_748' title='bbox 2148 4401 2358 4459; x_wconf 80' lang='lat' dir='ltr'><strong>garum,</strong></span> <span class='ocrx_word' id='word_1_749' title='bbox 2390 4399 2571 4440; x_wconf 88' lang='lat' dir='ltr'><strong>serras</strong></span> <span class='ocrx_word' id='word_1_750' title='bbox 2598 4392 2786 4439; x_wconf 82' lang='lat' dir='ltr'><strong>acutas</strong></span> <span class='ocrx_word' id='word_1_751' title='bbox 2825 4393 2878 4439; x_wconf 89' lang='lat' dir='ltr'><strong>et</strong></span> <span class='ocrx_word' id='word_1_752' title='bbox 2919 4382 3222 4452; x_wconf 84' lang='lat' dir='ltr'><strong>sartagines</strong></span> <span class='ocrx_word' id='word_1_753' title='bbox 3264 4378 3486 4450; x_wconf 75' lang='lat' dir='ltr'><strong>ignitae,</strong></span> <span class='ocrx_word' id='word_1_754' title='bbox 3516 4390 3737 4432; x_wconf 69' lang='lat' dir='ltr'><strong>rursum</strong></span> 
     </span>
    </p>
   </div>
   <div class='ocr_carea' id='block_1_105' title="bbox 2151 4465 3740 4544">
    <p class='ocr_par' dir='ltr' id='par_1_105' title="bbox 2151 4465 3740 4544">
     <span class='ocr_line' id='line_1_105' title="bbox 2151 4465 3740 4544; baseline -0.009 -10"><span class='ocrx_word' id='word_1_755' title='bbox 2151 4491 2388 4534; x_wconf 79' lang='lat' dir='ltr'><strong>morsum</strong></span> <span class='ocrx_word' id='word_1_756' title='bbox 2433 4475 2619 4533; x_wconf 79' lang='lat' dir='ltr'><strong>ltestia-</strong></span> <span class='ocrx_word' id='word_1_757' title='bbox 2654 4488 2753 4544; x_wconf 86' lang='lat' dir='ltr'><strong>pro</strong></span> <span class='ocrx_word' id='word_1_758' title='bbox 2802 4473 3018 4528; x_wconf 87' lang='lat' dir='ltr'><strong>Christo</strong></span> <span class='ocrx_word' id='word_1_759' title='bbox 3055 4469 3351 4541; x_wconf 87' lang='lat' dir='ltr'><strong>superavit,</strong></span> <span class='ocrx_word' id='word_1_760' title='bbox 3386 4476 3444 4523; x_wconf 84' lang='lat' dir='ltr'><strong>et</strong></span> <span class='ocrx_word' id='word_1_761' title='bbox 3486 4467 3557 4522; x_wconf 87' lang='lat' dir='ltr'><strong>ad</strong></span> <span class='ocrx_word' id='word_1_762' title='bbox 3589 4465 3740 4520; x_wconf 76' lang='lat' dir='ltr'><strong>mille</strong></span> 
     </span>
    </p>
   </div>
   <div class='ocr_carea' id='block_1_106' title="bbox 2073 4542 3741 4642">
    <p class='ocr_par' dir='ltr' id='par_1_106' title="bbox 2073 4542 3741 4642">
     <span class='ocr_line' id='line_1_106' title="bbox 2073 4542 3741 4642; baseline -0.014 -12"><span class='ocrx_word' id='word_1_763' title='bbox 2073 4542 2127 4601; x_wconf 70' lang='grc' dir='ltr'><strong>Ι)</strong></span> <span class='ocrx_word' id='word_1_764' title='bbox 2152 4583 2345 4642; x_wconf 79' lang='lat' dir='ltr'><strong>passus</strong></span> <span class='ocrx_word' id='word_1_765' title='bbox 2373 4567 2609 4625; x_wconf 77' lang='lat' dir='ltr'><strong>ciVitatis</strong></span> <span class='ocrx_word' id='word_1_766' title='bbox 2633 4542 3010 4628; x_wconf 76' lang='lat' dir='ltr'><strong>Chalcedonis,</strong></span> <span class='ocrx_word' id='word_1_767' title='bbox 3035 4558 3241 4631; x_wconf 77' lang='lat' dir='ltr'><strong>sepulta</strong></span> <span class='ocrx_word' id='word_1_768' title='bbox 3270 4568 3355 4613; x_wconf 90' lang='lat' dir='ltr'><strong>est</strong></span> <span class='ocrx_word' id='word_1_769' title='bbox 3382 4573 3412 4611; x_wconf 88' lang='lat' dir='ltr'><strong>a</strong></span> <span class='ocrx_word' id='word_1_770' title='bbox 3455 4564 3611 4627; x_wconf 84' lang='lat' dir='ltr'><strong>patre</strong></span> <span class='ocrx_word' id='word_1_771' title='bbox 3635 4569 3741 4607; x_wconf 82' lang='lat' dir='ltr'><strong>suo</strong></span> 
     </span>
    </p>
   </div>
   <div class='ocr_carea' id='block_1_107' title="bbox 2151 4648 3738 4732">
    <p class='ocr_par' dir='ltr' id='par_1_107' title="bbox 2151 4648 3738 4732">
     <span class='ocr_line' id='line_1_107' title="bbox 2151 4648 3738 4732; baseline -0.014 -13"><span class='ocrx_word' id='word_1_772' title='bbox 2151 4661 2574 4732; x_wconf 62' lang='lat' dir='ltr'><strong>Philosophrozie</strong></span> <span class='ocrx_word' id='word_1_773' title='bbox 2594 4665 2865 4713; x_wconf 85' lang='lat' dir='ltr'><strong>senatore.</strong></span> <span class='ocrx_word' id='word_1_774' title='bbox 2882 4653 3087 4708; x_wconf 88' lang='lat' dir='ltr'><strong>Eodem</strong></span> <span class='ocrx_word' id='word_1_775' title='bbox 3114 4650 3198 4705; x_wconf 86' lang='lat' dir='ltr'><strong>die</strong></span> <span class='ocrx_word' id='word_1_776' title='bbox 3220 4648 3406 4719; x_wconf 80' lang='lat' dir='ltr'><strong>passio</strong></span> <span class='ocrx_word' id='word_1_777' title='bbox 3433 4654 3738 4715; x_wconf 84' lang='lat' dir='ltr'><strong>martyrum</strong></span> 
     </span>
    </p>
   </div>
   <div class='ocr_carea' id='block_1_108' title="bbox 2155 4731 3740 4808">
    <p class='ocr_par' dir='ltr' id='par_1_108' title="bbox 2155 4731 3740 4808">
     <span class='ocr_line' id='line_1_108' title="bbox 2155 4731 3740 4808; baseline -0.015 -1"><span class='ocrx_word' id='word_1_778' title='bbox 2155 4752 2332 4807; x_wconf 78' lang='lat' dir='ltr'><strong>Lueiae</strong></span> <span class='ocrx_word' id='word_1_779' title='bbox 2376 4731 2431 4804; x_wconf 87' lang='lat' dir='ltr'><strong>et</strong></span> <span class='ocrx_word' id='word_1_780' title='bbox 2475 4745 2776 4803; x_wconf 81' lang='lat' dir='ltr'><strong>Gcminiani</strong></span> <span class='ocrx_word' id='word_1_781' title='bbox 2817 4741 3142 4804; x_wconf 83' lang='lat' dir='ltr'><strong>celebratur,</strong></span> <span class='ocrx_word' id='word_1_782' title='bbox 3163 4738 3256 4808; x_wconf 85' lang='lat' dir='ltr'><strong>qui</strong></span> <span class='ocrx_word' id='word_1_783' title='bbox 3278 4736 3380 4791; x_wconf 90' lang='lat' dir='ltr'><strong>sub</strong></span> <span class='ocrx_word' id='word_1_784' title='bbox 3402 4731 3740 4789; x_wconf 81' lang='lat' dir='ltr'><strong>Diocletiano</strong></span> 
     </span>
    </p>
   </div>
   <div class='ocr_carea' id='block_1_109' title="bbox 2153 4820 3739 4905">
    <p class='ocr_par' dir='ltr' id='par_1_109' title="bbox 2153 4820 3739 4905">
     <span class='ocr_line' id='line_1_109' title="bbox 2153 4820 3739 4905; baseline -0.014 -9"><span class='ocrx_word' id='word_1_785' title='bbox 2153 4852 2207 4896; x_wconf 88' lang='lat' dir='ltr'><strong>et</strong></span> <span class='ocrx_word' id='word_1_786' title='bbox 2237 4840 2556 4896; x_wconf 75' lang='lat' dir='ltr'><strong>Maximiano</strong></span> <span class='ocrx_word' id='word_1_787' title='bbox 2582 4830 2997 4905; x_wconf 71' lang='lat' dir='ltr'><strong>itupcratot&#39;ibus</strong></span> <span class='ocrx_word' id='word_1_788' title='bbox 3017 4827 3162 4899; x_wconf 87' lang='lat' dir='ltr'><strong>passi</strong></span> <span class='ocrx_word' id='word_1_789' title='bbox 3187 4833 3333 4881; x_wconf 90' lang='lat' dir='ltr'><strong>sunt.</strong></span> <span class='ocrx_word' id='word_1_790' title='bbox 3363 4822 3532 4895; x_wconf 82' lang='lat' dir='ltr'><strong>igitur</strong></span> <span class='ocrx_word' id='word_1_791' title='bbox 3569 4820 3739 4877; x_wconf 69' lang='lat' dir='ltr'><strong>Luci:</strong></span> 
     </span>
    </p>
   </div>
   <div class='ocr_carea' id='block_1_110' title="bbox 2153 4912 3741 5003">
    <p class='ocr_par' dir='ltr' id='par_1_110' title="bbox 2153 4912 3741 5003">
     <span class='ocr_line' id='line_1_110' title="bbox 2153 4912 3741 5003; baseline -0.015 -15"><span class='ocrx_word' id='word_1_792' title='bbox 2153 4943 2271 4988; x_wconf 69' lang='lat' dir='ltr'><strong>erat</strong></span> <span class='ocrx_word' id='word_1_793' title='bbox 2298 4941 2619 5003; x_wconf 78' lang='lat' dir='ltr'><strong>permanens</strong></span> <span class='ocrx_word' id='word_1_794' title='bbox 2659 4925 2713 4980; x_wconf 88' lang='lat' dir='ltr'><strong>in</strong></span> <span class='ocrx_word' id='word_1_795' title='bbox 2747 4921 3011 4976; x_wconf 84' lang='lat' dir='ltr'><strong>viduitate</strong></span> <span class='ocrx_word' id='word_1_796' title='bbox 3058 4932 3156 4988; x_wconf 88' lang='lat' dir='ltr'><strong>per</strong></span> <span class='ocrx_word' id='word_1_797' title='bbox 3201 4928 3372 4971; x_wconf 82' lang='lat' dir='ltr'><strong>annos</strong></span> <span class='ocrx_word' id='word_1_798' title='bbox 3413 4912 3633 4984; x_wconf 83' lang='lat' dir='ltr'><strong>triginta</strong></span> <span class='ocrx_word' id='word_1_799' title='bbox 3681 4919 3741 4964; x_wconf 79' lang='lat' dir='ltr'><strong>et</strong></span> 
     </span>
    </p>
   </div>
   <div class='ocr_carea' id='block_1_111' title="bbox 2156 5003 3740 5079">
    <p class='ocr_par' dir='ltr' id='par_1_111' title="bbox 2156 5003 3740 5079">
     <span class='ocr_line' id='line_1_111' title="bbox 2156 5003 3740 5079; baseline -0.012 -4"><span class='ocrx_word' id='word_1_800' title='bbox 2156 5038 2269 5077; x_wconf 61' lang='lat' dir='ltr'><strong>sex.</strong></span> <span class='ocrx_word' id='word_1_801' title='bbox 2304 5020 2468 5075; x_wconf 85' lang='lat' dir='ltr'><strong>Erant</strong></span> <span class='ocrx_word' id='word_1_802' title='bbox 2507 5025 2685 5072; x_wconf 65' lang='lat' dir='ltr'><strong>autem</strong></span> <span class='ocrx_word' id='word_1_803' title='bbox 2712 5029 2903 5071; x_wconf 84' lang='lat' dir='ltr'><strong>omnes</strong></span> <span class='ocrx_word' id='word_1_804' title='bbox 2935 5011 3061 5065; x_wconf 80' lang='lat' dir='ltr'><strong>anni</strong></span> <span class='ocrx_word' id='word_1_805' title='bbox 3097 5010 3222 5064; x_wconf 79' lang='lat' dir='ltr'><strong>vita:</strong></span> <span class='ocrx_word' id='word_1_806' title='bbox 3248 5008 3367 5079; x_wconf 80' lang='lat' dir='ltr'><strong>ejus</strong></span> <span class='ocrx_word' id='word_1_807' title='bbox 3393 5003 3740 5076; x_wconf 72' lang='lat' dir='ltr'><strong>septuaginta</strong></span> 
     </span>
    </p>
   </div>
   <div class='ocr_carea' id='block_1_112' title="bbox 2156 5098 3742 5183">
    <p class='ocr_par' dir='ltr' id='par_1_112' title="bbox 2156 5098 3742 5183">
     <span class='ocr_line' id='line_1_112' title="bbox 2156 5098 3742 5183; baseline -0.008 -17"><span class='ocrx_word' id='word_1_808' title='bbox 2156 5112 2415 5183; x_wconf 75' lang='lat' dir='ltr'><strong>quinque,</strong></span> <span class='ocrx_word' id='word_1_809' title='bbox 2442 5118 2507 5163; x_wconf 77' lang='lat' dir='ltr'><strong>ut</strong></span> <span class='ocrx_word' id='word_1_810' title='bbox 2542 5107 2600 5162; x_wconf 80' lang='lat' dir='ltr'><strong>in</strong></span> <span class='ocrx_word' id='word_1_811' title='bbox 2646 5104 2826 5161; x_wconf 86' lang='lat' dir='ltr'><strong>libello</strong></span> <span class='ocrx_word' id='word_1_812' title='bbox 2853 5101 3124 5176; x_wconf 87' lang='lat' dir='ltr'><strong>passionis</strong></span> <span class='ocrx_word' id='word_1_813' title='bbox 3144 5098 3264 5169; x_wconf 62' lang='lat' dir='ltr'><strong>ejus</strong></span> <span class='ocrx_word' id='word_1_814' title='bbox 3284 5099 3553 5173; x_wconf 69' lang='lat' dir='ltr'><strong>seripium</strong></span> <span class='ocrx_word' id='word_1_815' title='bbox 3582 5116 3742 5179; x_wconf 80' lang='lat' dir='ltr'><strong>repe-</strong></span> 
     </span>
    </p>
   </div>
   <div class='ocr_carea' id='block_1_113' title="bbox 2160 5174 3747 5268">
    <p class='ocr_par' dir='ltr' id='par_1_113' title="bbox 2160 5174 3747 5268">
     <span class='ocr_line' id='line_1_113' title="bbox 2160 5174 3747 5268; baseline -0.013 -12"><span class='ocrx_word' id='word_1_816' title='bbox 2160 5174 2324 5256; x_wconf 52' lang='lat' dir='ltr'><strong>ritur:</strong></span> <span class='ocrx_word' id='word_1_817' title='bbox 2343 5174 2469 5255; x_wconf 74' lang='lat' dir='ltr'><strong>llaec</strong></span> <span class='ocrx_word' id='word_1_818' title='bbox 2490 5213 2593 5256; x_wconf 70' lang='lat' dir='ltr'><strong>per</strong></span> <span class='ocrx_word' id='word_1_819' title='bbox 2618 5174 2945 5267; x_wconf 77' lang='lat' dir='ltr'><strong>Euprepium</strong></span> <span class='ocrx_word' id='word_1_820' title='bbox 2985 5191 3159 5254; x_wconf 61' lang='lat' dir='ltr'><strong>lilio;</strong></span> <span class='ocrx_word' id='word_1_821' title='bbox 3186 5209 3355 5253; x_wconf 61' lang='lat' dir='ltr'><strong>suum</strong></span> <span class='ocrx_word' id='word_1_822' title='bbox 3376 5195 3527 5268; x_wconf 67' lang='grc' dir='ltr'>ιι)ηά</span> <span class='ocrx_word' id='word_1_823' title='bbox 3573 5174 3747 5262; x_wconf 47' lang='lat' dir='ltr'><strong>imm</strong></span> 
     </span>
    </p>
   </div>
   <div class='ocr_carea' id='block_1_114' title="bbox 2160 5278 3746 5360">
    <p class='ocr_par' dir='ltr' id='par_1_114' title="bbox 2160 5278 3746 5360">
     <span class='ocr_line' id='line_1_114' title="bbox 2160 5278 3746 5360; baseline -0.02 7"><span class='ocrx_word' id='word_1_824' title='bbox 2160 5302 2368 5348; x_wconf 58' lang='lat' dir='ltr'><strong>mores</strong></span> <span class='ocrx_word' id='word_1_825' title='bbox 2392 5289 2626 5360; x_wconf 54' lang='grc' dir='ltr'><strong>Ρτοάῖιτι,</strong></span> <span class='ocrx_word' id='word_1_826' title='bbox 2659 5301 2724 5340; x_wconf 72' lang='grc' dir='ltr'><strong>σο</strong></span> <span class='ocrx_word' id='word_1_827' title='bbox 2756 5283 2898 5357; x_wconf 60' lang='lat' dir='ltr'><strong>lttwtl</strong></span> <span class='ocrx_word' id='word_1_828' title='bbox 3266 5296 3446 5350; x_wconf 71' lang='lat' dir='ltr'><strong>esset,</strong></span> <span class='ocrx_word' id='word_1_829' title='bbox 3476 5292 3621 5341; x_wconf 72' lang='lat' dir='ltr'><strong>lenta</strong></span> <span class='ocrx_word' id='word_1_830' title='bbox 3658 5290 3746 5336; x_wconf 83' lang='lat' dir='ltr'><strong>est</strong></span> 
     </span>
    </p>
   </div>
   <div class='ocr_carea' id='block_1_115' title="bbox 2160 5372 3747 5460">
    <p class='ocr_par' dir='ltr' id='par_1_115' title="bbox 2160 5372 3747 5460">
     <span class='ocr_line' id='line_1_115' title="bbox 2160 5372 3747 5460; baseline -0.016 -11"><span class='ocrx_word' id='word_1_831' title='bbox 2160 5394 2214 5440; x_wconf 79' lang='lat' dir='ltr'><strong>cl</strong></span> <span class='ocrx_word' id='word_1_832' title='bbox 2238 5385 2291 5439; x_wconf 75' lang='lat' dir='ltr'><strong>in</strong></span> <span class='ocrx_word' id='word_1_833' title='bbox 2321 5382 2549 5438; x_wconf 71' lang='lat' dir='ltr'><strong>vinculis</strong></span> <span class='ocrx_word' id='word_1_834' title='bbox 2576 5378 2774 5460; x_wconf 56' lang='lat' dir='ltr'><strong>gmina,</strong></span> <span class='ocrx_word' id='word_1_835' title='bbox 2802 5390 2870 5443; x_wconf 81' lang='lat' dir='ltr'><strong>de</strong></span> <span class='ocrx_word' id='word_1_836' title='bbox 2887 5372 3176 5456; x_wconf 65' lang='lat' dir='ltr'><strong>suppliciis</strong></span> <span class='ocrx_word' id='word_1_837' title='bbox 3188 5377 3369 5434; x_wconf 63' lang='lat' dir='ltr'><strong>variis</strong></span> <span class='ocrx_word' id='word_1_838' title='bbox 3392 5390 3515 5448; x_wconf 73' lang='lat' dir='ltr'><strong>qua:</strong></span> <span class='ocrx_word' id='word_1_839' title='bbox 3540 5375 3589 5429; x_wconf 90' lang='lat' dir='ltr'><strong>ei</strong></span> <span class='ocrx_word' id='word_1_840' title='bbox 3621 5388 3747 5442; x_wconf 78' lang='lat' dir='ltr'><strong>per-</strong></span> 
     </span>
    </p>
   </div>
   <div class='ocr_carea' id='block_1_116' title="bbox 2157 5464 3747 5555">
    <p class='ocr_par' dir='ltr' id='par_1_116' title="bbox 2157 5464 3747 5555">
     <span class='ocr_line' id='line_1_116' title="bbox 2157 5464 3747 5555; baseline -0.014 -15"><span class='ocrx_word' id='word_1_841' title='bbox 2157 5483 2375 5530; x_wconf 70' lang='grc' dir='ltr'><strong>εεευῑοτ</strong></span> <span class='ocrx_word' id='word_1_842' title='bbox 2392 5472 2639 5555; x_wconf 47' lang='lat' dir='ltr'><strong>“gessit,</strong></span> <span class='ocrx_word' id='word_1_843' title='bbox 2662 5486 2846 5548; x_wconf 79' lang='lat' dir='ltr'><strong>erepta</strong></span> <span class='ocrx_word' id='word_1_844' title='bbox 2868 5473 2971 5532; x_wconf 69' lang='lat' dir='ltr'><strong>est.</strong></span> <span class='ocrx_word' id='word_1_845' title='bbox 3001 5473 3429 5527; x_wconf 60' lang='lat' dir='ltr'><strong>Nataturcerent</strong></span> <span class='ocrx_word' id='word_1_846' title='bbox 3450 5468 3506 5521; x_wconf 88' lang='lat' dir='ltr'><strong>in</strong></span> <span class='ocrx_word' id='word_1_847' title='bbox 3525 5464 3747 5519; x_wconf 75' lang='lat' dir='ltr'><strong>fluvium</strong></span> 
     </span>
    </p>
   </div>
   <div class='ocr_carea' id='block_1_117' title="bbox 2158 5554 3744 5644">
    <p class='ocr_par' dir='ltr' id='par_1_117' title="bbox 2158 5554 3744 5644">
     <span class='ocr_line' id='line_1_117' title="bbox 2158 5554 3744 5644; baseline -0.013 -16"><span class='ocrx_word' id='word_1_848' title='bbox 2158 5579 2296 5627; x_wconf 74' lang='grc' dir='ltr'><strong>εοινῐ</strong></span> <span class='ocrx_word' id='word_1_849' title='bbox 2306 5578 2451 5641; x_wconf 70' lang='grc' dir='ltr'>πιίι,</span> <span class='ocrx_word' id='word_1_850' title='bbox 2468 5554 2697 5644; x_wconf 78' lang='lat' dir='ltr'><strong>ipsaque</strong></span> <span class='ocrx_word' id='word_1_851' title='bbox 2725 5554 3353 5644; x_wconf 55' lang='lat' dir='ltr'><strong>verberiliusWicata,</strong></span> <span class='ocrx_word' id='word_1_852' title='bbox 3374 5557 3509 5613; x_wconf 89' lang='lat' dir='ltr'><strong>nihil</strong></span> <span class='ocrx_word' id='word_1_853' title='bbox 3529 5555 3703 5611; x_wconf 86' lang='lat' dir='ltr'><strong>sensit</strong></span> <span class='ocrx_word' id='word_1_854' title='bbox 3729 5571 3744 5605; x_wconf 91' lang='lat'>:</span> 
     </span>
    </p>
   </div>
   <div class='ocr_carea' id='block_1_118' title="bbox 2163 5642 3750 5730">
    <p class='ocr_par' dir='ltr' id='par_1_118' title="bbox 2163 5642 3750 5730">
     <span class='ocr_line' id='line_1_118' title="bbox 2163 5642 3750 5730; baseline -0.017 -6"><span class='ocrx_word' id='word_1_855' title='bbox 2163 5658 2278 5724; x_wconf 65' lang='grc' dir='ltr'>ἰιςιίι</span> <span class='ocrx_word' id='word_1_856' title='bbox 2308 5642 2602 5724; x_wconf 60' lang='lat' dir='ltr'><strong>euadentem</strong></span> <span class='ocrx_word' id='word_1_857' title='bbox 2630 5677 2689 5716; x_wconf 88' lang='lat' dir='ltr'><strong>se</strong></span> <span class='ocrx_word' id='word_1_858' title='bbox 2725 5658 2990 5730; x_wconf 75' lang='lat' dir='ltr'><strong>lapideum</strong></span> <span class='ocrx_word' id='word_1_859' title='bbox 3019 5642 3182 5717; x_wconf 62' lang='lat' dir='ltr'><strong>tetu,</strong></span> <span class='ocrx_word' id='word_1_860' title='bbox 3229 5647 3488 5720; x_wconf 88' lang='lat' dir='ltr'><strong>templum</strong></span> <span class='ocrx_word' id='word_1_861' title='bbox 3523 5645 3750 5701; x_wconf 70' lang='lat' dir='ltr'><strong>deorum</strong></span> 
     </span>
    </p>
   </div>
   <div class='ocr_carea' id='block_1_119' title="bbox 2167 5733 3751 5828">
    <p class='ocr_par' dir='ltr' id='par_1_119' title="bbox 2167 5733 3751 5828">
     <span class='ocr_line' id='line_1_119' title="bbox 2167 5733 3751 5828; baseline -0.016 -13"><span class='ocrx_word' id='word_1_862' title='bbox 2167 5776 2231 5815; x_wconf 72' lang='lat' dir='ltr'><strong>ex</strong></span> <span class='ocrx_word' id='word_1_863' title='bbox 2261 5759 2487 5828; x_wconf 58' lang='lat' dir='ltr'><strong>grmmis</strong></span> <span class='ocrx_word' id='word_1_864' title='bbox 2512 5764 2566 5811; x_wconf 84' lang='lat' dir='ltr'><strong>et</strong></span> <span class='ocrx_word' id='word_1_865' title='bbox 2591 5762 2725 5809; x_wconf 85' lang='lat' dir='ltr'><strong>auro</strong></span> <span class='ocrx_word' id='word_1_866' title='bbox 2760 5742 3078 5806; x_wconf 54' lang='lat' dir='ltr'><strong>nam:</strong></span> <span class='ocrx_word' id='word_1_867' title='bbox 3108 5758 3265 5799; x_wconf 86' lang='lat' dir='ltr'><strong>ruere</strong></span> <span class='ocrx_word' id='word_1_868' title='bbox 3309 5759 3343 5795; x_wconf 72' lang='grc' dir='ltr'>,ι</span> <span class='ocrx_word' id='word_1_869' title='bbox 3382 5733 3751 5794; x_wconf 79' lang='lat' dir='ltr'><strong>fundamentis</strong></span> 
     </span>
    </p>
   </div>
  </div>
