3924 6330
219 361 358 430 liti!)

1532 379 1624 435 MA
1634 379 2173 453 R'I'YROLOGIUM.~

3355 395 3494 453 llic

214 488 345 548 fecit
371 527 386 551 ,
431 487 607 558 ignem
653 497 998 558 exsuperant
1016 529 1031 553 ,
1085 489 1261 561 picem
1306 497 1362 544 et
1418 485 1716 560 plumbum
1749 492 1804 547 in
1830 498 1880 556 Α
1909 495 2002 552 sed
2025 495 2141 552 hac
2166 496 2253 552 illa
2279 496 2542 568 psallente
2562 497 2826 571 refriguit.
2853 501 2978 557 Haec
3007 503 3368 567 interveniens
3391 526 3493 569 vox

213 594 412 650 aquam
444 580 729 634 convertit.
762 580 872 635 Nec
899 582 954 635 in
987 581 1072 637 bis
1100 582 1278 652 poenis
1305 581 1422 638 laedi
1454 584 1665 652 potuit:
1698 583 1808 640 imo

212 665 594 724 Gcmidianum
639 670 845 726 socium
888 672 1158 743 passionis
1199 689 1310 728 suae
1347 674 1652 744 acquisivit,
1683 690 1806 730 cum

211 775 320 830 quo
353 763 793 831 persecutoribus
843 761 1058 818 fortiter
1104 765 1386 819 veritatem
1411 765 1713 835 praedicans
1740 767 1809 821 ad

213 859 520 905 extremum
549 867 645 921 per
670 851 1061 922 Apophrasium
1093 855 1374 924 prmsidem
1396 853 1649 910 decollari
1671 856 1808 927 jussi

213 953 358 999 sunt.
391 953 444 997 ct
473 944 550 998 sic
578 945 644 998 ad
673 960 892 1017 regnum
919 946 1138 1001 caeleste
1173 947 1494 1015 migrarunt.

284 1033 379 1087 XV
411 1035 546 1089 ΚΜ..
579 1035 635 1089 In
664 1036 962 1102 Britannia,
996 1036 1237 1094 Socratis
1261 1047 1316 1094 et
1346 1037 1628 1110 Stephani.
1662 1040 1728 1094 Et
1751 1039 1805 1094 in

207 1121 379 1177 Callia
405 1140 572 1194 prope
601 1126 876 1182 civitatem
901 1126 1206 1194 Traiectum
1236 1127 1593 1202 [Maestricbt]
1614 1131 1665 1184 in
1683 1129 1805 1185 villa

206 1215 526 1282 Liudovico,
554 1221 738 1288 passio
781 1219 1103 1276 Landeberti
1131 1221 1387 1291 episcopi,
1415 1222 1506 1292 qui
1538 1222 1605 1275 ab
1633 1221 1807 1276 infan-

207 1309 281 1361 tia
312 1309 406 1363 Dei
451 1311 674 1365 servitio
717 1311 1054 1382 mancipatus
1100 1311 1217 1367 fuit.
1250 1313 1349 1369 Hic
1383 1323 1592 1385 septem
1634 1330 1806 1371 annos

206 1399 374 1452 vitam
425 1410 668 1455 sanctam
727 1418 890 1471 agens
954 1404 1097 1457 inter
1169 1407 1466 1460 monachos
1520 1405 1801 1460 habitavit.

204 1487 504 1560 Postquam
528 1502 708 1547 autem
743 1479 1114 1549 Faramundns
1145 1497 1209 1548 de
1234 1497 1357 1550 sedc
1390 1495 1681 1564 pontificali
1711 1497 1806 1552 de-

203 1579 416 1647 positus
445 1590 548 1644 est,
573 1591 627 1635 et
649 1581 855 1651 ejectus
883 1583 949 1638 de
976 1584 1251 1653 provincia
1283 1583 1648 1652 'I‘rajectense,
1675 1594 1805 1642 tunc

202 1670 418 1738 agmina
447 1670 879 1754 eiericorumaet
904 1674 1095 1745 vulgus
1124 1675 1440 1746 populorum
1465 1691 1569 1730 una
1599 1677 1805 1746 pariter
1847 1695 1860 1704 -

201 1772 334 1813 voce
370 1761 573 1831 ingenti
606 1764 952 1833 postulabant
990 1765 1275 1820 Dominum
1306 1776 1363 1822 ut
1391 1778 1664 1838 pastorem
1708 1784 1800 1825 eo-

1912 589 1980 644 de
2015 589 2154 644 ccelo
2187 591 2402 645 vocavit
2441 606 2555 656 eos,
2601 600 2652 646 ct
2718 593 2796 648 sic
2842 595 3178 652 tradiderunt
3221 599 3489 668 spiritum.

1911 679 2045 737 Erat
2071 690 2248 738 autem
2277 681 2480 740 Fausta
2520 699 2783 739 annorum
2833 688 3108 756 tredecim,
3145 699 3200 745 et
3226 691 3496 751 Evilasius

1909 772 2178 842 octoginta
2190 810 2204 826 .

1979 862 2050 916 XI
2103 862 2236 918 KAL.
2289 862 2475 919 Natale
2528 865 2699 920 sancti
2757 865 3010 924 Matthtei.
3047 873 3386 943 evangelistte
3438 869 3495 930 ω

1909 951 2209 1024 Ᾱὲιὶιίορίε,
2257 954 2348 1024 qui
2397 970 2519 1009 cmn
2554 955 2626 1010 ibi
2675 957 2994 1026 praedicaret
3029 961 3252 1017 verbum
3290 964 3410 1032 Dei,
3435 971 3497 1022 et

1909 1044 2106 1100 multos
2139 1047 2206 1100 ad
2246 1044 2404 1100 (idem
2437 1047 2636 1101 Christi
2677 1058 3034 1114 converteret,
3069 1051 3359 1110 novissime
3381 1054 3492 1122 api-

1908 1137 2116 1193 culator
2138 1138 2332 1194 missus
2354 1140 2421 1194 ab
2445 1139 2660 1196 llirtaco
2693 1156 2835 1211 rege,
2861 1141 2952 1212 qui
2981 1156 3104 1198 eum
3134 1143 3310 1216 gladio
3333 1144 3491 1208 ferie-

1905 1226 2019 1293 bat,
2043 1226 2279 1284 eﬂiciens
2307 1239 2598 1300 martyrem
2627 1229 2847 1288 Christi.

1975 1318 2025 1374 Χ
2065 1318 2199 1374 KtL.
2244 1318 2563 1376 Sanctorum
2613 1331 2910 1394 martyrum
2944 1321 3298 1382 Thebmorum
3342 1326 3498 1384 Mau-

1905 1411 2045 1477 ricii,
2070 1410 2316 1476 Candidi,
2336 1411 2641 1484 Exsuperii,
2663 1422 2719 1469 et
2746 1415 2918 1469 sancti
2943 1415 3324 1474 Emmerammi
3349 1435 3493 1477 mar-

1904 1502 2059 1574 tyris.

1974 1593 2045 1648 IX
2095 1593 2212 1649 Kal.
2265 1595 2454 1652 Natale
2511 1599 2684 1654 sancti
2735 1598 2876 1656 Sosii
2930 1601 3142 1659 diaconi
3200 1602 3493 1665 Meseuatis

1906 1684 2224 1760 [Misenatis]
2252 1689 2486 1746 civitatis
2511 1692 2563 1746 in
2594 1691 2909 1762 Campania,
2942 1695 3033 1764 qui
3063 1711 3185 1751 cum
3213 1706 3355 1755 esset
3391 1714 3496 1756 ar.-

1903 1791 2096 1831 norum
2140 1777 2382 1850 triginta,
2414 1792 2622 1853 martyr
2649 1797 2772 1837 cum
2818 1783 2978 1839 beato
3021 1783 3282 1844 Januario
3315 1787 3488 1844 Bene-

196 1866 319 1905 .rum
352 1851 628 1907 dominum
659 1852 1054 1910 Landebertum
1084 1859 1352 1927 recepturi
1380 1869 1582 1926 essent,
1615 1875 1796 1930 quem,
1828 1856 1875 1916 Β
1901 1867 2047 1921 venti
2093 1868 2345 1938 episcopo
2388 1851 2582 1940 capitis
2621 1871 3024 1930 decollationem
3065 1878 3319 1947 suscepit,
3342 1887 3489 1935 tem-

196 1945 570 1998 consentiente
611 1942 803 2014 Pipino
861 1954 988 2000 tunc
1021 1947 1284 2017 principe,
1315 1947 1380 2002 ad
1410 1951 1626 2020 propria
1655 1951 1796 2006 reci-

194 2054 325 2108 pere
355 2051 671 2096 meruerunt
703 2060 716 2092 :
751 2042 934 2112 ibique
953 2057 1050 2112 per
1067 2044 1248 2114 plures
1274 2060 1445 2099 annos
1473 2044 1526 2098 in
1554 2045 1792 2101 Ecclesia

195 2130 291 2185 Dei
325 2132 576 2185 nobiliter
608 2133 763 2187 vixit.
794 2132 949 2189 Hune
977 2149 1105 2189 vero
1138 2135 1286 2190 Dodo
1322 2136 1655 2194 domesticus
1678 2134 1792 2206 jam

194 2225 492 2294 supradicti
512 2225 772 2296 principis
807 2226 982 2297 Pipini
1024 2229 1426 2286 machinatione
1443 2232 1675 2301 pessima
1697 2247 1790 2288 oc-

193 2315 300 2370 cidi
333 2314 477 2370 fecit.
511 2317 628 2387 Ipse
655 2331 785 2371 vero
820 2332 917 2386 per
947 2318 1288 2373 innocentem
1320 2328 1547 2377 mortem
1579 2321 1645 2376 ad
1686 2319 1792 2375 Do-

191 2406 401 2458 minum
429 2406 704 2476 migravit.

265 2495 383 2551 XIV
412 2497 546 2552 KAL.
595 2497 899 2555 Mediolano
944 2500 1210 2569 depositio
1243 2500 1515 2573 Eustorgii
1551 2501 1788 2572 episcopi

189 2598 246 2643 et
276 2588 478 2660 Satyri.
530 2590 587 2644 In
617 2589 998 2656 Chalcedonia
1045 2592 1226 2648 natale
1277 2593 1554 2664 Tropbimi
1633 2602 1688 2648 et
1732 2594 1788 2650 in

189 2681 504 2736 Ncomedia
534 2684 712 2738 natale
738 2683 969 2740 Jociani.

265 2776 379 2830 XIII
407 2777 539 2832 ΚΑΙ..
571 2778 627 2832 ln
655 2777 876 2849 Neapoli
921 2780 1229 2851 Campanice
1269 2783 1449 2838 natale
1479 2793 1785 2839 sanctorum

187 2866 458 2934 Januarii,
493 2869 880 2926 Beneventanre
909 2873 1142 2928 civitatis
1165 2874 1425 2944 episcopi,
1455 2891 1577 2931 cum
1601 2874 1786 2932 Fossio

191 2955 395 3028 [Sosio]
441 2959 669 3014 diacono
714 2959 1005 3016 Mesenatis
1052 2962 1377 3036 [Misenatis]
1427 2965 1682 3040 civitatis,
1731 2975 1786 3021 et

188 3048 418 3103 diacono
446 3066 544 3104 suo
560 3049 732 3111 Festo.
771 3060 826 3106 et
852 3051 1052 3108 lectore
1080 3069 1179 3109 suo
1207 3055 1505 3122 Desiderio,
1545 3058 1635 3126 qui
1662 3067 1784 3127 post

186 3137 402 3191 vincula
426 3145 480 3192 et
506 3153 754 3194 carceres
773 3141 951 3210 capite
975 3151 1104 3197 sunt
1122 3144 1246 3199 caesi
1272 3145 1323 3198 in
1347 3145 1568 3202 civitate
1588 3145 1782 3203 Puteo-

1897 1971 2031 2027 pore
2071 1958 2384 2014 Diocletiani
2417 1961 2779 2032 imperatoris.
2820 1963 2870 2019 Is
2915 1981 3036 2020 cum
3073 1977 3316 2038 tempore
3346 1986 3485 2040 qua.

1898 2049 2020 2104 dam
2047 2047 2252 2120 legeret
2279 2051 2331 2105 in
2359 2051 2587 2107 ecclesia
2627 2053 2896 2110 Mesenate
2937 2055 3259 2132 [Misenatis]
3291 2060 3486 2117 civita-

1896 2139 1989 2204 tis,
2033 2149 2300 2209 prazsente
2344 2141 2596 2214 episcopo
2643 2141 2939 2211 Januario,
2989 2145 3301 2218 frequenter
3338 2152 3485 2207 enim

1895 2244 2016 2285 eum
2041 2247 2138 2302 pro
2173 2233 2458 2289 sanctitate
2477 2243 2527 2288 et
2553 2233 2835 2304 prudentia
2868 2234 2985 2305 ejus
3006 2237 3227 2294 visitare
3255 2255 3488 2297 consue-

1893 2328 2069 2386 verat,
2117 2322 2254 2377 vidit
2298 2321 2476 2378 subito
2523 2325 2662 2379 idem
2706 2327 2991 2398 episcopus
3034 2328 3100 2384 de
3141 2331 3318 2400 capite
3365 2330 3484 2400 ejus

1892 2409 2164 2467 ﬂammam
2191 2427 2499 2486 exsurgere,
2537 2430 2697 2484 quam
2743 2431 2903 2473 nemo
2929 2417 3065 2474 alius
3088 2420 3242 2487 vidit,
3278 2430 3332 2477 et
3358 2438 3486 2493 pm.

1892 2501 2161 2558 nuntiavit
2196 2516 2320 2559 eum
2351 2512 2643 2576 martyrem
2674 2505 2936 2574 futurum,
2970 2518 3025 2563 et
3053 2519 3172 2579 post
3203 2528 3309 2567 non
3341 2513 3484 2568 mut-

1891 2601 1978 2648 tos
2008 2593 2122 2650 dies
2149 2594 2274 2651 item
2314 2595 2573 2651 diaconus
2609 2604 2785 2653 tentus
2813 2607 2868 2654 et
2895 2600 2946 2654 in
2977 2615 3249 2656 carcerem
3283 2604 3482 2660 missus

1890 2692 1974 2738 est
2015 2701 2028 2736 :
2081 2684 2149 2738 ad
2195 2700 2355 2756 quem
2403 2687 2725 2744 visitandum
2773 2705 2897 2745 cum
2937 2692 3172 2747 venisset
3195 2695 3481 2766 episcopus

1889 2789 2012 2829 cum
2042 2775 2268 2831 diacono
2308 2791 2407 2832 suo
2449 2776 2609 2833 Festo
2649 2789 2704 2834 et
2733 2779 2934 2836 lectore
2960 2797 3057 2837 suo
3095 2782 3395 2850 Desiderio,
3427 2792 3485 2840 et

1889 2864 2003 2935 ipse
2029 2881 2152 2920 cum
2176 2866 2254 2922 eis
2279 2867 2440 2922 simul
2465 2877 2643 2924 tentus
2669 2886 2733 2925 ac
2766 2871 2971 2941 pariter
3001 2887 3190 2928 omnes
3212 2889 3334 2928 cum
3362 2875 3430 2926 ali
3457 2892 3483 2929 ει

1888 2957 2061 3012 tribus
2104 2959 2271 3014 occisi
2323 2967 2468 3015 sunt.
2523 2961 2727 3017 Eodem
2775 2962 2861 3017 die
2917 2964 3097 3019 natale
3159 2963 3370 3021 Thecla:
3425 2967 3480 3024 in

1885 3047 2106 3105 Oriente
2124 3049 2304 3106 Iconio
2328 3051 2565 3116 civitate,
2592 3067 2712 3121 quae
2739 3067 2770 3107 a
2803 3051 2968 3108 Paulo
3003 3055 3249 3124 apostolo
3277 3057 3482 3114 instruo

1885 3147 1972 3194 cta
1996 3140 2051 3194 in
2078 3140 2417 3197 confessione
2456 3142 2654 3198 Christi
2683 3143 2830 3214 ignes
2851 3161 2915 3200 ac
2948 3146 3147 3202 bestias
3175 3147 3394 3214 devicit,
3423 3158 3482 3205 et

187 3227 310 3280 lana
343 3227 442 3281 sub
471 3228 806 3285 Diocletiano
831 3231 1097 3301 principe,
1122 3233 1303 3303 judice
1331 3235 1658 3292 Dracontio:
1688 3238 1781 3308 qui

1895 3237 2007 3298 post
2032 3230 2198 3284 multa
2232 3231 2528 3286 certamina
2565 3247 2629 3286 ac
2672 3233 2975 3289 doctrinam
3017 3237 3341 3306 multorum,
3385 3255 3474 3297 ve-

185 3333 310 3370 cum
358 3318 686 3373 ducerentur
723 3321 789 3374 ad
839 3329 1066 3376 mortem
1098 3362 1113 3387 ,
1171 3323 1422 3378 viderunt
1469 3325 1609 3380 inter
1651 3327 1785 3382 alios

183 3406 449 3463 Proculus
485 3407 792 3464 Puteolanaa
825 3411 1061 3466 civitatis
1101 3412 1380 3480 diaconus,
1419 3425 1474 3470 et
1503 3418 1609 3472 duo
1639 3417 1782 3482 laici,

184 3494 460 3565 Eutychus
500 3505 557 3551 ct
594 3497 841 3563 Acutius,
880 3507 933 3555 et
970 3501 1436 3572 interrogaverunt
1460 3520 1630 3574 quare
1651 3505 1782 3575 justi

183 3587 358 3640 occidi
393 3586 720 3657 juberentur
745 3607 758 3643 :
787 3605 924 3658 quos
962 3590 1131 3659 jndex
1161 3601 1220 3646 ut
1252 3593 1387 3647 vidit
1422 3593 1784 3660 Christianos.

179 3674 343 3745 jussit
387 3677 644 3732 decollari
685 3695 807 3733 cum
846 3679 969 3735 illis.
1005 3680 1096 3736 Sic
1131 3697 1322 3736 omnes
1352 3693 1555 3753 septem
1583 3687 1787 3755 pariter

185 3775 315 3820 sunt
361 3765 631 3831 decollati,
663 3776 720 3822 et
750 3767 984 3824 tulerunt
1027 3779 1186 3825 noctu
1211 3787 1437 3842 corpora
1466 3773 1783 3841 Christiani,

185 3863 240 3910 et
278 3853 613 3923 Neapolitani
659 3855 978 3914 Januarium
1005 3871 1303 3931 posuerunt
1328 3864 1482 3934 juxta
1511 3866 1785 3921 civitatem

183 3945 239 4007 in
284 3944 511 3999 basilica
559 3946 832 4002 Mesenate
879 3947 1221 4024 [Misenate],
1254 3953 1497 4008 Sossium
1547 3970 1700 4025 teque
1731 3956 1785 4012 in

183 4039 410 4094 basilica
445 4040 756 4108 Puteolani;
793 4042 1107 4109 Proculum,
1135 4046 1415 4116 Eutychen
1447 4057 1504 4103 et
1531 4048 1784 4104 Acutium

177 4141 334 4197 juxta
377 4131 656 4187 basilicam
695 4135 866 4188 sancti
900 4134 1191 4206 Stephani;
1230 4138 1448 4193 Festum
1480 4147 1536 4194 et
1564 4139 1785 4197 Deside-

186 4222 324 4276 rium
359 4221 719 4278 Beneventani
749 4224 1088 4296 collegerunt
1114 4241 1164 4279 τι.

252 4313 346 4368 XII
377 4313 510 4368 Κλι..
551 4314 605 4368 1η
635 4315 820 4388 Cyzim
857 4318 1033 4374 natale
1081 4328 1394 4377 sanctorum
1433 4321 1647 4379 Fausta:
1675 4325 1784 4379 vir-

182 4405 325 4476 ginis
367 4413 423 4460 et
467 4405 689 4462 Evilasii
731 4409 831 4463 sub
861 4408 1188 4466 Maximiano
1217 4412 1539 4482 imperatore
1573 4433 1585 4467 :
1619 4430 1781 4485 quam

183 4497 325 4550 idem
355 4495 622 4551 Evilasius
652 4513 774 4552 cum
804 4507 950 4554 esset
978 4501 1186 4570 primus
1213 4502 1397 4572 palatii
1415 4503 1580 4573 jussit
1606 4506 1783 4562 decal—

180 4587 376 4641 variet
405 4588 544 4642 tradi
571 4588 634 4641 ad
657 4589 1065 4659 turpitudinem,
1095 4593 1292 4652 deinde
1321 4599 1558 4666 torqueri
1585 4615 1647 4655 ac
1662 4616 1781 4656 sus-

183 4675 344 4744 pendi
377 4694 389 4729 :
430 4692 536 4746 quo
564 4686 806 4754 tempore
827 4682 1132 4737 coruscatio
1157 4685 1224 4739 de
1241 4685 1393 4740 cwlis
1417 4687 1556 4742 facta
1581 4689 1778 4745 multos

184 4768 554 4823 ministrorum
586 4771 856 4839 percussit
884 4789 895 4824 :
937 4773 1130 4829 deinde
1148 4774 1311 4842 jussit
1338 4778 1540 4835 loculus
1569 4781 1774 4847 afferri,

181 4870 378 4916 cteam
407 4861 705 4916 immissam
743 4878 807 4917 ac
835 4863 1015 4928 fixam,
1043 4869 1198 4935 quasi
1227 4869 1432 4941 lignum
1461 4874 1636 4928 secari
1659 4889 1774 4930 me-

181 4951 364 5014 diam;
388 4951 482 5005 sed
503 4967 608 5006 non
634 4967 756 5007 eam
780 4954 1063 5011 carniﬁces
1084 4960 1247 5014 serris
1269 4961 1462 5017 laedere
1490 4963 1774 5021 valebant:

179 5057 301 5112 qua!
335 5041 478 5095 inter
515 5049 738 5112 stupens
774 5044 1038 5101 Evilasius
1076 5047 1291 5104 Christo
1320 5053 1543 5109 credere
1571 5056 1770 5124 ('(Bpit;

184 5145 237 5186 γι
268 5133 372 5187 hoc
397 5131 487 5186 ubi
523 5132 838 5203 imperatori
883 5137 1189 5193 nuntiatum
1243 5149 1342 5204 est,
1398 5144 1543 5199 misit
1587 5145 1778 5215 pnefc—

181 5233 350 5286 (-ttltn,
407 5223 499 5291 qui
544 5238 668 5278 eum
714 5239 1034 5294 suspensum
1082 5229 1295 5288 fortiter
1318 5244 1604 5309 torqueret
1634 5256 1647 5292 :
1682 5241 1774 5309 qui

181 5311 344 5367 etiam
391 5312 555 5382 jussit
607 5313 866 5370 Faustam
916 5319 1114 5374 nudam
1152 5332 1206 5377 et
1237 5307 1352 5380 sine
1394 5327 1622 5384 maforte
1665 5307 1777 5402 [Sic

179 5401 307 5472 ms.]
335 5404 490 5458 educi
521 5405 587 5460 de
613 5420 855 5475 carcere,
882 5419 938 5465 et
962 5411 1010 5464 ei
1033 5423 1192 5482 caput
1222 5416 1480 5472 terebrari
1505 5435 1570 5474 ac
1594 5401 1776 5478 clavos

181 5492 356 5565 intigi,
406 5495 494 5550 cui
542 5502 886 5566 postmodum
935 5519 1039 5558 non
1083 5506 1252 5562 solum
1294 5521 1452 5580 caput
1489 5522 1544 5567 et
1588 5514 1774 5581 facies,

179 5583 276 5638 sed
306 5593 360 5638 et
388 5595 575 5656 pectus
605 5597 659 5644 et
687 5599 858 5646 totum
891 5610 1084 5664 corpus
1115 5613 1285 5668 usque
1314 5602 1380 5655 ad
1423 5603 1571 5670 tibia,
1607 5605 1774 5665 clavis

183 5676 464 5746 impletum
499 5689 600 5734 est.
645 5681 771 5738 Post
805 5685 919 5741 haec
947 5695 1000 5742 et
1029 5690 1355 5760 sartaginem
1403 5694 1558 5765 igniri
1584 5697 1770 5767 jussit,

1890 3320 2043 3375 niens
2075 3319 2376 3376 Seleuciam
2404 3323 2666 3392 requievit
2701 3324 2753 3377 in
2800 3339 2952 3394 pace.
3000 3326 3131 3382 Item
3171 3329 3361 3384 eodem
3391 3331 3480 3387 die

1887 3411 2071 3467 Romae
2112 3413 2295 3483 passio
2335 3414 2450 3471 Lini
2481 3431 2653 3487 papm,
2683 3418 2772 3487 qui
2813 3429 2930 3488 post
2972 3421 3243 3490 apostolos
3267 3423 3478 3493 primus

1886 3502 2200 3557 cathedram
2245 3503 2603 3574 episcopalem
2643 3505 2714 3560 ibi
2763 3507 2932 3561 tenuit
2976 3523 3146 3565 annos
3203 3513 3475 3581 undecim,

1889 3608 2098 3648 menses
2125 3602 2348 3666 septem,
2382 3595 2497 3650 dies
2524 3596 2801 3651 tredecim.

1957 3702 2067 3757 VIII
2095 3703 2228 3760 ΚΑι.
2277 3703 2567 3775 Coneeptio
2599 3706 2821 3763 Joannis
2867 3709 3142 3780 Baptistze,
3192 3721 3242 3766 et
3281 3712 3332 3766 in
3358 3714 3475 3768 Au-

1884 3797 2186 3865 gustoduno
2234 3798 2412 3853 natale
2457 3801 2720 3856 Andocbii
2762 3805 3086 3875 presbyteri,
3115 3806 3310 3878 Thyrsi
3350 3810 3473 3863 dia-

1884 3889 2028 3954 coni,
2057 3897 2108 3943 et
2137 3889 2355 3956 Felicis,
2397 3891 2488 3960 qui
2520 3907 2550 3946 a
2579 3901 2767 3949 sancto
2796 3892 3096 3967 Polyearpo
3123 3897 3373 3968 episcopo
3401 3900 3469 3957 ab

1884 3979 2103 4037 Oriente
2127 3980 2319 4036 directi
2367 3983 2433 4036 ad
2480 3983 2777 4039 docendam
2803 3985 3030 4041 Galliam
3053 3988 3153 4043 sub
3180 3987 3470 4048 Aureliano

1883 4071 2127 4143 principe
2153 4081 2280 4127 sunt
2323 4074 2710 4144 gloriosissime
2755 4079 3037 4142 coronati:
3073 4080 3336 4150 siquidem
3378 4084 3475 4140 lla-

1883 4163 2037 4234 gellis
2082 4165 2228 4230 caesi,
2286 4166 2338 4220 in
2394 4166 2583 4222 ultimo
2636 4177 2748 4224 tota
2805 4170 2891 4224 die
2941 4171 3169 4230 inversis
3221 4176 3469 4231 manibus

1883 4254 2150 4325 suspensi,
2175 4255 2230 4308 in
2251 4254 2428 4326 ignem
2454 4257 2628 4323 missi,
2657 4261 2750 4314 sed
2782 4275 2886 4316 non
2915 4263 3197 4318 combusti.
3230 4264 3468 4322 Tandem

1883 4345 2125 4400 vectibus
2152 4345 2286 4401 colla
2316 4346 2604 4415 feriuntur,
2640 4351 2731 4405 ubi
2759 4351 3188 4422 Symphorianns
3230 4366 3354 4412 tunc
3385 4360 3467 4411 vi-

1880 4435 2013 4505 ginti
2042 4451 2326 4502 annorum,
2354 4439 2444 4507 qui
2466 4449 2652 4510 postea
2682 4456 2874 4510 passus
2895 4452 2996 4509 est,
3026 4460 3237 4516 semper
3261 4448 3472 4518 vigilias

1883 4536 1930 4582 et
1961 4529 2236 4583 orationes
2274 4530 2490 4600 agebat.
2523 4530 2722 4586 Eodem
2757 4532 2844 4589 die
2894 4534 3159 4605 depositio
3201 4537 3469 4595 Solenmis

1808 4601 2144 4687 Depisc0pi,
2177 4619 2266 4688 qui
2312 4619 2380 4673 ab
2428 4620 2655 4676 infantia
2703 4622 2795 4679 Dei
2845 4601 3066 4681 servitio
3096 4628 3320 4684 devotus
3347 4628 3464 4694 fuit,

1883 4708 2166 4776 quietiam
2197 4708 2471 4764 miraculis
2515 4711 2729 4768 claruit.
2773 4713 2907 4770 Nam
2949 4733 3069 4773 cum
3110 4721 3338 4789 quadam
3382 4723 3468 4778 die

1885 4795 2093 4851 itineris
2135 4797 2218 4852 sui
2262 4799 2700 4867 proﬁcisceretur
2749 4803 2974 4870 callem,
3019 4809 3235 4864 obvium
3281 4811 3470 4866 habuit

1879 4887 2152 4942 hominem
2199 4903 2228 4942 a
2272 4891 2554 4947 nativitate
2603 4909 2828 4960 aecum,
2875 4899 3095 4953 surdum
3141 4911 3195 4956 et
3234 4912 3464 4971 mutum,

1879 4991 2040 5046 quem
2071 4979 2381 5049 complexus
2409 4981 2549 5037 collo
2570 4985 2720 5039 oscul
2742 4986 2857 5053 ivit,
2885 4996 2940 5043 et
2975 4990 3082 5046 cito
3121 5007 3311 5048 sanum
3342 4997 3463 5051 red-

1879 5066 2031 5120 didit.
2093 5067 2190 5122 llic
2245 5069 2408 5125 etiam
2448 5087 2572 5127 cum
2620 5074 2872 5131 defuncto
2929 5077 3246 5137 Carnotensi
3316 5087 3467 5142 urbis

1877 5159 2130 5229 episcopo
2159 5161 2362 5218 electus
2396 5172 2480 5218 est
2506 5165 2572 5219 ad
2599 5167 2994 5238 epise0patum,
3025 5188 3185 5242 quem
3222 5189 3351 5246 ergo
3378 5177 3462 5231 in-

1881 5251 2022 5305 vitus
2064 5252 2291 5322 accepit.
2335 5253 2664 5312 Ludovicum
2705 5273 2836 5318 vero
2880 5276 3061 5331 regem
3099 5265 3274 5319 adhuc
3300 5281 3466 5338 paga-

1880 5357 2026 5403 num,
2066 5344 2156 5413 qai
2188 5345 2375 5399 eodeni
2411 5354 2653 5418 tempore
2697 5347 2921 5406 Francis
2972 5352 3294 5422 imperabat,
3338 5372 3460 5412 cum

1879 5429 2037 5486 vellet
2065 5443 2252 5488 contra
2281 5433 2486 5491 Gothos
2515 5437 2569 5492 in
2599 5439 2796 5494 bellum
2826 5457 3068 5513 pergere,
3098 5446 3252 5515 signo
3282 5449 3461 5503 crucis

1877 5521 1932 5576 iu
1971 5524 2132 5579 corde
2168 5534 2223 5580 et
2261 5526 2314 5581 in
2352 5537 2571 5598 pectore
2596 5532 2851 5598 armavit,
2899 5542 2952 5588 et
2996 5536 3074 5590 sic
3122 5537 3350 5591 victoria
3394 5539 3461 5592 de

1876 5612 2119 5669 hostibus
2149 5615 2394 5684 potitum.
2422 5633 2486 5672 ac
2513 5619 2658 5674 domi
2688 5636 2964 5678 reversum
2996 5624 3154 5678 simul
3184 5641 3308 5680 cum
3335 5641 3458 5680 san-

1872 5711 1961 5757 cto
2002 5704 2283 5776 Rhemigio
2331 5707 2716 5765 Rbemensium
2759 5713 2910 5767 urbis
2947 5716 3228 5785 episcopo,
3281 5717 3456 5771 divina

253 5801 281 5831 ει
315 5787 414 5844 llic
458 5791 640 5847 omisit
687 5794 937 5854 Raban‘ns
977 5799 1248 5856 Eustachii
1284 5814 1651 5874 portentosam
1679 5810 1983 5879 historiam,
2012 5824 2066 5870 et
2109 5817 2302 5874 merito
2327 5819 2585 5889 quidem:
2625 5824 2703 5879 sic
2747 5834 2802 5882 et
2840 5825 3126 5884 Notkerus.
3156 5828 3312 5886 Bassa
