3924 6346
522 438 644 489 117i

1152 435 1207 489 Β.
1253 435 1503 490 ἱὶ.⁵ιές;⁵ιῖ“ἶ1
1541 434 1755 490 Μλῐῐὶι
1791 433 2104 491 ARCHSEP.

2147 437 2457 496 MOGUNT.
2495 438 2779 496 OPERUM
2823 438 2998 495 PARS
3039 440 3097 495 ll.
3628 452 3721 502 Hii

511 552 721 607 favente
756 551 968 614 virtute,
997 565 1118 604 cum
1148 549 1331 621 gratia:
1361 550 1640 604 alacritate
1674 548 1996 618 baptizavit;
2034 557 2086 603 et
2114 559 2160 615 Α
2190 553 2417 622 sumpsit
2455 555 2754 609 exordium.
2796 553 2992 624 Sicque
3033 555 3257 613 devotus
3283 558 3339 612 in
3379 562 3592 616 SCI‘\'lll0
3619 565 3719 620 inter

507 657 628 698 cunt
658 643 841 696 eodem
894 650 1162 695 trecentos
1210 642 1544 710 septuaginta
1593 640 1799 695 nobiles
1839 650 2083 710 satrapas

508 747 663 786 sacro
689 730 835 785 fonte
866 740 1209 800 regeneratos
1240 732 1291 784 in
1322 732 1522 800 Spiritu
1568 740 1754 786 sancto
1783 732 2083 801 adoptionis

507 824 794 894 parturivit
824 824 997 879 filios:
1029 824 1213 892 sicque
1240 835 1567 878 memoratus
1598 834 1817 877 sanctus
1852 824 1942 878 Dei
1975 832 2083 879 tres

505 918 836 986 t>l}'ttlpitt;ias
866 930 1055 984 gerens
1087 917 1137 968 in
1167 917 1474 985 CpiSt'npttltl
1505 915 1567 968 de
1600 915 1699 969 hac
1741 915 1856 969 luce
1889 916 2084 982 migra—

508 1012 582 1062 vit
620 1010 685 1062 ad
720 1009 1014 1061 Christum.
1073 1006 1257 1060 Roma:
1306 1006 1481 1059 tn‘itale
1530 1005 1786 1059 Priscillae
1811 1013 1865 1059 et
1901 1004 2082 1059 Liberi

501 1100 736 1168 episcopi
788 1108 841 1150 ct
887 1095 1232 1151 confessoris.
1280 1096 1536 1165 Lugdune
1589 1093 1774 1148 Gallirc
1820 1094 2082 1163 depositio

503 1193 671 1245 sancti
706 1190 836 1260 Lupi
868 1190 1122 1258 cpiScOpi.

577 1282 659 1336 γυ
692 1282 820 1335 litt.
862 1279 1047 1333 Natale
1078 1277 1250 1333 sancti
1288 1276 1516 1331 Firmini
1549 1275 1818 1345 martyris.
1858 1274 1914 1328 In
1954 1274 2079 1329 Asia

503 1373 681 1427 natale
722 1369 1097 1433 Bartlomiaui,
1132 1367 1359 1435 Eucarpi
1400 1374 1454 1420 et
1500 1365 1721 1419 aliorum
1754 1364 1939 1435 viginti
1962 1378 2078 1418 sex.

575 1463 637 1518 Vl
667 1462 798 1517 liae.
843 1461 1163 1516 Sanctorum
1208 1468 1502 1529 martyrum
1531 1458 1784 1528 Cypriani
1820 1456 2078 1527 episcopi,

501 1566 553 1607 et
589 1552 831 1615 Iustinae,
879 1566 1106 1619 quorum
1149 1548 1356 1605 Iustina
1400 1550 1500 1604 sub
1542 1548 1871 1604 Diocletiano
1916 1548 2082 1603 multa

500 1651 719 1711 propter
765 1638 1036 1694 Christum
1089 1652 1364 1707 perpessa,
1409 1637 1581 1707 ipsum
1610 1653 1822 1707 quoque
1862 1636 2082 1707 Cypria-

502 1749 654 1796 num,
681 1747 803 1786 cum
839 1739 979 1787 esset
1018 1744 1223 1800 magus,
1255 1738 1309 1783 et
1330 1730 1551 1799 magicis
1581 1728 1693 1783 suis
1720 1744 1837 1783 eam
1865 1729 2083 1783 demen-

503 1830 619 1877 tare
644 1829 950 1884 conaretur,
977 1818 1244 1875 convertit
1270 1821 1335 1875 ad
1364 1818 1635 1875 Christum
1657 1860 1671 1885 ,
1695 1806 1944 1891 cumquo
1967 1819 2079 1890 jam

2188 644 2489 698 monachos
2506 644 2755 699 habitans
2778 645 2965 699 multis
2993 645 3282 701 virtutibus
3308 650 3523 713 claruit,
3548 662 3595 707 et
3616 657 3716 710 mul-

2186 743 2270 787 tos
2307 734 2374 787 ad
2405 734 2561 789 fidem
2594 734 2793 789 Christi
2838 738 3141 791 convertit:
3188 739 3255 791 ad
3293 749 3588 796 extrenmm
3622 760 3716 802 vero

2184 831 2307 893 post
2349 839 2532 880 sacros
2577 825 2807 890 labores,
2836 827 2927 895 qui
2968 842 3061 894 per
3101 827 3328 898 insignia
3357 829 3598 885 virtutum
3632 835 3714 904 ejus

2184 914 2514 978 claruerunt,
2550 932 2578 968 a
2624 918 2872 984 praesenti
2919 918 3259 974 trilmlatione
3293 921 3360 974 ad
3389 927 3712 979 a-letnatnnti-

2149 1004 2363 1073 -gravit
2395 1006 2658 1073 requiem.

2260 1093 2322 1147 γι
2362 1093 2495 1148 Non.
2526 1093 2811 1150 Ocromns.
2845 1095 2899 1149 lu
2937 1096 3121 1151 Galliis
3159 1098 3335 1152 natale
3365 1101 3529 1154 sancti
3553 1102 3708 1158 Letale-

2185 1183 2318 1251 garii
2364 1185 2598 1254 episcopi
2642 1194 2697 1240 et
2736 1186 3081 1241 confessoris.
3120 1187 3177 1241 In
3210 1187 3543 1256 Nicomedia,
3584 1199 3707 1251 sanat

2185 1272 2499 1327 Eleuther-ii.

2255 1362 2460 1418 VNON.
2504 1363 2655 1433 Aputl
2702 1366 2953 1435 antiquos
3000 1367 3243 1423 Saxones
3306 1371 3480 1426 natale
3532 1373 3709 1432 duorum

2186 1450 2559 1507 Hewaldorum
2617 1456 3078 1525 presbyterorum,
3131 1460 3220 1526 qui
3277 1476 3397 1512 cum
3444 1462 3712 1517 \Vilibmrttu

2183 1542 2434 1611 episcopo
2477 1543 2756 1598 venientes
2806 1545 2855 1598 in
2907 1544 3251 1601 Germaniam
3311 1552 3618 1604 U‘ﬂllSlt‘l‘tllll
3666 1556 3713 1606 ad

2186 1632 2446 1699 Saxones,
2476 1643 2673 1689 etcum
2700 1636 2996 1703 praedicare
3023 1638 3295 1693 Christum
3338 1642 3407 1694 iiii
3454 1644 3711 1710 ριηιίεςέξωι,

2185 1726 2558 1795 comprehensi
2600 1738 2725 1779 sunt
2769 1742 2798 1779 a
2848 1728 3071 1797 paganis
3109 1736 3161 1782 ct
3201 1731 3281 1784 sic
3309 1732 3471 1784 oec'isi
3502 1736 3715 1787 suntzal

2184 1832 2409 1886 quorum
2438 1832 2663 1886 corpora
2712 1826 2867 1873 noctu
2910 1819 2997 1871 diu
3040 1819 3203 1873 multa
3246 1822 3334 1874 lux
3379 1837 3639 1890 apparens,
3679 1832 3719 1878 et

501 1911 754 1981 episcopo
785 1919 839 1966 et
885 1909 1044 1965 nobili
1095 1910 1313 1965 doctore
1359 1910 1501 1965 facto
1523 1950 1536 1972 ,
1581 1911 1949 1981 martyrizav‘it
1984 1913 2082 1968 sub
2114 1912 2158 1971 B
2188 1908 2275 1964 ubi
2307 1916 2489 1964 essent
2531 1916 2585 1963 et
2624 1908 2778 1977 cujus
2803 1916 2985 1962 essent
3017 1911 3192 1964 meriti
3223 1910 3534 1964 declaravit.
3562 1912 3717 1967 lio-leui

500 2002 723 2056 Claudio
748 2001 1007 2070 principe.

574 2088 614 2141 V
638 2089 771 2144 ΚΜ..
803 2090 1011 2144 Cosnnr
1038 2097 1091 2142 et
1134 2088 1376 2144 Damiani
1411 2090 1509 2144 sub
1546 2093 1919 2160 persecutione
1954 2092 2077 2148 Dio-

502 2178 716 2233 cletiani
750 2186 806 2232 et
829 2166 1156 2242 Maximiani,
1201 2178 1425 2248 praeside
1457 2178 1572 2248 ejus
1596 2178 1756 2250 Lysia
1779 2180 1833 2235 in
1862 2180 2079 2235 civitate

502 2267 702 2337 .‘Egea;
729 2269 818 2338 qui
850 2277 969 2338 post
1000 2268 1163 2322 multa
1204 2277 1493 2335 tormenta,
1525 2270 1735 2325 vincula
1761 2280 1815 2326 et
1833 2287 2080 2327 carceres

502 2364 772 2425 toleralos,
816 2371 937 2431 post
969 2378 1117 2417 mare
1140 2372 1195 2418 et
1216 2365 1388 2435 ignes,
1426 2380 1666 2430 crucem,
1696 2364 2072 2435 lapidationem

499 2464 554 2506 et
578 2453 799 2523 sagittas
834 2453 1090 2508 divinitus
1125 2464 1427 2523 superatas,
1459 2455 1635 2524 capite
1656 2440 1981 2526 plectuntur.

569 2541 635 2596 IV
662 2542 793 2596 KAL.
827 2541 1009 2597 Roma:
1044 2543 1218 2598 natale
1262 2543 1483 2609 Staetei,
1525 2555 1581 2599 ct
1606 2545 1657 2599 in
1703 2544 1901 2612 Africa,
1935 2546 2077 2600 Mar-

501 2634 663 2699 tialis,
708 2633 978 2690 Laurentii
1005 2644 1058 2689 et
1086 2635 1313 2690 aliorum
1348 2637 1555 2707 viginti.
1585 2637 1961 2695 Antissiodoro
1986 2641 2081 2695 dc-

496 2725 694 2795 positio
728 2725 898 2780 saneti
946 2726 1097 2781 Alodi
1144 2726 1396 2797 cpisopi.
1439 2728 1496 2782 In
1536 2727 1705 2785 Gallia
1733 2730 1951 2785 civitate
1979 2731 2083 2786 Ge-

500 2834 604 2871 nua
648 2817 907 2886 depositio
954 2818 1132 2873 Saloni
1180 2818 1529 2892 [Salomonis]
1577 2822 1833 2891 episcopi.
1882 2823 2080 2878 Eodem

500 2909 586 2962 die
631 2911 681 2962 in
733 2909 1019 2964 Germania
1078 2912 1340 2981 depositio
1408 2911 1601 2968 Leobte
1655 2913 1916 2985 virginis,
1962 2928 2083 2983 qua:

503 3004 556 3056 in
586 3002 858 3057 Britannia
895 3004 1066 3058 insula
1093 3019 1154 3059 ex
1192 3004 1464 3059 Saxonum
1502 3016 1658 3075 gente
1688 3015 1830 3072 nata,
1858 3006 2082 3078 virgini-

504 3094 630 3149 tatis
654 3094 983 3163 propositum
1035 3094 1084 3147 in
1127 3096 1450 3150 monasterio
1472 3096 1645 3166 posita
1682 3096 1933 3151 nobiliter
1961 3112 2077 3152 ser-

504 3185 665 3249 vavit,
709 3195 891 3256 postea
923 3203 1047 3241 vero
1078 3202 1104 3239 a
1153 3196 1338 3240 sancto
1371 3186 1642 3242 Donifacio
1674 3188 2077 3257 archiepiscopo

2180 1999 2267 2054 die
2286 1998 2466 2069 passio
2500 2000 2673 2054 sancti
2704 1999 2973 2069 Leutgarii
3004 2000 3503 2069 Augustodunensis
3529 2002 3721 2070 episcopi

2179 2087 2506 2155 celebratur,
2542 2086 2633 2157 qui
2701 2086 3128 2142 Christianorum
3196 2104 3381 2158 regum
3440 2092 3721 2159 tenuioribus

2178 2177 2401 2235 ell‘ectus
2424 2188 2511 2234 est
2536 2187 2763 2250 martyr,
2791 2179 2891 2231 huc
2915 2186 3017 2241 est,
3044 2177 3299 2232 Ludhat'ii
3330 2180 3490 2250 regis,
3516 2193 3563 2232 et
3589 2181 3723 2233 Thm-

2181 2270 2349 2326 dorici
2378 2270 2560 2325 fratris
2579 2268 2717 2337 ejus,
2746 2284 2843 2323 nec
2874 2285 2977 2322 non
3008 2277 3059 2323 et
3092 2268 3325 2333 lliltrici,
3351 2284 3447 2339 per
3478 2269 3721 2328 factionem

2186 2359 2506 2415 malitiosam
2537 2359 2833 2423 Ebunvini,
2868 2359 2957 2428 qui
3004 2358 3369 2428 majordomus
3414 2361 3531 2425 fuit,
3571 2358 3723 2415 crude-

2188 2450 2409 2505 lissimis
2453 2450 2736 2506 tormentis
2776 2448 3001 2504 alllietus
3047 2449 3437 2519 oculormnque
3484 2451 3725 2505 etlossioue

2187 2542 2457 2595 cruciatus
2485 2558 2498 2594 :
2532 2541 2596 2594 ad
2627 2522 2928 2594 extremum
2962 2539 3139 2609 gladio
3165 2551 3474 2610 peremptus
3506 2551 3602 2605 est.
3635 2554 3728 2610 pen

2185 2631 2337 2702 cujus
2364 2633 2677 2702 martyrium
2700 2632 2882 2687 multis
2904 2632 3285 2687 miraculorum
3311 2633 3479 2703 signis
3507 2632 3728 2687 Dominus

2186 2722 2440 2793 reliquias
2466 2723 2632 2793 ipsius
2657 2723 2997 2791 glorificavit.

2253 2811 2317 2867 IV
2353 2812 2485 2869 Non.
2520 2814 2573 2867 In
2606 2811 2859 2885 IEgypto,
2913 2813 3066 2869 Marti
3096 2821 3149 2869 et
3183 2813 3520 2868 Mauriciani.
3552 2812 3728 2873 Romre,

2185 2904 2421 2960 Marcelli
2447 2907 2682 2976 episcopi
2701 2924 2715 2973 ;
2733 2917 2787 2962 et
2812 2909 2862 2961 in
2890 2907 3091 2975 Africa,
3115 2909 3361 2963 Audacti.
3391 2908 3730 2963 Antissiodoro

2184 2995 2445 3065 depositio
2472 2995 2629 3050 Marsi
2650 2998 2970 3068 presbyteri.

2251 3085 2317 3140 III
2343 3084 2475 3141 Non.
2504 3087 2560 3140 ln
2586 3086 2767 3143 Sicilia
2799 3089 2976 3144 natale
3004 3089 3174 3145 Eutici
3214 3088 3511 3162 [Eutychii]
3539 3097 3587 3143 et
3614 3087 3725 3140 alio-

2182 3189 2301 3228 rum
2347 3174 2583 3245 triginta.
2623 3175 2679 3230 lu
2714 3175 2922 3242 Galliis,
2966 3179 3181 3234 civitate
3207 3178 3471 3243 Valentia,
3500 3176 3729 3247 depositio

508 3275 954 3346 MOguntiacensis
1015 3276 1267 3332 Ecclesiae
1318 3279 1367 3331 in
1416 3277 1759 3333 Germaniam
1805 3280 2079 3341 advocata,

2189 3263 2329 3317 beati
2358 3263 2681 3334 Apollinaris
2708 3267 2964 3338 episcopi.
2997 3269 3062 3323 Et
3087 3268 3139 3323 in
3176 3268 3384 3332 Galliis,
3413 3269 3621 3323 civitate
3641 3267 3730 3321 An-

512 3374 568 3416 nt
618 3363 844 3419 famulas
892 3365 983 3417 Dei
1044 3365 1096 3419 in
1155 3368 1496 3423 monasteriis
1544 3368 1846 3423 Germania:
1890 3369 2084 3423 divinis

512 3460 805 3529 Scripturis
834 3458 1120 3513 instrueret
1146 3478 1156 3511 :
1191 3460 1277 3513 ubi
1310 3477 1412 3514 non
1441 3460 1607 3514 solum
1638 3461 1801 3515 multa
1824 3461 2083 3515 miracula

510 3550 696 3604 vivens
745 3548 891 3613 fecit,
940 3549 1047 3602 imo
1088 3556 1207 3618 post
1247 3550 1449 3603 obitum
1501 3550 1551 3603 in
1603 3549 1869 3604 Boehonia
1908 3550 2039 3604 silva
2067 3590 2081 3612 ,

514 3641 613 3693 hoc
641 3648 724 3693 est
752 3640 801 3692 in
836 3640 1161 3696 monasterio
1192 3639 1377 3701 Fulda,
1408 3638 1559 3706 juxta
1601 3640 1872 3693 decretum
1914 3641 2082 3693 sancti

507 3731 765 3785 Bonifacii
805 3731 1030 3800 sepulta.
1079 3748 1183 3786 non
1222 3732 1405 3802 paucis
1447 3732 1717 3785 miraculis
1744 3732 2081 3786 sanctitatem

511 3841 659 3878 suam
689 3823 1002 3878 declaravit.

575 3913 639 3967 Ill
678 3913 794 3967 Kal.
828 3914 1100 3968 Dedicatio
1124 3913 1364 3968 ecclesia)
1391 3914 1559 3967 sancti
1594 3913 1777 3982 Angeli
1812 3913 2085 3967 Michaelis

506 4006 557 4056 in
591 4012 771 4058 monte
797 4004 1063 4072 Gargano.
1088 4003 1143 4057 In
1167 4002 1395 4057 Thracia
1418 4003 1635 4057 civitate
1665 4004 1885 4057 liraclca
1906 4003 2085 4057 natale

506 4093 700 4148 Euticii
730 4092 1010 4165 [Eutichii]
1048 4093 1218 4146 Plauti
1247 4094 1649 4147 :Antissiodoro
1675 4095 1936 4163 depositio
1960 4095 2085 4148 Fra-

510 4185 646 4236 terni
679 4184 933 4254 episcopi.

579 4276 618 4329 ll
668 4276 781 4329 Kal.
835 4277 888 4328 lu
934 4274 1237 4327 Bethlehem
1266 4272 1434 4338 Judxe,
1476 4274 1737 4342 depositio
1774 4273 2081 4344 Hieronymi

508 4366 828 4435 presbyteri,
855 4366 1005 4434 cujus
1032 4365 1135 4416 vita
1169 4376 1219 4417 et
1248 4365 1489 4417 doctrina
1525 4365 1720 4434 ubique
1747 4365 1799 4418 in
1831 4365 2085 4420 Ecciesiis

509 4459 707 4511 (Ihristi
739 4457 1020 4529 laudauilis
1044 4464 1252 4519 exstat;
1291 4456 1561 4525 quommlo
1589 4456 1794 4510 divinos
1823 4456 1988 4511 libros
2017 4472 2079 4510 cx

510 4550 683 4615 lingua
710 4547 927 4601 lichttea
966 4547 1016 4598 in
1048 4547 1287 4599 Latinam
1318 4548 1608 4607 transtulit,
1639 4548 2083 4616 pt‘opltcticosque

2122 3354 2141 3371 "
2191 3352 2474 3407 tissiodoro
2498 3395 2512 3418 ,
2541 3355 2719 3409 natale
2762 3366 3070 3412 sanctorum
3122 3374 3495 3429 germanorum
3534 3356 3726 3414 Finnati

2185 3443 2417 3509 diaconi,
2442 3451 2497 3497 et
2522 3444 2807 3509 Flavianze,
2841 3446 3064 3516 virginis
3091 3448 3199 3503 Deo
3221 3456 3464 3503 sacratae.

2255 3533 2294 3589 ll
2338 3532 2471 3589 Non.
2521 3536 2788 3605 Depositio
2844 3539 3015 3592 sancti
3070 3538 3234 3592 Marci
3281 3538 3545 3607 cpisc0pi;
3592 3544 3638 3590 et
3682 3535 3725 3589 tn

2185 3624 2395 3692 Apulia,
2418 3623 2563 3678 Casti
2588 3632 2642 3677 et
2669 3624 2852 3679 Aimili
2886 3625 3157 3697 [/Emiliij.
3202 3626 3258 3680 In
3302 3626 3512 3691 Galliis,
3543 3626 3727 3679 civitate

2185 3715 2426 3785 Agcnno,
2456 3717 2631 3771 natale
2654 3720 2824 3772 sancti
2858 3720 3000 3774 Fidei
3026 3722 3297 3792 martyris.
3330 3720 3389 3775 lu
3416 3722 3619 3777 civitate
3636 3720 3727 3773 Au-

2186 3810 2470 3864 tissioloro
2501 3802 2762 3878 depositio
2791 3812 3016 3865 Romani
3045 3814 3300 3884 episcopi.

2256 3900 2388 3954 Nox.
2419 3901 2552 3955 0m.
2596 3901 2781 3956 Passio
2809 3916 3117 3957 sanetorum
3163 3913 3458 3974 martyrum
3498 3902 3653 3972 Sergii
3684 3909 3730 3955 et

2211 3991 2371 4053 taciti,
2416 3991 2505 4059 qui
2551 3993 2649 4049 sub
2686 3992 3006 4047 Maximiano
3056 3992 3378 4063 imperatore
3425 4010 3519 4063 pro
3557 3990 3733 4049 Christi

2186 4082 2401 4135 nomine
2427 4082 2568 4151 passi
2596 4090 2738 4135 sunt.
2775 4081 2907 4135 Nam
2936 4081 3155 4152 Sergius
3178 4083 3517 4153 primicerius
3539 4092 3586 4136 et
3606 4081 3731 4151 prin-

2186 4194 2313 4248 ceps
2338 4187 2451 4231 emt
2476 4179 2776 4246 gentilium,
2805 4180 3010 4234 amicus
3031 4180 3390 4250 imperatoris.
3420 4180 3604 4236 Beatus
3622 4193 3731 4233 vero

2186 4269 2395 4323 ltacbns
2425 4270 2822 4323 secundieerius
2845 4280 2961 4325 erat
2981 4270 3216 4338 ejusdem
3245 4272 3443 4325 scholze
3465 4270 3725 4339 gentilium.

2189 4359 2251 4413 lli
2284 4376 2412 4429 ergo
2447 4360 2514 4413 ab
2539 4361 2803 4415 Antiocho
2830 4365 2961 4416 duce
2987 4377 3083 4430 pro
3121 4362 3321 4416 Christi
3352 4364 3580 4424 nomine,
3601 4363 3729 4429 jussu

2189 4451 2494 4506 Maximiani
2540 4454 2900 4523 imperatoris,
2937 4455 3079 4523 passi
3111 4463 3235 4507 sunt
3272 4473 3283 4506 :
3337 4456 3409 4507 ita
3459 4464 3514 4507 ut
3552 4453 3732 4507 Itacltus

2187 4544 2312 4595 dum
2362 4552 2616 4597 extensus
2666 4545 2849 4597 crudis
2894 4543 3115 4613 ﬂagellis
3157 4544 3454 4597 mederetur
3497 4544 3733 4598 emitteret

510 4641 673 4691 libros
714 4652 869 4691 sensu
917 4637 1200 4705 allegorica
1242 4637 1508 4703 evposuit.
1543 4637 1673 4690 Cum
1708 4646 1882 4691 autem
1929 4646 2081 4690 octo-
2116 4609 2161 4666 D
2190 4632 2453 4699 militum.
2492 4631 2710 4702 Sergius
2749 4648 2874 4686 vero
2920 4641 3040 4701 post
3074 4632 3237 4687 multa
3285 4641 3543 4687 tormenta
3586 4630 3733 4702 gla'Lio

506 4732 651 4797 pinta
684 4737 735 4781 et.
759 4738 880 4780 octo
908 4743 1166 4779 muniuntur
1203 4728 1587 4796 dicscxplcvit,
1635 4729 1797 4782 vitam
1844 4744 2081 4797 prze'scn-

510 4829 618 4874 tcm
645 4820 919 4880 deserens,
952 4818 1013 4873 ad
1043 4828 1298 4871 arternam
1338 4820 1573 4887 requiem
1604 4820 1904 4887 etidgravit.

1040 4947 1522 5023 OCTOBEH.

584 5077 714 5130 KAL.
759 5076 959 5131 Ocron.
1008 5077 1061 5130 ln
1106 5076 1313 5137 Galliis,
1350 5077 1566 5132 civitate
1585 5078 2081 5141 Autissiodurense,

510 5167 772 5235 depositio
818 5166 985 5220 sancti
1026 5164 1278 5220 Germani
1322 5166 1551 5235 episcopi
1587 5165 1807 5222 ltliemis
1846 5168 2079 5231 civitate,

514 5256 753 5309 lietnedii
802 5255 1056 5324 episcopi.
1084 5254 1300 5309 Adratis
1325 5254 1666 5327 [Attrebatis]
1698 5255 1913 5309 civitate
1943 5258 2080 5310 beati

512 5343 732 5400 Vedasti
762 5344 1016 5412 episcopi.
1041 5342 1223 5397 Gauda
1253 5338 1597 5408 monasterio,
1636 5344 1805 5397 sancti
1854 5343 2083 5398 Dabonis

513 5436 767 5505 episcopi.
797 5435 1031 5501 Quorum
1077 5435 1311 5487 omnimn
1352 5436 1786 5489 convcrsationes
1835 5446 1888 5488 et
1935 5446 2080 5503 gesta

517 5527 792 5581 miraculis
820 5527 971 5596 plena
998 5528 1299 5595 conscripta
1338 5529 1616 5582 habentur.
1654 5528 1851 5582 Eodem
1882 5530 1966 5582 die
1990 5545 2085 5583 na-

515 5614 621 5668 tale
647 5614 829 5669 Fronti
872 5614 1199 5687 {Frontonis}
1241 5617 1473 5684 episcopi
1512 5626 1565 5671 et
1601 5616 1945 5681 confessoris,
1978 5630 2085 5672 ter~

517 5706 749 5761 minibus
776 5706 1063 5778 [terminis]
1094 5710 1238 5762 urbis
1287 5709 1641 5763 Petmcorictc
1684 5709 2081 5783 [Petragoriem]

516 5810 581 5847 ex
618 5795 733 5850 loco
759 5796 846 5864 qui
884 5797 1081 5852 dicitur
1106 5796 1374 5853 Linicasio
1416 5796 1623 5854 felicem
1669 5800 1840 5870 [felix]
1875 5803 2086 5856 lmninis

2190 4734 2358 4772 «usus
2387 4730 2488 4779 est,
2513 4730 2567 4773 et
2592 4721 2669 4773 sic,
2701 4721 2948 4789 migravit
2976 4720 3039 4773 ad
3067 4720 3361 4775 Christum.

2262 4806 2368 4861 Vili
2395 4808 2468 4861 lu.
2496 4809 2626 4863 OC'r.
2657 4807 2840 4863 Natale
2859 4810 3139 4878 Reparatm
3165 4809 3389 4875 virginis
3416 4819 3467 4863 et
3491 4807 3732 4875 martyris,

2190 4913 2307 4964 quae
2336 4914 2489 4966 passa
2518 4907 2600 4952 est
2643 4899 2693 4951 in
2726 4898 2988 4959 Czesarea,
3021 4900 3152 4952 urbe
3181 4899 3496 4963 Palaestina),
3526 4899 3617 4952 sub
3654 4896 3735 4948 De-

2189 4988 2275 5037 tio
2332 4987 2576 5055 pneside.
2634 4987 2758 5043 llaec
2816 5004 2936 5043 cum
2990 4990 3156 5042 nollet
3211 4990 3365 5044 idolis
3417 4989 3733 5045 sacriﬁcare.

2192 5090 2241 5142 ετξ
2260 5076 2364 5128 into
2394 5074 2630 5129 adhibita
2656 5084 2739 5131 est
2761 5076 2833 5130 illi
2860 5077 2959 5130 olla
2986 5078 3204 5146 plumbo
3248 5078 3487 5133 fervente
3512 5078 3732 5145 impleta:

2190 5166 2373 5234 poStea
2415 5165 2664 5221 abscissa}
2707 5176 2832 5221 sunt
2868 5168 2937 5221 illi
2981 5169 3247 5234 mamilla),
3279 5178 3332 5224 et
3376 5170 3633 5238 lampades
3669 5182 3737 5218 ar-

2192 5254 2379 5307 centes
2410 5256 2693 5319 adhibitae;
2725 5257 2916 5311 deinde
2954 5257 3005 5311 in
3048 5258 3320 5312 caminum
3352 5260 3488 5329 ignis
3521 5256 3735 5312 ardentis

2194 5342 2354 5396 missa
2382 5354 2458 5397 est
2491 5363 2500 5396 :
2531 5361 2649 5413 qna-
2674 5362 2794 5399 cum
2827 5347 2876 5399 in
2908 5347 3051 5399 nullo
3081 5349 3151 5401 ibi
3182 5347 3372 5403 fuisset
3398 5349 3542 5413 ltesa,
3569 5348 3627 5401 ad
3656 5362 3734 5399 cx-

2193 5446 2421 5490 tremum
2451 5439 2707 5492 ilccollata
2739 5449 2840 5504 est,
2887 5448 2940 5492 (Et
2986 5440 3239 5494 continuo
3269 5440 3335 5495 de
3362 5442 3497 5494 collo
3523 5440 3628 5508 ejus
3659 5454 3734 5488 e1-

2192 5531 2286 5584 ivit
2342 5531 2586 5585 columba
2644 5532 2793 5598 alba;
2850 5532 3002 5602 cujus
3051 5546 3245 5600 corpus
3284 5541 3564 5601 rapuerant
3596 5529 3733 5585 Citri-

2191 5621 2371 5685 stiani,
2406 5631 2459 5675 et
2485 5623 2755 5676 conditum
2789 5624 3120 5677 aromatibns
3147 5624 3490 5693 sepelierunt.

2266 5714 2349 5769 Vll
2382 5714 2454 5767 In.
2485 5715 2540 5768 ln
2564 5715 2769 5769 Parisio
2797 5716 2974 5784 passio
3007 5716 3239 5785 Dionysii
3283 5717 3511 5785 episcopi
3541 5724 3590 5768 et
3611 5724 3732 5766 mar-

2193 5805 2344 5872 tyris,
2371 5804 2657 5859 Eleuthcrii
2691 5803 2987 5875 presbyteri
3033 5804 3305 5858 ctRustiri
3352 5806 3553 5860 diaconi
3578 5822 3590 5856 ;
3616 5814 3732 5870 quos
