3924 6336
237 432 370 486 H73

1542 425 1733 480 MART
1750 425 1781 479 Υ
1793 423 2169 481 DOLOGIUM.

3353 426 3482 479 ll'ii

230 556 255 581 ιι
291 541 531 595 referunt
552 557 581 595 a
608 539 884 595 Clemente
912 556 1045 610 papa
1075 540 1128 594 iu
1156 538 1389 595 Galliam
1417 537 1482 591 ad
1507 538 1805 608 praalicau-
1834 539 1880 598 Α
1910 538 2196 593 mundanis
2228 535 2495 592 illecebris
2519 534 2697 591 dedita
2730 553 2742 590 :
2775 546 2958 607 postea
2990 552 3118 593 νοω
3140 554 3237 609 per
3258 541 3480 608 gratiam

229 633 356 685 dum
384 634 606 686 verbum
640 634 732 687 Dei
764 634 955 688 missos
983 643 1038 687 ct
1063 633 1259 687 ibidem
1287 632 1681 703 martyrizatos.
1707 630 1811 686 Ea-

230 721 354 777 dem
385 721 471 776 die
496 722 675 776 natale
702 731 785 777 cst
815 723 1061 777 Domnini
1090 722 1361 792 martyris,
1392 722 1483 790 qui
1513 722 1614 776 sub
1640 720 1810 776 Maxi—

231 812 413 866 tniano
454 812 777 880 iuqurmtrtre
808 822 1029 883 propter
1078 812 1237 866 fidem
1278 811 1478 866 Christi
1518 810 1811 866 decollatus

230 912 313 957 est
352 901 505 969 jussu
565 903 730 971 ipsius
775 902 1113 972 imperatoris
1148 919 1161 955 :
1200 902 1284 956 bie
1325 910 1448 972 post
1490 902 1809 973 martyrium

230 1012 391 1048 suum
424 995 589 1049 multa
614 995 873 1051 miracula
901 993 1032 1051 fecit
1056 994 1113 1050 in
1140 996 1374 1051 sanitate
1396 995 1734 1051 inﬁrmorum
1758 1003 1811 1052 et

231 1087 511 1140 debilium.

303 1175 368 1229 Vi
398 1176 471 1229 Io.
504 1177 558 1229 In
586 1176 879 1241 Britannia,
909 1176 1114 1230 Paulini
1154 1176 1379 1230 Eburaci
1409 1176 1662 1245 episcopi.

304 1265 345 1317 ἵ
374 1265 449 1319 In.
504 1265 558 1318 In
607 1264 799 1329 Gallia,
840 1265 1056 1320 civitate
1100 1266 1358 1331 Turonis,
1408 1267 1671 1336 depositio
1709 1264 1809 1321 Vc-

233 1356 405 1408 nanlii
430 1355 640 1408 abbatis
671 1366 725 1409 ct
749 1353 1095 1411 confessoris.

307 1448 369 1499 ιν
402 1448 475 1500 In.
512 1447 695 1501 Roma:
730 1447 905 1502 natale
936 1446 1139 1501 llcdisti
1191 1445 1451 1520 [F.distii],
1488 1459 1544 1501 et
1569 1448 1621 1501 in
1652 1445 1808 1517 Syria

232 1538 439 1592 linstati
464 1539 782 1613 [Eustachii]
808 1540 1108 1612 presbyteri
1134 1582 1149 1603 ,
1180 1550 1236 1596 et
1275 1541 1596 1596 Encharisti.
1632 1540 1809 1605 Burri,

231 1629 453 1692 Donati;
483 1639 537 1683 et
565 1630 617 1683 in
647 1628 959 1700 Campania,
978 1629 1175 1685 Patria:
1193 1629 1504 1685 Fortunate
1524 1629 1639 1691 (Si:
1660 1628 1806 1701 nm).

300 1716 365 1770 Ill
394 1717 470 1771 In.
500 1719 555 1773 In
585 1718 835 1797 Hispanis
864 1719 1042 1774 natale
1076 1720 1281 1785 Fausti,
1308 1720 1470 1776 Marci
1509 1730 1563 1774 et
1604 1720 1804 1781 Adrizc;

228 1816 283 1861 et
332 1808 385 1861 in
432 1807 829 1874 Chalcedonia,
881 1809 1157 1877 Marcelli;
1219 1820 1273 1867 et
1344 1812 1397 1865 in
1453 1809 1802 1871 Aiexandria,

228 1897 402 1951 sancti
430 1897 698 1954 Anastasii
724 1900 983 1970 episcopi.

299 1987 342 2041 ll
369 1987 445 2042 In.
478 1986 664 2043 Natale
694 1991 866 2045 sancti
901 1989 1106 2045 Callisti
1145 2006 1319 2061 parte,
1345 1991 1438 2061 qui
1474 1991 1525 2045 2n
1562 2004 1810 2061 perseeu-

230 2076 376 2131 tioue
404 2076 692 2131 Alexandri
725 2079 1065 2148 imperatoris
1094 2079 1295 2136 diutius
1324 2080 1374 2134 in
1408 2094 1628 2135 carcere
1671 2079 1810 2135 fatue

228 2166 524 2231 cruciatus,
552 2178 609 2224 et
625 2170 864 2238 quotidie
900 2169 1133 2227 fustibus
1154 2186 1345 2238 casus,
1371 2187 1468 2241 per
1493 2172 1749 2227 visionem
1777 2187 1809 2226 a

229 2257 544 2329 presbytero
580 2275 678 2315 suo
705 2260 1014 2331 Calepodio,
1039 2261 1130 2333 qui
1154 2271 1312 2317 antea
1342 2262 1654 2333 martyrium
1681 2277 1810 2317 con-

230 2358 614 2411 sntnmavcrat,
653 2350 983 2405 confortatus
1028 2359 1083 2406 et
1126 2351 1428 2407 consolatus
1469 2364 1571 2406 est.
1612 2351 1715 2419 Qui
1753 2351 1809 2407 iu

230 2452 453 2492 carcere
493 2437 680 2493 eodem
736 2441 960 2510 positus,
988 2442 1269 2513 quemdam
1314 2441 1559 2507 militem,
1598 2440 1811 2500 nomine

233 2525 530 2594 l’rivanm,
560 2529 628 2584 ab
664 2529 901 2586 ulcerum
929 2532 1113 2588 dolore
1135 2549 1198 2588 ac
1239 2532 1483 2589 fwditate
1530 2533 1689 2589 simul
1718 2548 1811 2589 ωε

231 2620 390 2674 ravit.
442 2620 595 2688 Quod
634 2622 861 2678 audiens
897 2622 1218 2690 Alexander,
1246 2625 1419 2695 ipsum
1464 2624 1680 2694 quidem
1716 2623 1813 2679 mi-

232 2702 381 2761 litem
430 2707 556 2762 fecit
599 2708 889 2777 plumbatis
935 2709 1185 2775 deﬁcere,
1226 2710 1443 2764 beatum
1490 2724 1619 2765 vero
1653 2709 1812 2765 Calli-

234 2808 375 2853 stum
407 2815 502 2870 per
528 2800 815 2857 fenestram
853 2803 1043 2859 domus
1087 2804 1435 2876 praxzipitari,
1466 2812 1521 2859 et
1546 2804 1709 2878 ligato
1743 2805 1809 2860 ad

235 2888 429 2942 collum
456 2888 571 2957 ejus
600 2891 827 2961 saxo,_in
858 2902 1077 2961 puteum
1105 2894 1367 2965 demergi,
1396 2902 1452 2950 et
1485 2895 1539 2949 in
1568 2910 1688 2950 eum
1715 2911 1812 2967 per

237 2980 429 3033 mdera
455 2980 735 3035 cuumlari.
756 2982 889 3053 .Post
934 2983 1049 3038 dies
1073 2999 1201 3038 vero
1230 2986 1635 3053 quatuordecim
1661 3002 1811 3057 prcs-

234 3071 389 3141 bytcr
435 3070 548 3140 ejus
589 3072 873 3139 Asterius,
915 3090 1038 3129 cum
1092 3074 1305 3131 clericis
1353 3084 1516 3131 noctu
1565 3079 1809 3141 veniens,

236 3162 433 3217 levavit
474 3179 666 3234 corpus
701 3172 754 3219 et
783 3165 1027 3235 sepelivit
1053 3166 1104 3219 in
1130 3166 1443 3221 cmntetcrio
1472 3165 1741 3237 Calepodii
1768 3168 1809 3222 ll

234 3252 308 3307 Id.
340 3251 462 3308 Oct.
505 3253 703 3309 Eodem
744 3255 849 3335 die,
886 3254 1130 3310 Corduba
1178 3244 1411 3318 civitate,
1444 3259 1615 3312 sancti
1652 3258 1807 3328 Lupi,

232 3345 481 3399 Aureliae.
533 3345 789 3416 Lugdune
843 3346 1028 3402 Gallia:
1052 3348 1328 3402 translatio
1387 3350 1627 3420 corporis
1670 3348 1809 3406 Justi

235 3436 471 3505 episcopi
501 3443 559 3490 et
590 3436 933 3493 confessoris.

307 3526 382 3578 lo.
408 3524 571 3581 Gallis
600 3526 652 3581 in
682 3525 901 3582 Colonia
947 3527 1091 3598 Agre
1136 3527 1351 3584 Pinensi
1390 3530 1569 3586 natale
1600 3530 1811 3587 Mauro-

234 3633 392 3680 rtnn;
433 3624 486 3671 et
534 3616 585 3671 in
629 3614 828 3687 Capua,
866 3616 1060 3682 Libuli,
1094 3628 1148 3673 et
1175 3626 1375 3674 sancta:
1404 3618 1709 3676 Fortunatae
1756 3622 1810 3675 in

234 3712 437 3781 patrias
464 3709 667 3782 [Forte,
700 3708 1099 3781 imperatricis].

308 3801 445 3857 XVII
478 3800 611 3855 KAL.
642 3800 774 3857 Nov.
800 3801 1070 3870 Depositio
1103 3801 1270 3855 sancti
1296 3800 1429 3857 Galli
1460 3802 1807 3858 confessoris.

236 3894 291 3947 ln
324 3895 450 3947 Asia
480 3891 656 3946 natale
676 3890 857 3946 Cerea:
884 3899 937 3945 et
966 3891 1189 3945 aliorum
1220 3892 1572 3948 ducentorum
1598 3900 1813 3962 septua-

239 3984 406 4051 ginta.

310 4071 427 4125 XVI
458 4070 589 4125 ΚΜ..
619 4069 675 4124 In
694 4069 1021 4135 Nicomedia,
1048 4071 1357 4126 Alexandri.
1385 4071 1441 4125 ln
1467 4070 1811 4137 Mauritania,

240 4162 383 4224 Nini,
417 4160 662 4226 Victurii,
695 4160 1000 4225 Nobilitani,
1031 4161 1310 4229 Mauriani,
1342 4162 1512 4229 Lucii,
1539 4165 1727 4218 Mittini
1760 4176 1814 4219 ct

241 4252 634 4305 tim-scenliaui.

316 4342 404 4394 XV
436 4341 565 4393 lin.
598 4340 778 4396 Sancti
829 4341 983 4395 Lurze
1004 4344 1366 4413 evangelistzn,
1394 4346 1483 4413 qui
1520 4345 1617 4398 fui;
1644 4346 1814 4415 Syrus

245 4432 638 4495 Antiochensis,
668 4441 782 4485 arte
812 4433 1063 4490 lllCtlit'tls,
1108 4434 1396 4501 discipulus
1429 4436 1812 4503 :qmstolorum,

1913 629 2028 694 Dei,
2062 637 2114 683 et
2140 626 2312 683 sancti
2350 626 2589 683 Nononis
2626 627 2847 700 [Nonni]
2876 629 3108 701 episcopi
3142 630 3386 700 dogmata
3417 633 3484 683 a-l

1912 719 2068 774 [idem
2094 720 2292 775 Christi
2322 734 2599 781 conversa,
2628 731 2678 773 et
2710 719 2783 773 ab
2809 720 2993 774 eodem
3029 718 3279 793 episcopo
3307 719 3483 788 bapti-
3524 784 3533 793 .

1909 818 2050 869 zata.
2082 820 2246 865 totam
2278 812 2633 867 substantiam
2663 819 2719 865 et
2758 808 3137 878 supellectilem
3175 825 3327 865 suam
3358 826 3481 881 pau-

1909 902 2126 972 peribus
2147 902 2393 973 erogavit
2417 917 2433 956 :
2460 902 2681 971 ipsaque
2701 901 2876 955 cilicio
2902 900 3103 962 induta,
3127 908 3181 955 et
3206 901 3299 954 vili
3330 901 3481 954 indu-

1911 1003 2092 1050 mento
2136 994 2353 1060 vestita,
2408 994 2461 1048 in
2506 993 2986 1065 peregrinationem
3035 994 3292 1062 perrexit,
3336 1002 3390 1048 ct
3433 988 3484 1041 ill

1906 1082 2254 1156 Jerosolymls
2304 1085 2405 1138 sub
2468 1083 2610 1138 virili
2659 1083 2841 1139 habitu
2916 1084 3265 1137 monasticam
3318 1084 3474 1139 vitam

1909 1174 2082 1229 duxit.
2115 1174 2501 1229 Constrnxrrat
2529 1174 2672 1229 enim
2714 1174 2815 1229 sibi
2856 1173 3129 1244 parvulam
3159 1172 3401 1229 cellulam
3431 1174 3482 1228 in

1911 1276 2092 1321 monte
2112 1264 2327 1329 Oliveti,
2360 1265 2447 1319 ubi
2492 1265 2748 1319 Dominus
2786 1266 2980 1320 cmlum
3020 1264 3291 1331 ascendit,
3330 1272 3385 1319 et
3410 1263 3481 1319 ibi

1912 1356 2071 1408 vitam
2097 1362 2412 1423 praesentem
2442 1354 2630 1415 ﬁnivit,
2660 1364 2822 1423 atque
2842 1354 2908 1408 ad
2930 1355 3090 1409 vitam
3117 1363 3373 1409 aeternam
3408 1353 3485 1409 fe-

1910 1443 2085 1501 liciter
2123 1446 2391 1515 migravit.

1977 1540 2092 1597 Xlli
2118 1540 2251 1594 ΚΜ..
2284 1537 2473 1594 Natale
2503 1538 2784 1609 Simplicii.
2826 1536 2979 1609 cujus
3020 1538 3241 1592 mstitas
3272 1546 3328 1591 et
3372 1536 3479 1591 vita

1908 1630 2183 1686 miraeuiis
2211 1631 2431 1701 probata
2466 1629 2749 1684 multorum
2780 1628 2967 1685 salutis
2993 1644 3154 1685 causa
3180 1629 3299 1694 fuit,
3327 1628 3398 1683 ita
3424 1639 3485 1683 ut

1909 1721 2071 1776 trium
2104 1720 2325 1776 millium
2351 1721 2629 1775 hominum
2658 1720 2943 1774 multitudo
2970 1720 3173 1791 gremio
3208 1720 3484 1791 genitricis

1912 1810 2162 1867 Ecclesia:
2188 1810 2548 1880 exciperetur,
2578 1825 2642 1864 ac
2678 1808 2856 1864 vitalis
2885 1808 3081 1865 lavacri
3125 1807 3272 1865 fonte
3314 1808 3484 1865 dilue.

1838 1876 1884 1936 Β
1912 1914 2082 1960 retur.

1979 1991 2072 2049 XII
2093 1991 2227 2048 litt.
2259 1990 2442 2046 Sancti
2472 1990 2649 2047 Patris
2676 1992 2842 2048 nostri
2873 1991 3183 2057 Hilarionis,
3207 1988 3360 2060 cujus
3387 1992 3477 2046 Vi-

1909 2093 2020 2139 tam
2046 2080 2405 2151 Hieronymus
2432 2080 2719 2135 virtutibus
2744 2078 2955 2151 plenam
3006 2078 3343 2150 conscripsit.
3377 2080 3481 2134 Eo-

1907 2172 2028 2229 dem
2055 2171 2143 2227 die
2170 2170 2348 2226 natale
2371 2171 2543 2225 sancti
2582 2170 2781 2226 Asterii
2809 2170 3109 2243 presbyteri
3130 2168 3359 2235 Callisti,
3390 2173 3482 2240 qui

1906 2278 2027 2320 cum
2053 2278 2247 2333 corpus
2276 2262 2393 2334 ejus
2434 2262 2698 2318 elevatum
2725 2264 2793 2318 de
2830 2272 2995 2335 puteo
3035 2262 3330 2335 sepelisset,
3363 2274 3484 2334 post

1907 2356 2023 2412 dies
2054 2366 2163 2411 tres
2186 2355 2408 2410 amtiens
2438 2354 2543 2409 boc
2564 2352 2868 2409 Alexander
2891 2353 3204 2423 imperator,
3230 2353 3485 2424 prmeepit

1907 2461 2031 2503 eum
2055 2460 2153 2517 per
2171 2454 2387 2517 pontem
2416 2444 2757 2516 przccipitari.
2786 2443 2951 2516 Cujus
2979 2460 3176 2517 corpus
3204 2444 3507 2500 inventum:

1908 2545 1993 2593 est
2021 2546 2077 2593 ct
2096 2551 2129 2591 α
2157 2538 2472 2609 quibusdam
2497 2537 2817 2594 Christianis
2840 2538 2897 2594 in
2924 2539 3115 2594 eadem
3140 2538 3362 2595 civitate
3394 2554 3482 2595 se-

1909 2626 2137 2700 pultum.
2167 2626 2438 2701 Scriptum
2465 2629 2519 2684 in
2548 2629 2798 2700 passione
2823 2616 2995 2685 sancti
3018 2628 3220 2685 Callisti
3240 2644 3411 2699 papae.

1979 2717 2052 2775 XI
2072 2717 2207 2775 Ku.
2229 2717 2287 2775 In
2309 2719 2583 2790 provincia
2606 2718 2848 2775 Thracia:
2868 2728 2919 2775 et
2940 2719 2994 2773 in
3010 2718 3483 2789 Adrianopolitana

1908 2810 2128 2868 civitate
2162 2812 2343 2883 passio
2387 2811 2617 2883 Philippi
2648 2810 2904 2882 episcopi,
2946 2819 3001 2867 et
3032 2810 3219 2867 Severi
3262 2814 3484 2884 presby-

1911 2902 2033 2969 teri,
2062 2908 2225 2974 atque
2256 2900 2522 2957 Hemtetis
2560 2900 2791 2965 diaconi,
2832 2901 2923 2971 qui
2970 2901 3345 2970 persecutione
3386 2916 3485 2957 sa—

1909 2993 2088 3049 viente
2114 2991 2540 3049 Christianorum
2572 2990 2826 3047 ecclesias
2862 2990 3110 3046 claudere
3158 3001 3214 3047 et
3252 2991 3486 3055 spoliare

1904 3082 2055 3151 jussu
2100 3082 2437 3152 imperatoris
2477 3098 2573 3152 per
2616 3082 2826 3150 iniquos
2869 3082 3125 3152 praesides
3149 3082 3486 3137 contradice—

1865 3223 1880 3243 ,
1912 3176 2063 3241 bant,
2100 3184 2155 3230 et
2182 3175 2251 3231 ob
2277 3176 2381 3231 hoc
2414 3190 2509 3245 per
2552 3175 2780 3231 Passum
2818 3174 3123 3245 praesidem,
3166 3190 3267 3231 nec
3301 3190 3403 3230 non
3431 3182 3487 3230 et

1908 3270 2199 3337 Iustinum,
2249 3271 2434 3327 multis
2482 3270 2763 3327 tormentis
2805 3268 3195 3335 adiciebantur,
3248 3270 3350 3325 hoc
3401 3279 3486 3325 est

1909 3364 2241 3429 carceribus,
2265 3363 2509 3427 vinculis,
2537 3360 2778 3433 flagellis,
2807 3360 2873 3416 ad
2899 3360 3143 3417 ultimum
3172 3375 3299 3416 vero
3322 3358 3477 3415 flam-

1911 3470 2115 3508 marum
2142 3453 2410 3519 inccndio,
2443 3451 2536 3507 sed
2564 3451 2778 3507 Domini
2802 3451 3003 3505 virtute
3047 3450 3285 3505 rohorati
3309 3465 3481 3519 usque

1910 3546 1964 3601 in
1986 3545 2145 3601 linem
2166 3546 2220 3600 in
2240 3543 2575 3600 confessione
2597 3541 2829 3597 nominis
2846 3539 2963 3611 ejus
2979 3548 3479 3611 perseveraverant.

1983 3635 2027 3690 Χ
2056 3634 2190 3691 ΚΑΙ..
2212 3634 2460 3691 Venantii
2487 3632 2719 3697 abbatis,
2737 3632 2848 3701 qui,
2874 3638 3054 3702 spreto
3072 3629 3253 3686 saeculi
3280 3629 3405 3683 luxu
3428 3638 3484 3683 et

1911 3725 2109 3795 nuptiis
2151 3722 2475 3787 carnalibus,
2522 3722 2685 3793 elegit
2733 3720 3085 3776 monasticam
3135 3719 3335 3783 vitam,
3376 3734 3480 3788 qua

1911 3815 2021 3871 Deo
2064 3814 2165 3871 soli
2201 3814 2447 3870 serviret.
2494 3812 2630 3867 Nam
2671 3826 2793 3867 cum
2834 3812 2888 3866 in
2937 3810 3264 3866 monasterio
3311 3809 3482 3864 sancti

1914 3905 2137 3963 Martini.
2171 3904 2380 3960 abbatis
2405 3902 2578 3959 ollieio
2612 3901 2828 3957 functus
2866 3902 2952 3957 die
2999 3900 3271 3957 Dominiea
3298 3940 3314 3965 ,
3361 3915 3485 3955 ora-

1913 3997 2058 4054 tione
2092 3996 2321 4067 expleta,
2352 4001 2735 4058 reverteretur,
2767 4008 2929 4062 super
2966 3992 3228 4048 bacellum
3274 3998 3483 4046 susten-

1916 4095 2082 4152 tatus,
2112 4087 2163 4141 in
2186 4086 2361 4141 medio
2387 4082 2711 4140 confessoris
2734 4082 2875 4136 atrio
2893 4081 3088 4136 erectis
3111 4080 3330 4135 auribus
3355 4096 3484 4137 ocn-

1913 4178 2085 4249 Iisqne
2119 4176 2184 4231 ad
2224 4174 2415 4230 cadum
2455 4170 2754 4228 diutissime
2786 4179 3022 4226 attentus
3053 4170 3201 4224 stetit
3238 4169 3486 4225 immobi-

1915 4270 1998 4325 lis.
2030 4269 2229 4324 Deindc
2257 4276 2432 4322 motus
2471 4282 2502 4320 a
2531 4266 2649 4320 loco
2673 4264 2835 4334 cmpit
2859 4264 2989 4318 dare
3018 4262 3248 4333 gemitus
3300 4277 3362 4317 ac
3396 4279 3483 4316 su—

1896 4361 2077 4429 spiria
2107 4359 2261 4428 longa
2304 4357 2620 4427 producere,
2652 4355 3113 4421 interrogatusque
3142 4366 3172 4406 a
3206 4351 3320 4406 suis
3357 4352 3483 4419 quid

1914 4452 2017 4505 hoc
2054 4459 2218 4511 esset,
2265 4455 2355 4500 aut
2396 4446 2442 4501 si
2490 4445 2690 4515 aliquid
2730 4443 2916 4499 fuisset
2960 4442 3195 4497 divinum
3239 4442 3480 4502 intuitus.

242 4532 429 4590 postea
454 4519 677 4573 Paulum
720 4530 936 4575 secutus
964 4538 1130 4589 usque
1165 4523 1230 4576 ad
1258 4522 1645 4577 confessionem
1678 4523 1812 4591 ejus,

1920 4547 2225 4601 enarraret,
2272 4536 2545 4606 respondit
2579 4553 2589 4587 :
2629 4555 2647 4586 ι
2688 4533 2776 4589 Va:
2809 4533 2962 4589 nobis
3008 4532 3265 4588 inertibus
3312 4542 3365 4587 et
3405 4535 3484 4603 pi-

242 4612 486 4665 scrviens
532 4610 757 4664 Omnino
798 4611 912 4665 sine
955 4611 1198 4669 crimine.
1228 4628 1400 4679 neque
1450 4628 1671 4667 uxorem
1715 4631 1815 4666 nn-

141 4760 156 4770 .
244 4718 405 4773 quam
436 4702 657 4763 habens,
708 4717 882 4770 neque
912 4701 1068 4765 filios,
1109 4704 1442 4774 septuaginta
1468 4713 1699 4774 quatuor
1724 4719 1819 4758 an-

240 4808 459 4855 norum,
500 4791 633 4844 obiit
670 4792 722 4845 in
764 4792 1010 4861 Bithynia
1048 4794 1235 4861 plenus
1278 4794 1481 4861 Spiritu
1505 4806 1729 4859 sancto;
1767 4804 1819 4848 ct

246 4880 432 4937 Roma:
454 4892 653 4936 sanctae
676 4882 1002 4951 Triphoniae,
1026 4883 1211 4936 uxoris
1238 4884 1379 4937 Decii
1406 4884 1654 4948 Cazsaris,
1678 4900 1815 4952 quae,

246 4976 362 5029 viro
387 4991 483 5027 suo
515 4982 633 5043 post
676 4972 1098 5027 interfectionem
1127 4974 1401 5026 beatorum
1440 4973 1577 5027 Xisli
1603 4983 1655 5029 ct
1679 4972 1819 5028 Lau-

249 5063 406 5117 rentii
449 5062 705 5116 divinitus
740 5062 944 5130 punito,
991 5063 1141 5131 petiit
1185 5078 1243 5117 sc
1274 5063 1536 5132 baptizari
1564 5079 1685 5118 cum
1714 5064 1818 5117 lilia

254 5156 399 5210 Decii
428 5155 625 5226 Cyrilla
661 5171 689 5209 a
735 5154 944 5209 Iustino
978 5156 1309 5225 presbytero,
1352 5164 1408 5208 ct
1444 5156 1546 5209 alia
1594 5156 1679 5209 die
1724 5155 1821 5209 dc-

248 5242 430 5297 fnncta
469 5254 573 5309 est,
605 5260 668 5298 ac
699 5242 851 5311 juxta
883 5251 1129 5296 sanctum
1179 5242 1513 5311 Hippolytum
1554 5245 1605 5296 in
1634 5252 1821 5314 crypta

246 5332 478 5402 sepulta.

317 5422 436 5489 XIV
486 5420 618 5476 ΚΜ..
670 5422 856 5476 Natale
893 5430 1091 5475 sancta:
1132 5421 1376 5490 νεικείω,
1425 5437 1542 5489 quae
1590 5421 1819 5490 primum

246 5512 347 5574 fuit
376 5517 477 5572 sub
504 5514 819 5585 gentilitatis
858 5514 961 5567 ritu
1003 5512 1301 5567 meretricis
1335 5511 1505 5566 ollieio
1538 5513 1737 5575 fuucta,
1768 5521 1822 5567 ct

318 5663 344 5691 ι
373 5647 596 5703 Videtur
642 5648 887 5703 dubitare
923 5646 1191 5711 Rabanus,
1221 5664 1287 5699 an
1309 5645 1591 5715 Dionysius
1624 5646 1819 5699 missus

246 5721 408 5774 fttorit
455 5720 506 5771 in
554 5716 754 5772 Gallias
788 5734 818 5772 a
847 5716 1119 5771 Clemente
1148 5733 1161 5780 ;
1195 5716 1410 5769 dubimu
1457 5716 1656 5768 iudicat
1690 5716 1817 5769 illud

246 5790 493 5853 referunt.
541 5787 690 5840 Nouo
731 5788 926 5842 szecttlo
972 5786 1113 5840 illaut
1150 5785 1453 5853 opinionem
1502 5784 1713 5839 fovebat
1762 5796 1816 5838 ct

1918 4630 2051 4700 gris.
2082 4625 2336 4693 eceejam
2362 4627 2413 4679 in
2440 4624 2576 4679 caelo
2598 4625 2880 4679 missarum
2914 4623 3168 4678 solemnia
3196 4624 3486 4692 expediun-

1921 4730 2027 4777 tur.
2056 4728 2109 4773 et
2135 4734 2230 4771 nos
2257 4730 2443 4786 segnes
2482 4730 2581 4770 nec
2618 4715 2871 4770 inchoare
2912 4714 3175 4787 cmpimtts
3199 4713 3357 4781 hujus
3386 4716 3486 4769 mi—

1922 4807 2123 4862 nistcrii
2152 4813 2566 4859 sacramentum.
2598 4802 2755 4868 Vere,
2789 4802 2979 4871 inquit,
3006 4802 3127 4859 dico
3154 4804 3306 4859 vobis
3344 4804 3484 4871 quod

1920 4913 2019 4965 ego
2049 4895 2224 4965 audivi
2247 4910 2405 4948 voces
2435 4892 2741 4962 angelorum
2762 4892 2818 4946 in
2838 4893 2991 4947 cretis
3017 4902 3231 4949 sanctos
3249 4894 3301 4947 in
3330 4892 3483 4947 laude

1923 4985 2128 5038 Domini
2154 4984 2563 5054 proclamantes,
2604 5002 2621 5034 ι
2651 4990 2703 5037 et
2730 4982 2872 5037 dicto
2891 4983 3048 5037 citius
3074 4983 3128 5037 in
3160 4985 3486 5053 monasterio

1924 5077 2204 5130 missarmn
2249 5073 2513 5128 solemnia
2553 5072 2717 5140 cuipit
2762 5072 2996 5143 explere.
3057 5072 3161 5128 Sed
3208 5056 3307 5129 nco
3356 5074 3480 5128 illud

1922 5164 2223 5234 praeteribo,
2255 5164 2395 5232 quod
2415 5161 2644 5231 quadam
2674 5162 2790 5216 vice
2824 5162 2948 5217 dum
2968 5162 3121 5231 juxta
3146 5166 3484 5219 consuetudi-

1922 5269 2065 5318 nem,
2096 5262 2153 5306 ut
2192 5268 2352 5323 supra
2383 5250 2632 5316 diximus,
2659 5251 2724 5307 de
2762 5251 3018 5315 basilicis,
3047 5268 3183 5321 quas
3222 5254 3483 5311 orationis

1922 5343 2089 5412 gratia
2142 5343 2368 5405 adierat,
2412 5339 2710 5409 repedarct.
2750 5348 2806 5395 et
2848 5340 2899 5394 in
2945 5341 3163 5395 basilica
3192 5342 3256 5395 ad
3292 5344 3478 5399 missas

1923 5434 2211 5489 Dominicm
2245 5433 2503 5488 orationis
2548 5432 2705 5486 verba
2746 5434 3191 5499 decantarentur,
3238 5450 3358 5489 cum
3408 5435 3481 5489 illi

1920 5526 2203 5580 dixerunt:
2234 5522 2415 5576 Libera
2440 5538 2530 5574 nos
2554 5538 2584 5574 η
2611 5521 2769 5585 male,
2796 5522 2999 5577 audivit
3023 5538 3053 5577 e
3082 5523 3281 5578 tumulo
3308 5522 3480 5591 cujus-

1923 5656 2165 5710 tuebatur
2207 5652 2505 5715 llilduinus,
2559 5652 2775 5707 liabano
2822 5668 3053 5717 COtBthS,
3100 5652 3192 5707 sed
3245 5655 3485 5710 nomium

1921 5725 2237 5780 invalucrat.
2272 5722 2404 5775 "ASN
