3924 6340
438 356 571 414 Ηῖδ

1081 358 1140 413 l3.
1183 359 1434 415 liABANI
1472 359 1690 416 MAURI
1725 359 2046 417 AliClllEl’.
2092 359 2399 416 MUSUNT.
2425 361 2707 419 UPEliUM
2751 361 2930 418 PARS
2970 364 3035 419 ll.

3563 368 3686 423 ίὶῗϐ

435 477 555 527 dam
588 484 775 528 vocem
802 468 1069 526 dicentem
1099 469 1349 527 similiter
1376 490 1388 524 :
1422 470 1605 526 Libera
1651 488 1742 525 nos
1778 490 1809 525 a
1853 469 2010 533 malo,
2042 473 2093 531 Α
2118 476 2230 523 tum
2253 466 2370 539 ejus
2391 470 2460 525 ab
2493 470 2595 525 bac
2626 471 2787 526 etiam
2810 486 2971 541 pinna
3010 472 3204 529 ilhesos
3224 474 3478 530 einunc.
3518 496 3535 527 ι
3578 476 3683 531 Μαι

432 560 576 633 quod
609 575 714 616 non
758 559 877 615 sine
911 556 1261 629 perfectionis
1286 568 1481 616 merito
1512 568 1783 626 censetur,
1812 570 1871 614 ut
1897 561 2014 616 haec
2110 560 2354 616 oratione
2385 560 2555 625 tinita,
2604 561 2793 617 eduxit
2825 578 2919 618 eos
2946 564 3169 635 angelus
3199 566 3411 621 Domini
3462 567 3577 622 sine
3598 566 3688 621 do-

432 654 716 709 meruisset
736 650 943 707 audire.
978 649 1173 706 Postea
1203 652 1369 707 multa
1394 651 1651 707 miracula
1681 653 1866 722 gessit,
1898 668 2011 708 ma-

429 760 656 815 gnarum
699 742 958 799 virtutum
998 744 1171 814 gratia
1224 743 1468 815 pollens,
1515 744 1841 816 impletoque
1885 744 2011 801 vita:

426 836 711 908 prmsentis
730 834 998 891 curriculo
1012 834 1180 890 vitam
1205 844 1558 907 percepturus
1577 843 1860 902 :ntemam,
1882 834 2011 892 emi-

428 928 602 999 gravit
632 926 700 980 ab
730 927 833 982 hoc
866 925 1085 982 seculo.

498 1018 567 1074 IX
602 1018 734 1074 Kac.
773 1017 829 1072 lu
858 1016 1165 1073 Nicomedia
1207 1019 1383 1075 natale
1425 1018 1614 1075 Severi
1645 1027 1700 1074 et
1726 1019 2002 1074 Dorothei.

425 1110 483 1165 lu
513 1109 756 1165 Ctesarca
777 1107 1127 1179 Cappadociae
1160 1109 1336 1164 natale
1358 1109 1603 1179 Longini.

496 1200 606 1256 V'lll
640 1198 772 1255 ΚΑι..
812 1198 998 1255 Passio
1042 1208 1337 1271 martyrum
1383 1198 1587 1256 Christi
1629 1199 1916 1272 Chrysanti
1951 1209 2007 1255 et

427 1290 622 1356 Darius,
652 1290 743 1361 qui
782 1290 883 1345 sub
910 1291 1088 1361 specie
1135 1289 1364 1361 i-onjugii
1412 1291 1715 1346 caStitatem
1754 1305 2007 1346 servave-

426 1387 552 1435 runt
577 1387 915 1451 perpetuam.
949 1379 1083 1435 Nam
1128 1379 1462 1452 Cbrysantus
1493 1380 1707 1435 Darium
1737 1396 1767 1435 a
1794 1366 2005 1452 gentili-

425 1474 552 1530 tatis
579 1486 767 1529 errore
796 1482 847 1529 et
881 1472 1087 1544 magica
1136 1472 1521 1544 superstitione
1548 1473 1816 1529 convertit
1840 1473 1907 1526 ad
1937 1472 2003 1527 ti-

422 1564 543 1618 dem
578 1562 801 1629 Christi,
851 1571 907 1619 et
958 1563 1037 1617 sic
1078 1563 1219 1617 inter
1271 1562 1420 1617 varia
1473 1570 1762 1627 tormenta,
1811 1578 1931 1633 qua:
1973 1578 2004 1617 a

423 1652 756 1710 Numeriano
795 1653 1119 1723 imperatore
1150 1666 1175 1694 ο
1207 1652 1440 1722 primum
1466 1650 1723 1707 Claudius
1758 1652 2005 1707 tribunus

424 1744 601 1816 poenis
624 1760 718 1800 eos
742 1742 1027 1809 alliciebat,
1060 1744 1152 1799 sed
1182 1759 1279 1813 per
1307 1743 1560 1799 virtutem
1592 1743 1685 1799 Dei
1719 1751 1775 1800 et
1801 1742 2005 1798 oratio-

420 1850 519 1889 nes
550 1843 861 1890 sanctorum
898 1849 1191 1909 conversus
1231 1841 1317 1889 est
1361 1834 1429 1889 ad
1461 1834 1621 1889 fidem
1648 1833 1870 1899 Christi,
1909 1834 2003 1905 qui

420 1940 585 1986 etiam
613 1940 818 2002 martyr
843 1930 1042 1986 Christi
1070 1930 1229 1985 simul
1254 1946 1376 1988 cum
1398 1946 1567 1987 uxore
1591 1942 1648 1988 et
1671 1931 1855 1988 liberis
1885 1947 1999 1988 mc-

422 2022 532 2077 ruit
578 2021 715 2077 fieri.
763 2022 955 2077 Postea
1009 2037 1140 2078 vero
1185 2037 1283 2093 per
1331 2022 1668 2079 Celerianum
1715 2024 2001 2093 quemdam

422 2127 643 2168 carcere
678 2121 733 2168 et
755 2114 931 2184 pinnis
957 2113 1161 2177 traditi,
1187 2122 1241 2169 et
1270 2114 1336 2169 ad
1362 2122 1667 2171 extremum
1706 2115 1759 2170 in
1790 2114 2001 2171 foveam

422 2201 743 2271 profundam
778 2203 1063 2268 submersi,
1118 2212 1335 2259 sanctas
1379 2203 1587 2278 animas
1635 2204 1704 2259 ad
1757 2204 1999 2261 etelestia

424 2308 586 2363 regna
645 2293 927 2348 miserunt.
975 2293 1235 2348 Sintiiiter
1270 2295 1457 2349 eodem
1502 2294 1588 2349 die
1629 2292 1910 2365 Crispinus
1946 2306 2000 2351 et

420 2382 791 2451 Crispinianus
831 2382 930 2438 sub
954 2381 1278 2437 Masimiano
1318 2392 1373 2437 et
1406 2382 1737 2457 Diocletiano
1773 2385 2001 2455 impera-

420 2472 629 2528 toribus
678 2473 732 2527 in
787 2473 1097 2529 Suessionis
1140 2473 1357 2538 civitate
1409 2489 1506 2544 per
1544 2473 1881 2530 Ritiovarum
1928 2483 2001 2546 ty-

420 2580 647 2619 rannum
673 2563 874 2620 Christi
901 2572 1164 2635 martyres
1193 2563 1369 2619 effecti
1402 2574 1547 2620 sunt.
1578 2562 1712 2619 Nam
1745 2564 1885 2620 idem
1916 2566 2003 2619 lii-

421 2658 661 2711 tiovarns
704 2656 994 2727 praeclaros
1043 2665 1310 2727 martyres
1350 2665 1604 2711 extensos
1659 2657 1727 2711 ad
1771 2656 2004 2711 trocleas

418 2748 626 2801 medere
669 2745 899 2801 fustibus
917 2744 1100 2815 jussit.
1132 2744 1336 2800 Deinde
1368 2743 1531 2814 jussit
1558 2746 1720 2800 sudes
1744 2745 1799 2800 in
1827 2760 1999 2815 ungu-

420 2837 485 2891 lis
508 2851 696 2891 eorum
738 2835 903 2902 mitti,
929 2845 983 2892 et
1002 2836 1148 2892 loros
1184 2835 1422 2905 singulos
1449 2835 1517 2891 de
1546 2835 1709 2897 dorso
1734 2836 1872 2899 toni,
1905 2835 2000 2891 sed

418 2929 487 2981 ab
512 2930 611 2983 hac
652 2942 811 2998 pinna
835 2927 1018 2982 divino
1044 2926 1247 2981 auxilio
1274 2925 1486 2981 liberati
1531 2933 1675 2981 sunt.
1718 2924 1869 2980 Tunc
1908 2924 2001 2980 lii-

421 3020 681 3084 tiovarus,
740 3018 924 3073 furore
969 3017 1258 3079 insaniens,
1314 3016 1485 3073 molas
1546 3016 1614 3071 ad
1664 3015 1995 3086 singulorum

421 3108 557 3163 colla
594 3107 746 3177 jubet
800 3107 1075 3179 suspendi,
1114 3115 1170 3162 et
1208 3094 1403 3162 hiemis
1447 3114 1688 3177 tempore
1734 3105 1789 3160 in
1833 3105 1997 3160 ﬂuvio
2030 3136 2053 3179 λ

418 3198 571 3270 eujtts
612 3198 928 3256 vocabulum
979 3206 1063 3257 est
1102 3197 1312 3264 Axona,
1359 3196 1505 3252 velut
1550 3198 1651 3252 sub
1691 3195 1862 3266 glacie
1904 3195 1996 3251 de-

418 3291 620 3363 mergi;
654 3298 711 3345 at
734 3289 832 3355 illi,
862 3298 1018 3345 scuto
1060 3288 1255 3343 divina:
1295 3287 1520 3358 protecti
1564 3285 1801 3349 virtutis,
1844 3285 1991 3341 dice-

417 3382 550 3437 bant
585 3380 693 3435 ιπειί
734 3392 751 3434 :
791 3377 963 3449 Supra
1004 3393 1195 3450 aquam
1238 3375 1533 3446 refectioni:
1585 3374 1829 3429 educobis
1879 3390 1992 3439 nos,

421 3472 641 3528 Domine
690 3470 862 3543 (Prol.
913 3469 1087 3539 xxu);
1119 3469 1213 3527 sed
1261 3466 1553 3523 famulante
1598 3475 1847 3522 creatura
1898 3482 1994 3521 sua

419 3564 554 3630 Deo,
596 3572 865 3635 martyres
911 3561 1028 3630 ejus
1073 3575 1173 3617 nec
1216 3575 1355 3630 aqua
1402 3573 1669 3631 mergere,
1694 3573 1795 3615 nec
1841 3567 1993 3629 petra

417 3674 689 3731 premere,
743 3672 844 3712 nec
896 3655 1064 3727 frigus
1115 3654 1291 3725 potuit
1330 3652 1634 3724 stringere;
1679 3652 1772 3708 sed
1817 3653 1995 3724 potius

420 3752 572 3822 quasi
627 3750 829 3806 aestivis
880 3748 1107 3804 lavacris
1155 3746 1445 3811 delectati,
1512 3745 1753 3816 projecto
1803 3744 1992 3801 molari

416 3860 604 3910 onere,
646 3845 712 3899 ad
758 3843 983 3897 alteram
1028 3848 1276 3896 natantes
1305 3838 1450 3894 illmsi
1494 3846 1857 3909 pervenerunt
1897 3837 1995 3893 llu-

417 3937 583 3991 minis
624 3936 816 4006 ripam.
852 3934 963 3988 Hoc
1008 3932 1125 3987 viso
1166 3930 1475 3985 Ditiovarus
1514 3923 1797 3994 miraculo,
1847 3928 1995 3983 insti-

416 4038 578 4098 gante
616 4027 832 4084 diabolo
858 4025 1164 4095 exagitatus
1192 4024 1294 4088 ira,
1316 4020 1479 4091 jussit
1520 4037 1616 4078 eos
1653 4035 1844 4076 rursus
1878 4020 1993 4075 vin-

418 4130 534 4175 ctos
559 4118 818 4175 custodiri
886 4124 942 4170 et
979 4113 1255 4185 plumbum
1281 4112 1537 4182 injectum
1561 4112 1669 4183 igni
1707 4109 1991 4181 liqueﬁeri,

418 4214 472 4268 in
498 4226 605 4282 quo
631 4217 899 4282 martyres
937 4215 1155 4264 sanctos
1189 4204 1583 4261 consumendos
1614 4204 1989 4273 demergeret:

419 4304 512 4358 sed
542 4317 679 4373 quos
700 4300 825 4370 quia
862 4299 1062 4355 Christi
1086 4298 1308 4353 dextera
1347 4296 1661 4366 protegebat
1687 4294 1909 4359 invicta,
1937 4291 1994 4348 il-

419 4393 574 4448 lzesos
620 4391 847 4446 reddidit
878 4389 1049 4459 ignis:
1076 4386 1272 4458 quibus
1316 4388 1431 4441 lucc
1472 4384 1821 4455 operantibus
1849 4383 1994 4440 exsi-

420 4485 556 4539 licns
594 4490 743 4553 gutta
785 4479 987 4552 plumbi
1037 4477 1294 4534 ferventis
1333 4478 1387 4530 in
1437 4476 1652 4532 oculum
1705 4472 1990 4540 Ritiovari,
2020 4507 2072 4567 Β

420 4574 569 4646 gravi
619 4574 769 4629 illum
818 4571 1001 4627 dolore
1034 4569 1304 4638 crucians,
1336 4568 1628 4623 excmcavit
1659 4572 1753 4620 :at
1800 4566 1849 4621 is
1885 4562 1995 4619 fre-

420 4682 591 4730 mens,
615 4664 824 4719 iusania
842 4675 1141 4732 possessus,
1168 4660 1292 4714 dum
1326 4657 1588 4713 medelam
1614 4655 1858 4725 corporis
1879 4653 1993 4709 anl-

422 4770 628 4825 nueque
670 4752 855 4808 debuit
899 4749 1207 4820 implorare,
1254 4759 1482 4803 mortem
1528 4747 1628 4802 sibi
1672 4742 1998 4801 acceleravit

423 4848 718 4904 insatdens.
749 4844 881 4899 Nam
921 4842 1115 4911 picem,
1146 4841 1354 4909 adipem
1375 4839 1660 4909 oleumque
1690 4835 1851 4892 simul
1874 4836 1993 4908 jus-

423 4942 493 4995 sit
527 4938 756 4999 fervere,
781 4942 838 4991 et
864 4941 1081 4989 sanctos
1105 4931 1281 4987 denuo
1322 4939 1590 5001 martyres
1617 4930 1671 4983 in
1712 4942 1831 4983 eam
1855 4941 1995 4997 pra)-

422 5031 654 5102 i-ipitari,
696 5028 849 5099 quasi
879 5025 1271 5081 consumendos
1312 5036 1472 5093 poma
1498 5020 1775 5092 praecepit.
1804 5019 1874 5073 At
1902 5018 1995 5072 ubi

424 5121 655 5177 ministri
679 5121 1114 5188 obtemperantes
1144 5115 1489 5186 perfecerunt
1517 5119 1711 5167 cuncta
1744 5124 1866 5180 qua:
1893 5106 1995 5162 sibi

425 5218 494 5268 ab
536 5211 700 5282 impio
743 5209 959 5263 fuerunt
1011 5208 1295 5277 imperata,
1333 5203 1503 5258 sancti
1546 5209 1831 5269 martyres,
1881 5198 1994 5268 spei

427 5318 535 5357 suae
581 5300 928 5356 immobiliter
970 5297 1365 5356 incumbentes,
1418 5293 1627 5347 alacres
1676 5287 1998 5345 fiducialitcr

430 5395 536 5447 Deo
563 5393 615 5446 in
641 5390 884 5445 oratione
908 5388 1157 5443 dixerunt
1188 5403 1199 5435 :
1229 5404 1245 5434 ι
1280 5384 1475 5437 Potens
1502 5397 1584 5444 es,
1609 5379 1834 5434 Domine
1856 5375 1998 5430 Deus

426 5494 633 5548 uester,
680 5483 746 5537 de
774 5480 934 5535 illatis
978 5495 1076 5533 nos
1115 5479 1182 5531 ab
1213 5476 1374 5545 impio
1418 5474 1649 5528 liberare
1691 5463 1995 5527 tormentis.

426 5571 497 5627 Et
538 5573 677 5626 sicut
727 5586 822 5624 nos
864 5568 1075 5621 voluisti
1117 5583 1212 5637 per
1261 5564 1650 5618 confessionem
1697 5560 1773 5615 tui
1825 5558 1996 5613 sancti

433 5660 661 5714 umninis
692 5658 821 5728 pati,
856 5658 925 5710 ita
956 5657 1021 5709 ad
1060 5655 1427 5707 rmd’nsimwm
1455 5651 1651 5705 diaboli
1692 5658 1742 5701 ct
1793 5647 1996 5701 satelli-

504 5784 519 5805 ι
566 5770 779 5822 Videtur
819 5767 1014 5828 aliquid
1043 5766 1243 5821 deesse-

2108 651 2224 710 lore
2247 655 2313 709 ab
2337 655 2478 726 igne.
2504 653 2656 709 Tunc
2681 656 2871 711 videns
2899 672 2957 711 se
2981 656 3231 712 inimicus
3256 658 3388 713 nihil
3422 657 3583 713 illatis
3600 662 3688 715 ad-

2105 758 2328 801 versum
2357 743 2560 800 Christi
2586 753 2855 816 martyres
2882 746 3227 816 przevaluisse
3247 745 3550 818 suppliciis,
3577 763 3687 805 sese

2106 836 2320 892 concite
2358 834 2543 891 furens
2570 833 2884 891 Ritiovarus
2920 836 3278 906 praecipitavit
3323 836 3377 891 in
3412 836 3607 907 ignem,
3633 845 3685 892 et

2106 928 2184 984 ita
2238 937 2415 985 morte
2468 929 2703 1001 pessima
2759 928 2925 984 vitam
2978 928 3151 984 finivit
3200 929 3497 1000 indignam.
3559 928 3681 984 Nam

2108 1017 2488 1081 Maximianus,
2518 1032 2643 1073 mox
2682 1016 2864 1072 audita
2893 1018 3138 1074 satellitis
3163 1018 3244 1074 sui
3274 1018 3539 1074 Ritiovari
3577 1034 3682 1089 per-

2107 1109 2653 1179 ditione,,utrumque
2678 1106 2985 1178 CriSpiuum
3022 1108 3273 1164 videlicet
3299 1124 3364 1163 ac
3392 1107 3680 1177 Crispini:-

2107 1215 2234 1254 num
2261 1198 2439 1271 gladio
2473 1199 2662 1268 punire
2689 1198 2964 1267 prtecepit,
3002 1198 3095 1269 qui
3120 1198 3233 1269 jam
3260 1196 3485 1268 jamque
3512 1198 3679 1253 immio

2105 1300 2269 1346 nente
2327 1290 2630 1346 cervicibus
2684 1290 2797 1345 suis
2858 1289 3034 1361 gladio
3102 1292 3398 1362 gratiarum
3456 1291 3679 1346 Domino

2107 1383 2375 1439 actionem
2396 1382 2785 1453 persolventes,
2806 1383 2973 1437 vitam
2992 1393 3317 1452 praesentem
3347 1382 3490 1438 felici
3521 1394 3682 1438 morte

2106 1470 2384 1527 ﬁnierunt.
2414 1470 2536 1542 Ipso
2564 1471 2651 1526 die
2679 1469 2883 1536 Romae,
2937 1472 3023 1526 via
3058 1470 3299 1534 Salaria,
3331 1473 3680 1544 quadraginta

2105 1578 2202 1618 sex
2222 1562 2476 1628 militum,
2507 1562 2600 1632 qui
2630 1560 2790 1617 simul
2814 1560 3072 1633 baptizati
3097 1578 3126 1617 a
3159 1562 3418 1633 Dionysio
3447 1578 3607 1634 papa,
3635 1572 3684 1618 et

2105 1651 2492 1720 mox,jubente
2527 1650 2751 1708 Claudio
2772 1653 3119 1723 imperatore,
3156 1653 3409 1710 decollati
3436 1661 3581 1709 sunt.
3611 1653 3681 1708 lbi

2105 1752 2233 1797 sunt
2257 1748 2313 1797 et
2334 1740 2423 1796 alii
2449 1750 2717 1813 martyres
2737 1750 2951 1798 centum
2975 1743 3167 1814 viginti
3199 1760 3359 1810 unus,
3385 1745 3534 1800 inter
3556 1760 3685 1814 quas

2035 1816 2080 1876 Β
2109 1832 2329 1889 fuerunt
2370 1842 2604 1905 quatuor
2649 1835 2847 1891 milites
2902 1834 3125 1895 Christi.
3177 1837 3535 1903 Theodosius,
3589 1839 3682 1893 Luc

2105 1922 2499 1988 oius,Marcus
2530 1934 2586 1980 et
2623 1922 2838 1981 Petrus.
2876 1925 3152 1996 Scriptum
3194 1927 3247 1981 in
3282 1929 3540 1999 passione
3569 1945 3687 1985 san-

2102 2015 2173 2070 cti
2212 2014 2373 2071 Sixti.

2176 2106 2264 2166 Vi!
2330 2106 2465 2161 KAL.
2519 2107 2575 2162 lu
2637 2105 2951 2162 Nicomedia
3003 2106 3184 2161 natale
3216 2106 3498 2175 .Luciani,
3543 2108 3683 2164 Flori

2103 2195 2335 2271 [Florii],
2369 2196 2665 2253 Heraclidm
2694 2204 2749 2253 et
2773 2196 3043 2252 Martiani.

2174 2287 2239 2341 Vl
2279 2287 2413 2343 ΚΑΙ..
2458 2289 2651 2359 Vigilia
2694 2288 3060 2357 apostolorum
3113 2288 3435 2346 Simoniset
3464 2292 3679 2347 Taddei.

2100 2382 2157 2436 lu
2190 2381 2440 2437 Sardinia
2474 2382 2650 2436 natale
2675 2381 2821 2437 Proti
2859 2392 2913 2438 et
2952 2380 3229 2449 Januarii;
3262 2386 3393 2440 etin
3432 2384 3679 2457 Phrygia,

2102 2471 2325 2527 Eumeni
2352 2480 2407 2526 et
2436 2471 2689 2535 Cononis,
2725 2470 2942 2527 Diodori
2974 2482 3025 2528 et
3058 2473 3325 2529 Metrovii.

2171 2564 2215 2618 Υ
2242 2562 2377 2618 Kac.
2417 2562 2614 2632 Vigilia
2644 2562 3009 2633 apostolorum
3049 2562 3289 2618 Simonis
3315 2575 3370 2619 et
3396 2564 3677 2631 Thaddaai;

2100 2665 2155 2712 et
2193 2655 2398 2718 Romm,
2427 2663 2629 2710 sancta)
2655 2653 2890 2726 Cyrillze,
2933 2653 3057 2710 filia:
3104 2656 3250 2712 Decii
3288 2656 3543 2723 Ca'saris,
3570 2674 3681 2729 qua:

2100 2748 2200 2803 sub
2231 2745 2452 2801 Claudio
2474 2744 2719 2814 principe
2749 2743 2994 2815 jugulata
3033 2756 3087 2800 et
3139 2755 3329 2802 necata
3378 2760 3465 2802 est
3491 2735 3678 2818 gladio,

2098 2848 2155 2895 ct
2197 2836 2406 2908 sepulta
2453 2852 2483 2891 a
2527 2835 2741 2890 Justino
2786 2836 3123 2909 presbytero,
3173 2853 3296 2892 cum
3348 2845 3527 2895 matre
3565 2854 3679 2903 sua,

2094 2932 2248 3003 juxta
2271 2938 2517 2985 sanctum
2550 2928 2918 3000 Hippolytum.

2169 3022 2236 3078 IV
2264 3020 2396 3076 Κλι..
2425 3020 2480 3075 ln
2505 3019 2743 3074 Lucania
2779 3021 2951 3075 sancti
2980 3018 3241 3085 Jacinthi,
3271 3019 3540 3088 Qnintini,
3579 3020 3679 3077 Fc.

2100 3111 2347 3177 liciante,
2400 3109 2589 3165 Lucini
2625 3107 2980 3181 ⁵[Ηγςιειίιιιῑιῂ
3026 3108 3275 3175 Quincti,
3320 3108 3581 3165 Feliciani
3627 3120 3683 3165 et

2100 3200 2301 3275 Lucii].

2171 3293 2235 3350 lli
2272 3292 2408 3349 Kac.
2450 3292 2634 3348 Romae
2675 3289 2856 3346 natale
2906 3292 3081 3347 sancti
3132 3290 3387 3348 Pontiani
3430 3307 3585 3364 papae
3630 3300 3686 3348 et

2099 3385 2377 3456 martyris,
2402 3384 2495 3456 qui
2518 3385 2585 3438 ab
2620 3382 2930 3443 Alexandro
2966 3384 3315 3455 imperatore,
3339 3398 3464 3439 cum
3489 3382 3685 3455 Hippo-

2098 3475 2210 3549 lyto
2230 3476 2547 3547 presbytero
2574 3474 2631 3529 in
2668 3474 2915 3530 exsilium
2951 3484 3033 3530 est
3063 3474 3382 3545 deportatus
3407 3473 3462 3529 in
3495 3473 3685 3530 Sardi-

2098 3567 2242 3620 niam
2267 3564 2513 3625 insulam,
2545 3564 2634 3619 ubi
2663 3574 2748 3619 est
2777 3563 3085 3620 defunctus.

2168 3656 2209 3711 li
2234 3655 2369 3711 ΚΑι..
2405 3654 2461 3711 ln
2500 3654 2688 3711 Galliis
2731 3656 2903 3711 sancti
2934 3654 3204 3723 Quintini,
3232 3654 3325 3725 qui
3368 3656 3471 3711 sub
3513 3653 3686 3709 Maxi—

2098 3748 2279 3803 miano
2328 3747 2655 3817 imperatore
2705 3747 3025 3818 martyrium
3067 3761 3261 3818 passus
3311 3754 3418 3811 est,
3460 3755 3517 3802 et
3562 3757 3687 3817 post

2097 3852 2269 3892 annos
2315 3837 2705 3908 quinquaginta
2747 3837 2881 3891 duos
2935 3837 3211 3891 inventum
3255 3845 3359 3901 est,
3408 3837 3687 3893 rerelante

2096 3924 2307 3997 angelo,
2334 3938 2533 3995 corpus
2556 3923 2694 3992 ejus,
2724 3934 2780 3979 et
2809 3925 3074 3995 sepultum
3105 3940 3178 3979 nx
3205 3924 3321 3979 Kal.
3349 3925 3497 3981 Julii.

2586 4049 3164 4127 NOVEMBEB.

2166 4181 2298 4237 ΚΑι.
2336 4180 2576 4235 Noveua.
2618 4179 2675 4234 in
2715 4188 2896 4236 castro
2943 4178 3245 4235 Divionensi
3288 4180 3473 4235 natale
3514 4179 3681 4235 Beni-

2094 4274 2185 4345 gni
2221 4273 2540 4345 presbyteri,
2574 4271 2663 4343 qui
2694 4288 2815 4327 cum
2842 4270 3124 4327 Andochio
3160 4257 3602 4343 compresbytero
3626 4282 3683 4327 et

2096 4364 2305 4435 'I'hyrso
2335 4364 2563 4420 diacono
2598 4363 2797 4418 missus
2838 4371 2922 4418 est
2960 4380 2988 4417 a
3021 4370 3210 4416 sancto
3237 4362 3493 4431 episcopo
3522 4361 3682 4434 Poly-

2096 4470 2261 4524 carpo
2290 4456 2358 4510 ab
2384 4454 2604 4510 Oriente
2625 4454 2680 4509 in
2705 4452 2934 4509 Galliam
2963 4459 3201 4521 tempore
3229 4451 3531 4518 Aureliani,
3564 4454 3679 4523 qui,

2096 4546 2477 4618 praedicatione
2501 4544 2618 4613 ejus
2652 4552 2950 4615 comperta,
2977 4545 3215 4598 vinctum
3241 4558 3365 4597 eum
3395 4556 3452 4599 et
3480 4559 3680 4599 caesum

2097 4638 2164 4693 ad
2192 4651 2250 4693 se
2277 4637 2467 4693 adduci
2486 4636 2757 4707 praecepit,
2781 4644 2837 4690 et
2863 4634 3045 4690 audita
3071 4649 3381 4690 sermonum
3410 4634 3533 4705 ejus
3553 4650 3682 4690 con-

2096 4730 2298 4785 stantia
2333 4730 2513 4785 nervis
2540 4728 2847 4783 durissimis
2874 4729 3004 4783 eum
3037 4726 3167 4781 cordi
3208 4724 3355 4789 fecit,
3390 4735 3444 4780 et
3475 4724 3681 4779 Teren-

2097 4820 2171 4875 tio
2196 4819 2377 4875 comiti
2411 4817 2771 4887 superandum
2803 4815 3044 4880 tradidit,
3083 4830 3115 4869 a
3162 4829 3270 4884 quo
3310 4814 3377 4867 ad
3407 4812 3682 4868 trochleas

2096 4919 2353 4965 extensus
2380 4918 2485 4975 est,
2514 4918 2569 4963 et
2595 4922 2787 4972 cazsus,
2819 4921 2884 4962 ac
2909 4921 3125 4961 rursum
3151 4905 3360 4961 carceri
3401 4905 3683 4975 mancipa-

2100 5011 2205 5062 tus.
2233 5016 2391 5055 mane
2425 4999 2562 5054 idola
2593 4998 2795 5053 orando
2818 4997 3107 5063 destruxit,
3132 5006 3187 5051 et
3213 4994 3473 5051 reductus
3511 5005 3594 5052 est
3622 4995 3679 5049 in

2099 5105 2399 5154 carcerem,
2426 5089 2512 5143 cui
2558 5088 2778 5143 subulas
2827 5088 3010 5142 decem
3056 5086 3296 5141 calentes
3327 5084 3382 5139 in
3430 5083 3684 5139 manibus

2100 5178 2410 5241 infixerunt,
2445 5184 2498 5230 et
2520 5192 2548 5230 a
2585 5175 2805 5245 plumbo
2834 5173 3060 5230 remisso
3082 5172 3244 5243 pedes
3268 5172 3321 5226 in
3347 5170 3527 5242 lapide
3554 5186 3682 5241 per-

2099 5268 2273 5324 forato
2314 5265 2566 5330 fixerunt,
2606 5273 2661 5319 et
2689 5279 2854 5319 canes
2892 5263 3171 5318 duodecim
3216 5258 3426 5314 feroces
3456 5274 3578 5314 cum
3613 5273 3685 5313 eo

2101 5353 2436 5415 incluserunt
2459 5351 2555 5427 pe'r
2577 5371 2669 5412 sex
2700 5356 2838 5421 dies,
2867 5363 2923 5409 et
2948 5352 3123 5408 attulit
3149 5352 3198 5407 ei
3227 5350 3454 5422 angelus
3484 5366 3684 5420 panem

2100 5448 2393 5513 cmlestcm,
2432 5446 2651 5501 subulas
2696 5431 2938 5510 abstulit,
2985 5452 3040 5499 et
3085 5457 3209 5498 eum
3253 5441 3321 5497 de
3359 5441 3581 5512 plumbo
3611 5456 3685 5498 ac

2102 5540 2245 5594 ferro
2269 5537 2487 5609 eripuit.
2514 5536 2643 5590 Post
2664 5537 2768 5591 hoc
2790 5535 2983 5591 collum
3009 5533 3125 5603 ejus
3148 5543 3300 5589 recte
3325 5533 3507 5587 ferreo
3526 5531 3682 5588 tuadi

2100 5638 2155 5683 et
2189 5644 2381 5699 corpus
2404 5628 2586 5682 lancea
2628 5626 2793 5680 forari
2836 5625 3050 5680 iubetur
3078 5641 3089 5677 :
3116 5639 3223 5693 quo
3254 5624 3398 5677 farto
3429 5621 3681 5677 columba
