3924 6322
179 359 318 414 H77

1500 358 1996 418 MARTYRGLOGI
2008 360 2123 419 ΗΜ.

3304 366 3442 426 H78

174 471 332 527 nivea
362 468 427 525 de
455 481 693 535 carcere,
725 466 1047 523 Christianis
1089 467 1495 539 aspicientibus.
1540 469 1606 523 ad
1646 484 1758 525 ραι·
1788 483 1832 537 Α
1861 470 2067 526 Leontii
2099 470 2401 527 consularis
2425 473 2495 529 ob
2520 488 2641 528 eam
2670 476 2903 533 maxime
2926 492 3147 533 causam
3172 479 3299 550 quia
3322 478 3446 536 Cre-

173 560 256 617 los
282 559 548 627 ascendit,
572 569 629 617 et
648 560 787 616 odor
821 561 1174 617 suavissimus
1206 562 1359 633 quasi
1394 562 1628 633 paradisi
1678 576 1763 616 se-

173 661 332 708 cutus
372 661 459 709 est
482 669 495 706 :
521 652 833 708 discedente
860 651 1160 708 Aureliano
1199 668 1230 707 a
1269 652 1410 715 loco,
1450 654 1786 724 supervenit

172 742 440 808 Lconilla,
462 752 518 799 et
545 743 822 799 conditum
866 743 1201 800 aromatibus
1231 759 1427 816 corpus
1456 761 1562 799 non
1603 744 1762 816 longe

173 836 242 890 ab
270 836 388 905 ipso
417 850 638 891 carcere
678 837 948 908 sepelivit.
990 837 1191 893 Eodem
1232 837 1322 893 die
1368 836 1547 893 natale
1588 838 1761 893 sancti

172 925 394 981 Cmsarii
441 927 651 983 diaconi
683 914 961 985 etJuiiani
1009 918 1350 1003 presbyteri;
1381 930 1473 1000 qui
1513 928 1764 986 videlicet

171 1016 443 1074 Cresarius
491 1027 735 1089 tempore
780 1019 986 1076 Claudii
1034 1021 1380 1092 imperatoris
1433 1021 1653 1078 veniens
1694 1038 1759 1077 ex

96 1120 97 1123 ‘
172 1106 359 1162 Africa
405 1109 473 1162 ad
521 1107 870 1167 Terracinam
928 1109 1233 1181 Campaniae
1274 1111 1583 1176 civitatem,
1634 1111 1761 1167 dum

173 1205 367 1252 contra
396 1197 707 1254 idololatras
730 1199 1093 1269 proclamaret
1120 1202 1172 1257 in
1207 1202 1443 1272 publico,
1476 1211 1654 1259 tentus
1678 1212 1762 1260 est

172 1300 202 1338 a
232 1284 481 1343 Firmino
526 1288 781 1358 pontilice
826 1298 883 1345 et
920 1290 974 1345 in
1003 1292 1304 1348 custodiam
1353 1291 1615 1358 reclusus,
1666 1293 1759 1349 ubi

171 1377 368 1433 diebus
392 1378 578 1434 multis
605 1389 912 1437 maceratus
942 1383 1136 1438 deinde
1161 1384 1388 1439 traditus
1418 1393 1503 1439 est
1529 1382 1758 1440 Leontio

171 1469 448 1525 consulari
482 1469 808 1542 Campaniae.
838 1472 1007 1541 Quem
1039 1473 1128 1528 ille
1148 1489 1268 1529 cum
1297 1475 1477 1530 verbis
1502 1488 1760 1545 superare

170 1561 450 1631 nequiret,
481 1560 647 1631 jussit
686 1565 926 1620 vinctum
971 1575 1097 1622 ante
1127 1577 1446 1637 carpentum
1472 1583 1631 1624 suum
1662 1569 1762 1623 du-

171 1664 319 1715 cere,
363 1651 543 1723 ligatis
590 1653 860 1721 manilius,
909 1655 1111 1712 nudum
1167 1673 1334 1727 usque
1378 1659 1447 1714 ad
1504 1657 1759 1730 templum

169 1741 472 1810 Apollinis:
495 1757 603 1813 quo
626 1759 750 1799 cum
782 1747 1175 1815 pervenissent,
1216 1749 1281 1803 ad
1307 1748 1610 1804 orationem
1641 1746 1757 1818 ejus

1863 560 2040 616 sarias
2074 568 2287 631 patrem
2316 559 2436 630 ejus
2460 562 2828 620 Christianum
2874 564 3113 633 fecisset,
3158 574 3214 624 et
3256 567 3323 623 ad
3364 566 3447 625 fn-

1864 664 1982 703 rum
2015 649 2181 712 ducti,
2231 666 2332 706 nec
2362 653 2621 723 superati,
2656 653 2779 710 inde
2809 655 2863 710 in
2907 670 3185 713 carcerem
3219 658 3441 726 reclusi,

1862 747 1915 793 et
1944 748 2099 795 nocte
2120 740 2309 795 eadem
2337 757 2459 797 cum
2492 742 2805 799 sacrificare
2833 745 3036 802 nollent
3059 748 3328 813 decollati,
3357 760 3444 805 at-

1863 842 1968 898 que
2000 829 2058 884 in
2080 830 2247 884 ﬂuvio
2267 840 2393 885 sunt
2416 831 2639 903 jactati;
2668 849 2898 903 quorum
2925 851 3151 907 corpora
3181 850 3447 895 venerunt

1862 934 2034 988 usque
2075 920 2142 975 ad
2173 936 2346 988 mare,
2378 931 2433 977 et
2480 921 2679 992 rt-jccta
2727 934 2853 981 sunt
2896 928 2964 983 ad
3010 928 3178 994 littus,
3214 940 3378 1002 atque
3413 948 3444 987 a

1828 1066 1831 1067 ν
1860 1010 2181 1082 presbytero
2216 1010 2450 1083 quodam
2500 1015 2566 1069 de
2595 1014 2798 1086 Capua,
2852 1018 3074 1074 nomine
3102 1018 3329 1087 Quarto,
3366 1022 3449 1076 in-

1863 1106 2048 1164 venta,
2078 1099 2172 1170 qui
2215 1115 2280 1155 ea
2323 1116 2446 1156 mox
2485 1102 2736 1174 imposita
2784 1105 3035 1161 vehiculo
3067 1107 3221 1163 duxit
3267 1108 3319 1163 in
3364 1123 3450 1163 ca-

1863 1201 1980 1241 sam
2011 1202 2190 1255 suam,
2218 1199 2273 1243 et
2301 1190 2515 1245 curiose
2543 1206 2792 1261 qurercns
2815 1194 2981 1248 ctiam
3008 1196 3185 1265 capita
3218 1196 3444 1261 invenit,

1861 1292 1928 1332 ac
1966 1276 2154 1349 juncta
2198 1279 2531 1351 corporibus
2565 1282 2815 1351 sepelivit
2853 1284 3008 1352 juxta
3057 1293 3305 1339 sanctum
3334 1287 3443 1340 Cu:-

1861 1373 2088 1428 sarium.

1933 1463 2044 1520 Vill
2070 1464 2146 1519 la.
2175 1463 2419 1520 Novius.
2462 1465 3066 1536 Depositio'\\'iibrordi
3098 1466 3335 1537 episcopi
3380 1467 3448 1523 de

1861 1564 2021 1626 gente
2058 1554 2377 1626 Anglorum,
2411 1555 2515 1609 viri
2566 1556 2900 1610 sanctissimi
2948 1564 3017 1611 et
3057 1557 3442 1611 miraculorum

1860 1644 2033 1718 gratia
2069 1645 2440 1717 insignissimi,
2469 1645 2560 1715 qui
2604 1661 2635 1700 a
2685 1646 2876 1717 Sergio
2917 1646 3268 1717 papa'i‘tomae
3294 1647 3444 1701 Ol’tli-

1861 1743 2020 1790 natus
2049 1737 2103 1790 in
2146 1735 2493 1791 Germaniam
2537 1738 2605 1791 ad
2639 1738 3042 1807 praedicandum
3096 1740 3321 1793 verbum
3352 1736 3445 1792 Dei

169 1832 381 1886 corruit
428 1832 708 1904 templum,
736 1843 793 1889 et
836 1836 1035 1892 occidit
1073 1836 1382 1907 pontificem
1412 1837 1711 1893 Firminum
1737 1854 1752 1904 ;
1784 1828 1831 1889 B
1858 1836 1943 1885 est
1966 1828 2288 1893 destinatus,
2321 1828 2630 1899 ibidemque
2653 1828 2858 1899 quierit
2890 1830 2942 1883 in
2974 1842 3127 1900 pace.

166 1930 295 1991 post
320 1921 436 1977 haec
461 1922 707 1979 reclusus
724 1924 777 1978 in
801 1939 1026 1981 carcere
1051 1942 1081 1981 a
1109 1926 1345 1981 Luxorio
1364 1928 1541 1998 primo
1567 1928 1758 1983 civita-

170 2012 261 2074 tis,
290 2009 397 2067 fuit
422 2013 493 2069 ibi
520 2029 724 2069 annum
745 2024 801 2071 et
829 2031 1067 2071 mensem
1091 2032 1274 2072 unum.
1297 2018 1504 2074 Deinde
1529 2018 1758 2074 eductus

168 2101 224 2155 iu
257 2099 400 2169 foro,
442 2119 473 2158 a
510 2104 621 2160 Deo
650 2106 779 2160 dum
816 2116 1000 2163 oraret
1036 2108 1246 2164 caelesti
1296 2108 1415 2164 luce
1444 2110 1757 2165 circumda-

168 2198 282 2255 tus,
330 2200 391 2246 ut
437 2192 552 2263 ipse
597 2193 856 2251 Leontius
895 2198 1161 2264 crederet,
1202 2208 1258 2255 et
1301 2199 1622 2264 Cazsarium,
1664 2202 1757 2270 qui

167 2288 290 2335 erat
314 2283 509 2349 nudus,
537 2299 633 2339 sua
664 2286 946 2359 chlamyde
986 2289 1252 2356 indueret,
1281 2301 1336 2346 et
1363 2290 1756 2362 baptizaretur,

168 2384 236 2425 ac
263 2386 465 2442 corpus
488 2388 553 2429 ac
592 2377 913 2446 sanguinem
951 2377 1162 2433 Domini
1202 2379 1473 2451 acciperet
1501 2382 1567 2436 de
1592 2397 1757 2436 manu

165 2457 371 2516 Iuliani
398 2464 724 2537 presbyteri,
764 2481 865 2522 nec
902 2483 1075 2535 mora,
1120 2470 1265 2525 dicta
1292 2486 1454 2541 super
1477 2488 1601 2527 eum
1640 2489 1760 2529 ora-

167 2550 342 2615 tione,
391 2552 639 2622 spiritum
685 2556 909 2612 tradidit
950 2573 1011 2613 ιιι
1059 2558 1176 2613 Kal.
1208 2559 1344 2615 Nov.
1386 2560 1537 2618 Tunc
1578 2563 1759 2621 Luxu-

168 2640 284 2695 rius
306 2641 473 2711 jussit
496 2641 766 2700 Iulianum
790 2654 846 2702 et
870 2646 1162 2703 Caesarium
1194 2650 1333 2705 mitti
1361 2651 1415 2706 in
1458 2667 1675 2709 saccum
1705 2664 1754 2710 et

165 2733 497 2803 praecipitari
528 2734 584 2789 in
616 2750 765 2792 mare
791 2752 806 2791 :
831 2738 923 2807 qui
960 2740 1151 2794 eodem
1189 2739 1277 2794 die
1318 2739 1505 2811 rejecti
1536 2752 1664 2797 sunt
1690 2745 1757 2799 ad

164 2819 319 2877 littus
347 2831 404 2878 et
442 2824 638 2895 sepulti
669 2827 738 2882 ab
786 2827 1022 2885 Eusebio
1051 2844 1210 2887 servo
1235 2831 1352 2898 Dei,
1375 2833 1534 2903 juxta
1567 2835 1755 2890 urbem

166 2908 553 2980 Terracinam;
600 2921 657 2969 et
701 2915 844 2972 idem
876 2919 1142 2975 Eusebius
1187 2928 1377 2992 postea
1430 2924 1756 2995 martyrium

162 3017 359 3074 passus
382 3014 466 3059 est
497 3020 620 3061 cum
650 3006 829 3065 Felice
865 3012 1200 3084 presbytero.
1229 3013 1434 3070 Eodem
1471 3016 1559 3072 die
1587 3018 1754 3088 depo-

164 3089 295 3147 sitio
342 3091 585 3150 Severini
623 3098 876 3155 monachi
926 3102 991 3156 de
1022 3102 1301 3159 Tiburtina
1340 3104 1579 3162 civitate.
1627 3107 1746 3178 ipsa

1930 1917 2020 1972 Vll
2059 1915 2137 1981 In.
2192 1916 2245 1972 in
2294 1916 2479 1974 Africa
2528 1918 2711 1974 natale
2764 1919 2974 1990 Rogati,
3017 1920 3231 1985 Donati,
3272 1918 3442 1984 Iuliae,

1855 2006 2119 2063 Januarii.
2150 2008 2354 2064 Eodem
2388 2008 2478 2063 die
2508 2008 2690 2064 natale
2710 2007 2883 2064 sancti
2920 2011 3328 2081 Ruth-episcopi
3358 2026 3449 2065 nr-

1855 2104 1941 2160 bis
1965 2102 2220 2160 Metensis
2248 2103 2677 2169 et'confcs'soris',
2706 2104 2798 2173 qui
2828 2103 3124 2158 translatus
3150 2112 3233 2159 est
3258 2118 3289 2157 a
3311 2117 3445 2174 pras-

1856 2195 2001 2250 dicta
2030 2196 2183 2262 urbe,
2220 2196 2594 2250 consentiente
2621 2193 2870 2264 Drogone
2906 2193 3160 2264 prmsule,
3193 2194 3245 2248 itt
3290 2192 3449 2248 War.

1857 2283 2183 2339 matiensem
2240 2286 2472 2355 pagum,
2518 2285 2570 2337 in
2619 2284 2803 2338 villam
2849 2299 2969 2354 qum
3027 2292 3249 2338 vocatur
3288 2284 3445 2339 Oter-

1858 2372 2026 2439 heim,
2068 2374 2401 2444 temporibus
2444 2372 2662 2427 Ludarii
2705 2373 3046 2444 imperatoris
3096 2382 3151 2429 ct
3190 2373 3449 2431 Ludovici

1858 2463 2024 2533 regis,
2068 2461 2159 2518 ubi
2205 2462 2369 2519 etiam
2429 2464 2686 2519 sanctitas
2738 2465 2870 2532 ejus"
2915 2463 3108 2519 multis
3156 2464 3448 2523 virtutibus

1858 2554 2056 2617 claruit
2079 2568 2130 2610 ⁸.
3392 2547 3397 2551 ’

1930 2642 1996 2698 ιν
2022 2642 2098 2698 le.
2139 2642 2327 2699 Romae
2371 2644 2634 2715 depositio
2664 2644 2836 2699 sancti
2879 2642 3071 2700 Leonis
3101 2644 3357 2715 episcopi.
3392 2645 3449 2701 in

1857 2737 2147 2792 Antiochia
2178 2736 2359 2793 natale
2404 2736 2661 2792 Demetrii
2709 2736 2969 2807 episcOpi,
2992 2735 3449 2801 Amnesi,Eusta-

1858 2830 1965 2884 chii
2007 2827 2250 2901 [Aniani,
2277 2820 2538 2903 EuStosii]
2573 2836 2629 2884 et
2657 2830 2928 2884 sociorum
2955 2829 3089 2900 ejus.
3137 2829 3453 2885 Aurelianis

1859 2908 2123 2992 depositio
2155 2918 2299 2977 beati
2326 2919 2591 2977 Miniteris
2615 2917 2945 2993 [Monitoris]
2985 2920 3245 2991 episcopi.

1927 3009 1995 3065 lll
2018 3009 2095 3065 In.
2139 3010 2412 3082 Depositio
2437 3010 2582 3066 beati
2632 3010 2848 3065 Martini
2898 3009 3233 3066 Turonensis
3269 3010 3451 3066 archi-

1869 3099 2107 3171 episcopi
2132 3108 2189 3155 et
2209 3099 2558 3167 confessoris,
2575 3099 2858 3171 cttjus‘v'ita
2880 3109 2937 3157 et
2956 3101 3200 3173 doctrina
3226 3117 3324 3173 per
3346 3104 3450 3157 mi-

163 3182 253 3237 δίε
298 3188 560 3243 memoria
594 3188 899 3246 celebratur
940 3194 1180 3249 omnium
1229 3205 1562 3265 sanctorum,
1600 3200 1743 3271 quod
1772 3188 1817 3252 C
1857 3189 2045 3247 raeula
2076 3206 2194 3260 quae
2238 3190 2497 3245 Dominus
2544 3198 2644 3260 per
2666 3198 2791 3245 eum
2838 3189 2988 3257 fecit,
3023 3205 3161 3261 pene
3198 3192 3451 3249 omnibus

163 3276 450 3332 constituit
474 3276 787 3337 Bonifacius
811 3297 967 3352 papa,
996 3286 1086 3354 qui
1126 3286 1410 3342 delubrum
1454 3299 1750 3358 vetustum,

162 3366 310 3436 quod
347 3369 417 3423 ab
457 3372 696 3442 antiquis
744 3371 1019 3430 Pantheon
1062 3376 1376 3444 vocabatur,
1421 3380 1752 3436 concedente

161 3453 368 3513 Focate
395 3458 620 3534 [Pltoca]
659 3462 897 3528 Caesare,
938 3465 990 3519 in
1033 3465 1296 3523 honorem
1323 3478 1525 3525 sancta:
1571 3469 1755 3526 Mariae

163 3550 407 3624 Virginis
441 3563 497 3610 et
542 3558 783 3612 omnium
828 3568 1139 3615 sanctorum
1178 3561 1468 3617 dedicavit.
1521 3563 1652 3618 ltetn
1697 3564 1753 3619 in

162 3634 357 3700 eodem
400 3645 489 3701 die
524 3646 580 3701 in
624 3649 958 3704 monasterio
1003 3649 1171 3705 Fulda
1214 3651 1485 3707 dedicatio
1511 3653 1753 3709 ecclesia:

163 3738 342 3792 sancti
367 3738 653 3806 Bonifacii,
696 3748 752 3796 et
777 3740 1061 3797 translatio
1087 3742 1335 3813 corporis
1363 3741 1600 3812 ejusdem
1632 3760 1752 3800 san-

162 3831 239 3885 cti
275 3832 551 3903 martyris.

236 3917 305 3974 iV
334 3919 472 3975 Non.
512 3920 568 3976 in
599 3921 781 3978 Africa
807 3924 986 3980 natale
1007 3921 1204 3992 Publii,
1236 3926 1493 3993 Victoris,
1526 3926 1749 3984 llermeo

164 4009 258 4074 tis,
290 4009 317 4065 J
325 4012 429 4065 usti
458 4020 514 4065 et
537 4010 734 4083 Papize.

240 4099 306 4154 ill
343 4098 478 4156 Non.
519 4100 578 4155 ln
611 4101 858 4157 Cmsarea
886 4102 1240 4175 Cappadociae
1265 4105 1447 4162 natale
1471 4105 1749 4175 Germani,

169 4189 449 4256 Domnini,
485 4189 786 4261 Theophili,
826 4192 1031 4257 V'italis,
1081 4191 1218 4249 Justi
1250 4203 1307 4249 et
1345 4194 1620 4252 Eremitis.
1648 4198 1754 4253 Eo-

168 4278 294 4333 dem
323 4278 413 4334 die
437 4278 703 4350 depositio
728 4282 898 4336 sancti
928 4281 1195 4338 Permenii
1231 4283 1506 4358 [Firmini]
1538 4286 1749 4344 confes—

165 4368 330 4423 soris.

239 4456 283 4511 ll
312 4455 449 4513 Non.
489 4459 876 4530 Augustoduno
903 4462 1167 4533 depositio
1205 4464 1347 4519 beati
1392 4463 1605 4521 Proculi
1631 4467 1748 4538 epi-

163 4551 339 4620 scopi.
365 4524 603 4607 iiotenns
627 4552 936 4628 [Rutbenis]
960 4524 1145 4609 Gallia:
1168 4556 1343 4612 natale
1357 4558 1531 4613 sancti
1551 4524 1753 4614 Aman-
1778 4524 1829 4584 Β

162 4644 225 4698 tii
258 4644 515 4715 episcopi.
545 4645 603 4699 in
633 4644 822 4701 Galliis
845 4646 1121 4702 Beturicas
1146 4648 1309 4719 .apud
1337 4646 1624 4722 Bituricas]
1654 4648 1750 4705 de-

161 4736 367 4807 positio
395 4738 566 4792 sancti
612 4737 868 4793 inlusoris
907 4739 1059 4807 pueri
1098 4748 1153 4793 et
1200 4738 1560 4807 confessoris;
1600 4748 1654 4795 et
1693 4740 1748 4798 in

165 4826 370 4891 Nicaea,
414 4826 683 4881 Domnini.
723 4827 781 4882 ln
811 4827 992 4883 Africa
1040 4829 1219 4886 natale
1264 4829 1456 4897 Primi,
1498 4830 1746 4898 Cmsarii,

163 4916 452 4986 Gregorii,
504 4916 738 4985 Porsiri,
777 4918 1057 4983 Amantis,
1100 4918 1373 4986 Saturini,
1421 4920 1743 4987 Victurinaa,

164 5005 475 5076 Perpetuze.

1855 3284 2105 3341 ﬁdelibus
2138 3284 2327 3352 claret,
2373 3299 2477 3341 nec
2510 3299 2733 3341 necesse
2776 3290 2864 3340 es‘t
2896 3284 3098 3355 aliquid
3125 3285 3215 3341 hic
3251 3285 3375 3343 inde
3417 3302 3463 3343 εκ

1855 3376 2011 3431 nobis
2046 3374 2484 3442 commemorari,
2516 3371 2642 3445 quia
2692 3375 2861 3445 ipsius
2888 3374 3094 3441 Vitam,
3138 3375 3367 3433 virtutes
3394 3385 3452 3433 et

1856 3464 2011 3533 signa
2044 3463 2320 3535 Sulpicius
2348 3462 2583 3519 Severus
2630 3463 2904 3519 luculento
2928 3476 3180 3520 sermone
3218 3465 3450 3522 manife-

1855 3566 1938 3611 διε
1961 3554 2279 3625 descripsit;
2317 3551 2417 3608 nec
2461 3556 2569 3608 non
2601 3561 2655 3609 et
2681 3551 2997 3625 Gregorius,
3022 3552 3267 3622 ejusdem
3293 3555 3448 3629 urbis

1853 3647 2158 3717 episcopus,
2206 3647 2258 3700 in
2297 3642 2680 3702 Mi'raculoru'm
2728 3645 2886 3701 libris
2926 3646 3238 3716 plenissime
3278 3648 3450 3705 disse-

1855 3720 2214 3821 ruit.]Eodcm
2243 3737 2329 3792 die
2372 3736 2556 3806 passio
2589 3725 2899 3791 celebratur
2927 3726 3135 3791 lifenn‘a:
3163 3739 3438 3809 martyris,

1855 3827 1949 3899 qui
1977 3824 2233 3882 militiam
2261 3823 2539 3883 terrenam
2562 3827 2839 3894 deserens,
2877 3841 2944 3883 eo
2974 3828 3116 3898 quod
3156 3827 3446 3885 Diocletia-

1854 3931 1957 3972 nus
1996 3917 2296 3987 imperator
2322 3917 2529 3971 sazvitia
2560 3916 2899 3972 Christianos
2931 3926 3151 3987 cogeret
3174 3918 3315 3973 idola
3356 3933 3448 3973 co-

1854 4007 1964 4063 iere
1986 4014 2041 4062 et
2067 4007 2197 4062 deos
2226 4006 2389 4062 falsos
2409 4007 2659 4073 adorare,
2683 4018 2905 4063 sanctus
2932 4005 3168 4064 famulus
3198 4009 3292 4064 Dei
3308 4009 3433 4081 "pri-

1853 4114 2001 4155 mum
2038 4099 2093 4153 in
2133 4113 2374 4153 eremum
2405 4100 2664 4165 secessit,
2697 4114 2763 4155 ac
2790 4100 2863 4155 ibi
2906 4100 3134 4157 Domino
3172 4101 3437 4159 instanter

1853 4190 2099 4247 servivit.
2122 4189 2315 4245 Postea
2341 4205 2467 4245 vero
2486 4206 2609 4247 cum
2623 4191 2849 4262 gentiles
2877 4192 3111 4247 natalem
3137 4194 3279 4249 diem
3300 4211 3439 4266 pra:-

1852 4280 1982 4336 dicti
2010 4281 2353 4351 imperatoris
2389 4274 2749 4347 celebrarent,
2789 4280 2941 4334 venit
2976 4281 3027 4334 in
3060 4281 3359 4352 civitatem,
3387 4293 3445 4341 et

1852 4372 2153 4444 increpavit
2190 4372 2596 4442 superstitiosos
2622 4372 2856 4429 cultores
2884 4372 3152 4430 idolorum
3196 4375 3263 4431 de
3294 4379 3444 4433 vani-

1854 4470 1962 4517 tate
1990 4477 2109 4517 sua.
2139 4461 2245 4517 Per
2283 4461 2571 4533 Bagasinm
2599 4462 2895 4534 principem
2942 4463 3127 4520 multis
3158 4468 3441 4521 tormentis

1855 4553 2083 4609 aﬂlictus
2104 4562 2208 4619 est,
2235 4562 2429 4609 eteum
2462 4554 2496 4608 a'
2517 4553 2717 4610 Christi
2744 4552 2850 4611 ﬁde
2888 4565 3136 4612 avertere
3169 4557 3355 4625 voluit,
3386 4570 3444 4617 et

1857 4646 1911 4700 in
1954 4660 2198 4702 errorem
2243 4645 2526 4717 gentilium
2555 4656 2720 4716 atque
2757 4647 2827 4702 ad
2870 4647 3118 4703 militiam
3166 4658 3440 4709 terrenam

1853 4736 2134 4793 reducere.
2181 4737 2288 4793 Sed
2337 4736 2538 4793 Christi
2576 4745 2789 4811 martyr
2823 4740 3038 4811 penitus
3078 4740 3183 4797 hoc
3224 4752 3440 4798 contra—

1854 4828 2009 4883 dixit.
2061 4827 2214 4883 Tunc
2253 4843 2453 4897 prteses
2478 4827 2641 4899 jussit
2696 4844 2819 4884 cum
2864 4830 3100 4900 primum
3150 4830 3203 4886 in
3258 4832 3439 4902 stipite

1854 4926 2065 4975 tensum
2094 4920 2278 4975 nervis
2300 4920 2528 4976 taurinis
2552 4920 2777 4985 aedere,
2810 4921 2884 4977 ita
2913 4930 2972 4976 ut
3004 4923 3221 4994 sanguis
3257 4927 3289 4981 e
3313 4940 3436 4981 eor-

1854 5025 1983 5082 pore
2006 5009 2123 5080 ejus
2148 5010 2320 5066 tinens
2352 5011 2405 5065 in
2437 5012 2666 5067 circuitu
2692 5021 2894 5068 terram
2944 5015 3217 5084 repleret;
3252 5020 3435 5086 postea

239 5094 379 5151 Non.
411 5094 651 5153 Novus.
690 5096 747 5152 in
798 5097 1114 5167 Tarracina,
1146 5099 1454 5173 Campaniae
1500 5102 1741 5171 civitate,
1843 5096 2007 5169 jussit
2033 5098 2152 5156 ﬁeri
2189 5099 2371 5170 spinas
2416 5099 2643 5166 ferreas,
2670 5110 2727 5156 et
2766 5102 3027 5172 praecepit
3072 5102 3225 5175 ligari
3258 5104 3435 5175 ipsum

167 5189 353 5247 natale
386 5199 696 5246 sanctorum
735 5189 929 5247 Felicis
962 5194 1263 5265 presbyteri
1302 5203 1358 5250 et
1385 5195 1603 5252 Eusebii
1634 5211 1752 5253 mo-

167 5282 359 5347 nachi,
404 5290 649 5353 tempore
693 5282 899 5338 Claudii
946 5283 1332 5354 imperatoris:
1364 5287 1456 5357 qui
1502 5286 1751 5343 videlicet

168 5371 440 5428 Eusebius
467 5385 589 5427 cum
616 5371 899 5441 sepelisset
930 5382 1147 5429 sanctos
1177 5384 1445 5445 martyres
1472 5374 1748 5435 Julianum

167 5473 227 5519 et
252 5462 569 5527 Ctesariuzu,
613 5472 666 5517 et
694 5464 762 5518 ad
801 5464 1045 5535 sepulcra
1099 5480 1286 5521 eorum
1312 5482 1478 5523 orans
1518 5483 1583 5525 ac
1614 5467 1750 5539 jejuo

168 5567 313 5610 naris
357 5551 553 5608 multos
580 5562 917 5609 converteret
946 5555 1012 5609 ad
1034 5553 1215 5621 fidem,
1242 5570 1379 5626 quos
1415 5554 1566 5611 Felix
1597 5571 1750 5628 pres-

168 5645 333 5717 byter
368 5630 713 5713 baptiiabat:
762 5646 897 5701 tenti
937 5653 1063 5702 sunt
1103 5646 1263 5703 ambo
1299 5662 1330 5702 a
1377 5646 1604 5704 Leontio
1638 5648 1747 5705 tilio

241 5770 268 5797 ι
294 5756 392 5813 ilic
420 5759 795 5815 desiderantur
822 5758 875 5814 in
914 5760 1294 5827 Martvrologio
1331 5762 1434 5819 duo
1464 5764 1598 5821 dies.

1853 5198 2098 5245 sanctum
2125 5198 2415 5261 martyrem
2448 5186 2721 5258 Hennam,
2753 5191 2809 5247 et
2841 5207 3004 5263 super
3025 5193 3244 5249 easdem
3270 5195 3430 5250 trahi.

1854 5280 2005 5335 Tunc
2029 5295 2232 5351 praeses
2264 5278 2426 5349 jussit
2464 5286 2592 5336 eum‘
2621 5290 2812 5338 contra
2843 5283 3095 5338 humeros
3131 5283 3433 5340 diutissime

1854 5370 2022 5436 caedi;
2062 5370 2255 5426 deinde
2284 5372 2559 5441 lampades
2604 5373 2857 5429 ardentes
2900 5374 3171 5428 mandavit
3204 5375 3429 5446 supponi

1853 5462 2064 5531 corpori
2092 5462 2247 5534 ejus:
2273 5462 2435 5517 allato
2464 5471 2642 5518 autem
2692 5464 2817 5535 igne
2844 5472 2900 5519 et
2943 5465 3219 5535 supposito
3245 5466 3296 5522 ei
3331 5480 3431 5536 per

1853 5552 1984 5608 duas
2009 5550 2177 5608 ferme
2204 5554 2363 5608 horas
2388 5554 2591 5609 nullum
2616 5555 2840 5611 verbum
2863 5556 2931 5611 ad
2955 5555 3236 5627 praesidem
3265 5557 3423 5625 dixit,

1850 5642 1946 5697 sed
1976 5650 2182 5697 tantum
2209 5642 2473 5697 clatnabat
2503 5642 2570 5698 ad
2590 5642 2873 5700 Dominum
2904 5644 3091 5701 dicens
3117 5662 3130 5700 :
3164 5663 3184 5698 ι
3212 5644 3429 5705 Christe
