3924 6340
520 421 650 475 Il?!)
1150 417 1209 473 ll.
1254 413 1505 470 IiABANI
1543 413 1761 471 MAURI
1801 413 2120 471 ARCIIIEP.
2162 414 2470 475 SIOCUNT.
2512 419 2796 477 OPERUM
2831 420 3009 478 PARS
3047 422 3109 477 II.
3628 425 3733 481 liSai

511 533 675 597 Deus,
701 530 892 601 adjuva
924 547 1038 596 me;
1078 550 1095 583 ι
1130 531 1421 586 novissime
1450 546 1580 586 vero
1608 546 1732 587 cum
1755 530 1901 584 nullo
1930 530 2090 584 modo
2118 534 2164 592 Α
2192 546 2289 601 per
2321 547 2510 587 omnes
2540 533 2655 589 dies
2691 534 2815 588 vitae
2858 549 2969 589 suae
3004 546 3307 607 perageret,
3344 544 3474 592 nutu
3511 537 3597 594 Dei
3638 540 3733 612 Spi.

508 637 634 676 eum
679 635 876 690 pnnscs
916 635 947 673 a
982 618 1196 674 Christo
1242 634 1496 690 separare
1534 629 1732 691 posset,
1759 618 1920 690 jussit
1965 634 2089 674 eum

510 710 783 766 decollari.
843 708 1043 780 Sicque
1086 708 1313 765 feliciter
1368 719 1587 765 sanctus
1636 709 1735 763 'Dei
1784 708 2091 778 relinquens

507 816 747 871 przesens
772 800 1029 855 smeulum
1057 800 1124 854 ad
1150 798 1371 855 cmleste
1393 814 1621 869 regnum
1652 798 1922 852 transivit.

580 892 623 945 ll
664 890 740 945 In.
781 891 838 945 lu
867 890 1050 945 Africa
1090 889 1283 963 [Asia]
1330 892 1513 946 natale
1556 900 1872 945 sanctorum
1909 889 2093 944 .Inau-

512 981 635 1045 ruli,
677 981 831 1035 Publi
870 980 1096 1053 [Aurelii
1138 989 1193 1035 et
1244 979 1465 1053 Publii].
1507 981 1563 1034 ln
1593 978 1840 1035 Cresarea
1882 978 2092 1049 Cappa-

508 1076 678 1130 docia:
707 1075 887 1129 natale
925 1082 1239 1130 sanctorum
1264 1072 1539 1136 Germani,
1574 1072 1880 1143 Theophili,
1919 1072 2090 1129 Caasa-

512 1168 575 1220 rii
607 1176 663 1221 et
688 1166 863 1221 sancti
893 1165 1134 1219 Eusebii.

580 1255 708 1309 lDlB.
747 1254 806 1309 In
832 1254 1077 1325 ,Turonis
1120 1252 1339 1307 civitate
1381 1249 1571 1309 Gallias
1617 1247 1880 1319 depositio
1917 1248 2088 1303 sancti

509 1348 682 1403 llricci
708 1346 912 1420 [Britii]
955 1346 1192 1416 episcopi
1227 1354 1282 1400 et
1309 1341 1658 1406 confessoris,
1686 1341 1777 1411 qui
1822 1340 1927 1395 fuit
1963 1354 2089 1395 suc-

509 1452 695 1491 cessor
722 1437 893 1492 sancti
914 1435 1130 1489 Martini
1154 1436 1209 1489 in
1237 1434 1571 1505 episcopatu.

580 1523 742 1579 XVIII
780 1524 915 1581 Kac.
944 1525 1186 1578 Dscsus.
1236 1523 1294 1577 In
1326 1520 1585 1577 IIeraclea
1605 1560 1620 1585 ,
1667 1519 1887 1574 civitate
1913 1518 2088 1574 Thra-

507 1616 632 1678 cize,
674 1614 854 1669 natale
896 1613 1067 1668 sancti
1097 1611 1329 1667 Clentini
1378 1618 1432 1665 et
1475 1609 1800 1674 Theodotaz,
1840 1608 2089 1663 Filomiui

511 1704 881 1777 [Clementini,
904 1703 1188 1770 Theodoti,
1212 1700 1555 1774 Philomeni],
1588 1700 1786 1768 Eracli,
1809 1698 2088 1765 Martialis,

509 1798 703 1854 Donati
726 1805 783 1853 et
809 1796 1039 1852 aliorum
1062 1795 1354 1852 multorum
1381 1803 1712 1849 sanctorum.

2192 621 2331 677 ritus
2376 632 2594 678 sanctus
2641 625 2865 680 immisit
2906 625 2959 679 in
3000 640 3214 681 sensum
3244 627 3363 698 ejus
3400 637 3458 681 ut
3497 644 3733 689 monaste-

2193 714 2332 767 rium
2379 714 2769 784 ingrederetur.
2816 714 2948 770 Cum
2995 731 3124 787 ergo
3173 732 3279 770 non
3328 717 3496 772 multo
3530 728 3732 790 tempore

2194 801 2389 857 ibidem
2437 802 2726 867 habitaret,
2777 804 2849 857 ita
2892 804 3057 874 cmpit
3094 804 3162 858 ab
3203 804 3467 861 universis
3514 806 3731 866 fratribus

2192 895 2361 967 diligi,
2408 905 2468 951 ut
2508 895 2673 952 veluti
2708 905 2914 966 patrem
2956 913 3079 952 eum
3127 915 3315 955 onmes
3361 914 3727 959 venerarentur.

2193 987 2437 1058 Cumque
2478 988 2803 1059 complesset
2842 1005 3013 1044 annos
3056 992 3357 1046 octodecim
3408 1009 3567 1064 agens
3597 996 3728 1051 vitam

2192 1079 2603 1143 monachorum,
2648 1079 2888 1133 introivit
2923 1080 2975 1133 in
3024 1094 3238 1135 sensum
3283 1081 3399 1150 ejus
3444 1083 3728 1139 desiderium

2194 1177 2253 1221 ut
2289 1166 2627 1229 sanctiPetri
2668 1168 2894 1238 apostoli
2936 1170 3116 1224 sedem
3169 1172 3513 1238 advisitaret;
3559 1182 3608 1227 et
3632 1190 3731 1244 pro-

2192 1257 2471 1322 ficiscens,
2503 1259 2610 1313 Deo
2640 1257 2954 1323 auxiliante,
2987 1258 3211 1313 Romam
3257 1262 3527 1329 pervenit,
3555 1272 3603 1316 et
3632 1277 3730 1318 cum

2192 1350 2375 1404 omnia
2422 1350 2698 1405 didicisset
2749 1351 3027 1422 mysteria,
3076 1351 3161 1405 vel
3213 1353 3453 1423 regulam
3492 1354 3729 1419 Ecclesiae,

2192 1439 2360 1495 multo
2410 1440 2580 1512 magis
2633 1440 2687 1494 in
2734 1442 2870 1496 urbe
2921 1440 3089 1496 Roma
3137 1443 3305 1513 capit
3348 1443 3651 1500 Christianis
3689 1457 3730 1501 et

2192 1528 2378 1598 egenis
2413 1537 2669 1584 consueta
2696 1527 2939 1599 praebere
2976 1530 3183 1585 solatia.
3213 1530 3348 1586 Cum
3374 1547 3500 1587 vero
3529 1533 3626 1587 illic
3653 1535 3724 1589 de-

2192 1626 2498 1673 moraretur
2526 1617 2684 1671 annis
2720 1616 2923 1683 tribus,
2955 1619 3143 1673 eodem
3185 1630 3428 1689 tempore
3453 1636 3557 1690 quo
3595 1622 3732 1690 impc.

2192 1706 2334 1760 rium
2358 1705 2591 1761 obtinuit
2613 1704 2973 1762 Numerianus
3003 1707 3372 1778 impiissimus,
3398 1717 3454 1764 et
3490 1712 3637 1779 empit
3657 1726 3733 1781 per

2192 1795 2440 1851 civitates
2462 1795 2547 1852 vel
2575 1797 2878 1867 provincias
2906 1812 3032 1853 suas
3057 1809 3326 1869 prmcepta
3357 1813 3634 1871 arguenter
3656 1804 3733 1873 (ita

581 1889 723 1944 XVII
759 1888 893 1943 Kac.
931 1886 992 1943 In
1027 1886 1211 1943 Africa
1249 1884 1429 1940 natale
1468 1892 1780 1940 sanctorum
1836 1881 2090 1947 Secundi,
2124 1891 2169 1949 Β
2196 1883 2321 1957 πω.)
2362 1884 2615 1955 dirigere,
2649 1894 2709 1939 ut
2747 1888 2795 1940 si
2828 1886 2950 1956 quis
2977 1886 3322 1943 Christianus
3352 1889 3594 1945 inventus
3629 1890 3736 1947 fuis-

507 1978 835 2043 Fidentiani,
865 1976 1045 2033 Varici
1076 1986 1132 2033 et
1158 1974 1435 2030 Martialis.

578 2067 699 2123 XVI
736 2067 870 2123 Kac.
908 2067 967 2122 In
997 2066 1181 2137 Capua
1216 2062 1395 2119 natale
1417 2061 1727 2134 Augustini,
1754 2068 1810 2117 et
1829 2060 1885 2115 in
1908 2059 2092 2115 Africa

510 2157 724 2224 Vitatis,
763 2156 1025 2213 Januarii.
1078 2155 1340 2227 Lugdune
1380 2152 1567 2211 Galliae
1607 2151 1874 2223 depositio
1920 2151 2093 2207 sancti

509 2247 706 2305 Eueeri
734 2246 1034 2321 [Eucherii]
1063 2246 1322 2318 episcopi.

582 2338 675 2395 XV
708 2339 844 2395 Kac.
892 2339 1079 2396 Sancti
1110 2337 1288 2393 Patris
1322 2336 1491 2392 nostri
1514 2334 1762 2407 Gregorii
1802 2332 2095 2389 miraculo-

511 2448 631 2486 rum
664 2429 906 2485 factoris.
937 2429 1007 2484 Et
1039 2429 1093 2484 in
1120 2426 1449 2492 Aurélianis,
1495 2426 1715 2481 civitate
1751 2421 1959 2489 Galliae,
1995 2421 2094 2478 de-

508 2520 705 2593 positio
734 2521 908 2575 sancti
926 2518 1123 2574 Aniani
1152 2516 1392 2588 episcopi
1418 2525 1473 2572 et
1496 2514 1848 2573 confessoris.

582 2609 692 2665 XIV
725 2609 859 2666 Kac.
884 2609 1073 2665 Passio
1110 2605 1284 2663 sancti
1310 2606 1539 2661 Romani
1569 2603 1846 2676 martyris,
1873 2600 1962 2673 qui
1994 2604 2095 2658 sub

508 2700 828 2772 Asclepiade
854 2698 1106 2770 praefecto
1132 2696 1358 2769 gloriam
1387 2696 1529 2752 sacri
1562 2694 1819 2767 martyris
1865 2681 2093 2763 adeptus

509 2800 613 2848 est.
655 2791 789 2845 Nam
819 2790 1109 2861 praedictus
1132 2786 1480 2859 Asclepiades
1508 2802 1632 2841 cum
1658 2784 1818 2840 vellet
1845 2791 2095 2840 sanctum

512 2882 817 2940 Romanum
852 2898 883 2936 a
914 2882 1016 2937 fide
1043 2880 1248 2936 Christi
1282 2887 1533 2934 avertere
1582 2887 1637 2933 et
1671 2877 1725 2932 in
1771 2876 2093 2948 paganicum

513 2986 752 3027 errorem
784 2972 1048 3041 redigere,
1081 2969 1270 3024 validis
1301 2967 1584 3023 tormentis
1614 2966 1763 3022 illum
1793 2964 2090 3021 alliciebat:

512 3064 627 3136 ipse
651 3072 827 3118 autem
860 3063 913 3116 in
944 3062 1050 3117 ﬁde
1078 3070 1225 3116 recta
1252 3071 1309 3117 et
1341 3060 1685 3139 confessione
1712 3074 1839 3114 vera
1878 3072 2095 3129 perma-

511 3153 695 3209 nebat.
729 3150 947 3206 Ascitus
987 3150 1150 3206 etiam
1190 3149 1292 3205 fuit
1339 3150 1396 3205 in
1439 3149 1802 3205 testimonium
1835 3147 2093 3219 parvulus

512 3243 715 3309 infans,
753 3251 810 3296 ut
841 3242 956 3311 ipse
984 3242 1296 3296 ostenderet
1323 3242 1376 3295 in
1405 3241 1740 3311 professione
1779 3256 1877 3297 sua
1913 3250 2094 3294 utrum

517 3334 766 3389 Christus
794 3331 890 3387 Dei
915 3331 1085 3386 Filius
1112 3346 1179 3386 an
1215 3328 1336 3385 falsi
1382 3332 1453 3387 dii
1488 3331 1746 3387 adorandi
1780 3340 1992 3397 essent;
2028 3331 2095 3384 ad

510 3424 616 3480 hoc
652 3422 833 3479 infans
861 3422 1159 3493 respondit,
1192 3421 1469 3478 Christum
1513 3422 1608 3477 Dei
1636 3421 1832 3477 Filium
1864 3422 2095 3476 adoran-

513 3518 667 3583 dum,
700 3532 806 3572 non
845 3515 983 3570 falsa
1018 3515 1240 3570 numina
1269 3516 1513 3570 deorum.
1554 3512 1724 3569 Iussit
1762 3523 2097 3569 memoratus

511 3606 801 3677 prazfectus
833 3605 1009 3677 ipsum
1045 3604 1367 3659 infantulum
1399 3603 1571 3659 valide
1605 3602 1852 3670 tractari,
1891 3603 1985 3658 sed
2018 3612 2096 3656 ta-

514 3715 640 3753 men
684 3713 809 3754 eum
834 3697 1053 3752 vincere
1098 3711 1203 3751 non
1233 3694 1409 3764 potuit
1449 3709 1549 3749 nec
1585 3694 1641 3749 in
1670 3708 1909 3749 errorem
1940 3693 2097 3748 sedu-

512 3802 658 3842 cere.
692 3784 845 3840 'I‘unc
867 3784 1217 3854 Asclepiades
1246 3782 1409 3851 jussit
1440 3781 1744 3837 Romanum
1778 3781 1936 3836 simul
1972 3796 2095 3836 cum

514 3877 721 3932 infante
753 3878 807 3932 in
840 3892 1115 3931 carcerem
1168 3874 1306 3929 mitti
1339 3882 1397 3928 et
1421 3884 1635 3943 postera
1665 3872 1753 3927 die
1776 3873 1831 3926 in
1858 3871 2097 3926 validum

515 3967 693 4037 ignem
720 3965 1002 4037 projicere,
1029 3965 1124 4019 sed
1150 3964 1326 4034 pluvia
1354 3963 1518 4017 nimia
1550 3978 1580 4015 a
1609 3962 1721 4016 Deo
1749 3961 1915 4015 missa
1946 3960 2095 4013 ἱιιιιιιι

513 4060 792 4114 exstinxit.
840 4057 920 4112 0b
963 4058 1065 4111 hoc
1103 4056 1273 4109 iratus
1319 4067 1518 4125 praeses
1566 4051 1887 4106 infantulum
1933 4050 2097 4122 jussit

509 4150 763 4221 jugulari,
790 4150 1032 4203 Romano
1061 4162 1191 4201 vero
1220 4146 1455 4215 linguam
1490 4144 1825 4198 abscindere.
1869 4140 1975 4196 Sed
2002 4141 2097 4195 Dei

517 4241 691 4313 gratia
738 4247 861 4309 post
908 4240 1101 4310 lingua:
1140 4237 1527 4291 abscissioncm
1550 4234 1736 4289 laudes
1772 4234 1882 4287 Deo
1914 4235 2096 4287 inces-

518 4341 703 4386 santer
729 4331 945 4395 cecinit,
985 4339 1040 4383 et
1080 4329 1132 4382 in
1164 4327 1360 4383 Christi
1411 4325 1751 4381 confessione
1786 4339 2099 4394 persevera-

519 4423 615 4476 vit.
657 4421 810 4488 Quod
855 4436 979 4475 cum
1021 4421 1326 4474 nuntiatum
1365 4426 1509 4472 esset
1542 4415 1855 4480 Maximino,
1900 4429 2097 4485 genere

522 4514 863 4573 Diocletiani,
889 4513 1052 4581 jussit
1079 4527 1202 4565 eum
1235 4512 1288 4564 in
1319 4525 1590 4565 carcerem
1627 4509 1764 4562 mitti
1808 4516 1860 4563 et
1891 4509 1962 4562 ibi
2002 4523 2099 4577 per

2195 1983 2299 2041 set,
2325 1982 2381 2029 et
2417 1989 2523 2029 non
2550 1975 2653 2030 diis
2681 1974 3005 2042 immolaret,
3032 1976 3259 2031 diversis
3288 1978 3561 2047 suppliciis
3584 1995 3735 2035 mace—

2196 2073 2346 2120 ratus
2399 2064 2561 2120 morti
2609 2066 2935 2121 traderetur.
2986 2066 3105 2136 Ipso
3151 2083 3384 2137 namque
3440 2069 3494 2123 in
3534 2078 3738 2139 tempore

2195 2172 2317 2211 cum
2367 2155 2753 2226 prurfecturam
2797 2157 2982 2213 Romae
3036 2159 3429 2227 promeruisset
3474 2159 3736 2222 Celerinus,

2194 2252 2251 2299 et
2275 2245 2390 2315 ipse
2422 2245 2577 2299 idolis
2606 2245 2820 2300 deditus
2842 2246 2933 2299 ditt
2962 2247 3276 2317 requisisset
3300 2263 3398 2318 per
3424 2264 3606 2304 omnes
3629 2250 3736 2304 civi-

2197 2344 2336 2392 tates
2380 2335 2465 2391 vel
2512 2335 2649 2401 loca,
2700 2346 2762 2391 ut
2809 2337 2982 2393 sicubi
3033 2338 3332 2394 Christiani
3384 2341 3739 2411 reperirentur,

2198 2426 2425 2482 diversis
2461 2425 2748 2496 generibus
2794 2436 3183 2482 tormentorum
3222 2427 3403 2485 aﬂ’ecti
3451 2420 3745 2484 deficerentf

2198 2516 2288 2571 hic
2318 2515 2535 2571 beatum
2561 2513 2808 2569 Maurum
2839 2515 3222 2586 multiplicibus
3252 2519 3538 2573 tormentis
3564 2516 3740 2581 alllixit,

2195 2608 2301 2664 hoc
2335 2617 2439 2674 est,
2460 2606 2624 2676 jussit
2670 2622 2794 2663 eum
2822 2608 3057 2678 primum
3093 2608 3323 2665 fustibus
3354 2609 3573 2664 nodosis
3600 2609 3739 2665 aedi:

2196 2698 2391 2755 deinde
2419 2698 2707 2771 plumbatis
2732 2700 2981 2755 maxillas
3006 2699 3123 2772 ejus
3151 2703 3443 2768 contundi;
3495 2713 3669 2773 postea
3698 2702 3738 2755 iu

2197 2789 2427 2861 equuleo
2474 2805 2793 2859 suspensum
2842 2791 3057 2863 ungulis
3112 2793 3229 2847 radi
3275 2802 3331 2851 et
3375 2792 3642 2864 lampades
3679 2808 3744 2847 ar-

2203 2880 2394 2937 dentes
2420 2879 2681 2936 lateribus
2714 2880 2832 2951 cjus
2875 2881 3167 2951 applicari;
3212 2882 3278 2937 ad
3310 2889 3608 2937 extremum
3644 2897 3743 2937 vero

2197 2979 2356 3041 caput
2402 2970 2519 3041 ejus
2568 2970 2852 3040 amputari.
2912 2967 3079 3038 Cujus
3133 2985 3331 3040 corpus
3388 2980 3551 3025 noctu
3604 2981 3744 3025 nauta

2196 3059 2440 3116 Africani
2490 3069 2882 3132 cognoscentes
2929 3076 3051 3115 eum
3131 3078 3195 3116 ex
3238 3078 3335 3117 sua
3382 3064 3557 3133 patria
3602 3074 3742 3118 ortum

2199 3161 2519 3222 rapuerunt,
2549 3162 2604 3209 et
2629 3152 2906 3237 volventes
2958 3168 3081 3208 eum
3128 3153 3541 3209 linteaminibus
3568 3154 3744 3209 mundis

2124 3221 2169 3282 α
2202 3221 2325 3299 cum
2367 3242 2699 3299 aromatibus
2743 3230 3042 3312 posuerunt
3082 3242 3134 3298 in
3180 3244 3593 3315 sarcOphagum,

2198 3342 2423 3404 pserunt
2468 3332 2535 3388 ad
2560 3340 2724 3402 caput
2764 3330 2879 3400 ejus
2902 3332 3141 3388 dicentes
3168 3350 3181 3387 z
3211 3333 3309 3387 Dei
3350 3343 3399 3387 et
3430 3332 3620 3387 Christi
3645 3332 3745 3386 leni

2198 3425 2433 3495 famulus
2460 3422 2681 3479 Maurus
2707 3425 2845 3479 hunc
2874 3423 3016 3497 [hoc]
3047 3425 3298 3479 smrqum
3334 3443 3430 3495 pro
3453 3424 3645 3480 Christi
3665 3424 3747 3495 ﬁda

2199 3513 2492 3586 relinquens
2524 3514 2681 3568 vitam
2716 3524 2962 3569 (sternam
2995 3516 3303 3585 acquisivit;
3335 3524 3457 3585 post
3481 3516 3748 3585 aliquantus

2198 3603 2314 3659 dies
2352 3603 2563 3659 occulte
2591 3602 2839 3658 eumdem
2884 3605 3273 3674 sarcophagum
3306 3620 3459 3660 suam
3507 3606 3559 3659 in
3588 3618 3747 3659 navent

2199 3708 2388 3749 onmes
2425 3703 2601 3748 nautae
2636 3709 2741 3749 uno
2769 3694 2949 3749 animo
2975 3694 3308 3749 levaverunt.
3338 3696 3456 3761 Quo
3474 3694 3745 3764 faeto,per-

2203 3786 2347 3841 venit
2373 3787 2440 3840 ad
2483 3784 2720 3856 praefecti
2757 3785 2990 3841 Celerini
3025 3787 3292 3849 notitiam,
3324 3796 3379 3839 et
3419 3788 3586 3841 iratus
3615 3785 3749 3853 jussit

2199 3892 2388 3932 omnes
2432 3884 2625 3930 nautas
2665 3877 3144 3945 comprehendere.
3194 3876 3313 3942 Quo
3361 3879 3544 3930 audito
3587 3890 3746 3930 omnes

2200 3968 2476 4039 fugerunt,
2506 3977 2561 4024 et
2589 3955 2767 4022 nullus
2799 3982 2983 4023 eorum
3016 3968 3264 4022 inventus
3294 3977 3396 4022 est.
3430 3967 3622 4021 Videas
3655 3970 3745 4021 lucc

2202 4058 2481 4114 Cclerinus
2506 4057 2817 4127 pra:fectns,
2849 4058 3075 4113 consilio
3103 4058 3301 4112 diaboli
3333 4068 3593 4120 armatus,
3612 4056 3747 4125 jussit

2200 4150 2445 4203 eamdem
2487 4148 2689 4213 navim,
2738 4148 2790 4201 in
2824 4163 2929 4217 qua
2959 4149 3210 4218 martyris
3248 4164 3445 4217 corpus
3484 4158 3619 4211 er..t,
3652 4161 3746 4201 sar—

2200 4240 2399 4293 mentis
2456 4238 2686 4309 implcri,
2737 4247 2792 4292 et
2836 4239 2959 4309 igne
3003 4241 3277 4308 snpposito
3318 4239 3369 4292 in
3417 4242 3592 4293 medio
3634 4237 3745 4292 mari

2202 4329 2464 4392 comburi,
2495 4330 2588 4405 sed
2617 4329 2951 4399 gubernante
2978 4330 3227 4394 Domino,
3258 4338 3550 4400 martyrem
3597 4343 3744 4393 suum,

2203 4419 2291 4473 ubi
2320 4418 2565 4472 Christus
2589 4417 2777 4483 voluit,
2811 4419 2876 4472 ad
2907 4427 3120 4487 portum
3153 4419 3340 4473 salutis
3369 4418 3629 4489 perduxit.

2278 4511 2319 4564 Χ
2361 4511 2492 4566 Kac.
2528 4509 2741 4565 Sancta:
2775 4511 3010 4577 Ceciliae,
3059 4528 3178 4582 qua:
3226 4522 3282 4567 et
3323 4526 3577 4580 sponsum
3620 4524 3746 4565 suum

520 4616 737 4662 noctem
785 4603 1129 4675 strangulari.
1180 4602 1377 4673 Sicque
1422 4609 1642 4656 sanctus
1671 4600 1870 4655 Christi
1899 4607 2101 4669 martyr
2130 4569 2178 4625 Β
2210 4600 2572 4665 Valerianum,
2596 4608 2652 4654 et
2670 4600 2889 4655 fratrem
2910 4569 3432 4669 ejus'fliburtiumad
3456 4600 3745 4655 credendum

522 4706 713 4750 cctam
737 4695 945 4748 decimo
969 4693 1055 4747 die
1082 4691 1371 4746 Novembri
1408 4691 1609 4746 mensis
1639 4691 1707 4744 ad
1738 4690 1976 4745 cmlestia
2010 4705 2098 4743 rc-

524 4802 624 4852 gna
654 4784 925 4851 migravit.

597 4872 708 4926 XIII
752 4871 883 4926 Kac.
918 4870 973 4924 In
1000 4854 1247 4924 Cresarea
1277 4869 1627 4937 Cappadociw
1659 4868 1833 4923 natale
1860 4868 2098 4935 Maximi,

527 4963 777 5025 Muciani,
809 4960 1069 5030 Neopbyti
1098 4969 1153 5013 et
1179 4958 1404 5013 aliorum
1436 4958 1815 5028 quadraginta.

599 5054 689 5108 XII
727 5054 859 5108 Kac.
892 5051 1229 5107 lnlleraclca
1262 5050 1437 5128 natale
1462 5049 1636 5114 Bassi,
1665 5050 1929 5119 Dionysii;
1967 5059 2022 5103 et
2050 5050 2101 5103 in

529 5144 863 5217 Cappadocia
891 5142 1138 5198 Cznsarea
1162 5181 1176 5207 ,
1204 5140 1427 5211 Agapeti
1460 5140 1713 5211 [Agapii].

600 5238 668 5294 XI
713 5238 846 5292 Kac.
881 5250 904 5276 ει
944 5236 1111 5289 Mauri
1152 5234 1426 5305 martyris,
1458 5234 1547 5303 qui
1590 5235 1658 5288 ab
1694 5232 1917 5287 infantia
1942 5232 2101 5288 Chri-

531 5333 741 5385 stianus
790 5328 928 5393 fuit,
987 5328 1430 5394 orationibusquc
1471 5334 1527 5378 et
1565 5324 1784 5394 jejuniis
1827 5324 2101 5379 Clu-istum

533 5421 817 5476 Dominum
863 5419 1272 5487 deprecabatur,
1303 5416 1657 5485 elecmosynis
1682 5415 1855 5468 viduis
1886 5422 1939 5469 ct
1972 5429 2100 5483 ege-

532 5512 618 5566 nis
651 5510 962 5580 frequenter
992 5508 1248 5579 impensis
1276 5522 1379 5561 non
1408 5507 1699 5559 minuebat.
1732 5506 1973 5573 Cumque
2000 5505 2103 5559 hoc

604 5657 631 5684 ι
660 5645 792 5710 Quis
821 5643 904 5697 ille
927 5643 1169 5707 Maurus,
1201 5640 1292 5711 qui
1334 5655 1477 5694 anno
1502 5640 1708 5711 decimo
1750 5646 1939 5691 octavo
1986 5653 2101 5711 Ino—

536 5708 739 5768 naclius
789 5714 885 5768 fuit
935 5708 1265 5783 temporibus
1305 5710 1636 5783 Numeriani,
1682 5708 1783 5761 hoc
1822 5716 1904 5760 cst
1949 5708 2104 5759 tertio

538 5785 762 5839 seculo?
807 5784 943 5838 Nulli
983 5779 1107 5839 tunc
1151 5784 1299 5837 fuere
1341 5779 1611 5843 Inonacbi,
1654 5794 1751 5833 nec
1790 5792 1982 5830 nomen
2023 5794 2105 5828 eo-

2205 4692 2419 4748 Christo
2473 4708 2537 4747 ac
2583 4692 2901 4761 martyrium
2955 4693 3267 4761 perdocuit,
3319 4701 3374 4745 et
3430 4688 3748 4760 ipsa‘dcindc

2206 4784 2594 4854 martyrizavit,
2627 4784 2804 4853 ignem
2828 4782 3043 4853 quidem
3080 4798 3364 4852 superans,
3393 4784 3488 4835 sed
3517 4781 3651 4836 ferro
3676 4794 3748 4833 oc-

2205 4877 2314 4930 cisa
2351 4877 2451 4930 sub
2481 4875 2763 4929 Almacbio
2796 4876 2945 4928 urbis
2973 4874 3246 4943 praefecto.
3287 4873 3487 4928 Eadem
3528 4874 3610 4927 die
3648 4886 3750 4926 san-

2204 4976 2308 5021 cta:
2324 4965 2664 5021 Mcderasunr.
2688 4965 2929 5034 virginis.
2946 4963 3062 5032 Ipso
3087 4965 3171 5018 die
3191 4964 3369 5017 natale
3386 4963 3608 5033 Longini
3633 4975 3749 5015 mar-

2205 5058 2359 5130 tyris,
2394 5058 2482 5127 qui
2516 5056 2758 5110 militiam
2804 5066 3071 5110 terrenam
3112 5072 3392 5129 exercens,
3423 5055 3513 5109 illo
3542 5065 3749 5122 tempore

2209 5162 2310 5218 quo
2342 5147 2599 5202 Dominus
2638 5144 2785 5200 cruci
2825 5143 3034 5209 allixus,
3076 5154 3278 5210 astans,
3302 5143 3488 5212 jussus
3528 5160 3558 5196 a
3590 5141 3750 5197 Pontio

2204 5238 2376 5292 Pilato
2404 5236 2652 5306 praeside,
2685 5236 2824 5289 latus
2853 5234 3061 5289 Domini
3102 5234 3283 5287 lancea
3314 5233 3620 5302 percutiens
3648 5243 3751 5299 ape-

2206 5329 2333 5391 ruit,
2362 5336 2417 5382 ct
2447 5327 2629 5380 videns
2654 5326 2805 5392 signa
2835 5339 2953 5393 quae
2982 5324 3179 5378 fiebant
3220 5334 3440 5392 propter
3473 5323 3749 5376 Dominum.

2204 5417 2316 5472 sole
2340 5416 2627 5470 obscurato
2657 5425 2710 5468 et
2741 5418 3208 5477 tcrra'commota,
3239 5412 3467 5465 credidit
3504 5412 3567 5463 in‘
3596 5407 3750 5463 Domi-

2206 5522 2332 5560 num
2363 5511 2604 5557 nostrum
2632 5500 2815 5555 Jcsum
2846 5500 3138 5564 Christum,
3170 5507 3225 5553 et
3253 5499 3566 5570 percutiens
3593 5503 3752 5566 pectus

2207 5652 2326 5689 rum
2358 5646 2561 5689 notum.
2615 5632 2808 5688 Omisit
2838 5631 2983 5683 illum
3014 5630 3297 5695 Baronius,
3326 5647 3424 5684 nec
3453 5628 3570 5696 ejus
3599 5627 3753 5697 passio

2207 5706 2401 5777 legitur
2446 5706 2498 5777 in
2543 5700 2958 5777 Martyrologio:
2992 5702 3218 5777 habetur
3261 5700 3431 5777 solum
3472 5698 3541 5751 ad
3582 5696 3640 5751 ‘2!
3672 5696 3754 5751 Nu-

2211 5767 2412 5829 \'t7tttbt'.
2447 5767 2959 5837 ,ἳῙιιπΗΊιδἰψὶδεῦμω
2995 5767 3319 5822 Veronensis.
3361 5768 3521 5822 BAsN.
