3924 6318
249 417 374 470 HS!

1561 429 1754 485 MART
1767 429 2196 490 YROLOCIUM.

3367 452 3507 513 ηεξ

239 549 399 591 {vitum
445 549 576 591 voce
617 552 811 608 magna
851 537 1106 594 dicebat:
1143 537 1272 595 Vere
1294 537 1468 597 Filius
1511 543 1610 599 Dei
1646 556 1718 600 est
1741 547 1825 600 Iu'c
1853 547 1901 609 Α
1928 557 2263 620 protegente,
2293 565 2492 622 corpus
2518 551 2635 621 ejus
2663 556 2934 628 integrum
2991 560 3133 616 inter
3177 565 3507 633 asperrimos

240 625 457 696 (δυτικὴ.
485 629 678 697 xxvii).
719 629 784 683 Et
827 640 947 700 post
985 633 1097 686 haec
1130 633 1387 688 recedens
1436 651 1464 689 a
1506 635 1695 690 militia
1738 638 1823 692 in-

238 719 558 774 struebatur
633 722 840 777 Domini
889 725 1174 794 praeceptis
1222 742 1251 779 a
1293 729 1498 782 sanctis
1543 732 1819 800 apostolis,

237 817 290 860 et
329 809 652 862 venerabilia
681 810 879 864 Christi
932 815 1183 868 mandata
1219 831 1462 877 servans,
1497 821 1705 890 aecepit
1750 823 1824 875 si-

235 903 522 970 gnat-alunt
558 903 702 968 fidei,
728 914 1008 973 totumque
1036 922 1093 960 se
1123 908 1316 962 obtulit
1343 909 1586 973 Domino,
1619 909 1820 968 faciens

235 993 634 1063 cli-cnmsynas,
665 1005 718 1048 et
755 997 1010 1050 castitate
1058 1015 1254 1065 corpus
1301 1001 1600 1065 t‘ontinetts,
1631 1019 1818 1072 puram

233 1081 577 1136 custodiebat
624 1084 1033 1148 conscientiam,
1085 1087 1366 1143 caelestem
1412 1089 1574 1144 vitam
1629 1107 1820 1161 gerens

232 1171 284 1224 in
320 1181 486 1225 terra.
523 1171 620 1227 llic
655 1190 776 1228 cum
823 1185 965 1229 esset
995 1174 1255 1232 CJ‘SM‘CLB
1280 1178 1654 1249 Cappadociar,
1686 1183 1821 1238 vixit

230 1263 444 1318 habens
497 1265 735 1333 quietam
789 1267 1174 1321 monachorum
1216 1269 1380 1322 vitam
1432 1271 1588 1325 annis
1631 1271 1817 1344 viginti

226 1365 374 1419 octo,
405 1365 459 1408 et
486 1356 688 1410 multos
736 1366 989 1412 avertens
1037 1359 1102 1412 ab
1150 1360 1431 1429 iniquitate
1479 1361 1818 1418 illuminabat

226 1446 394 1500 verbo
424 1449 666 1500 veritatis
704 1465 714 1497 :
761 1448 1052 1516 prohibens
1096 1449 1357 1505 idolorum
1406 1452 1694 1517 sacrificia,
1727 1468 1815 1506 se-

227 1539 444 1593 minans
476 1539 643 1594 verbo
678 1541 887 1594 lloinini
935 1542 1265 1597 venerabilia
1309 1555 1600 1614 pt‘mcepta.
1649 1545 1817 1616 igitur

224 1647 349 1684 cum
374 1631 702 1686 Octavianus
730 1648 930 1702 przrses
958 1635 1061 1689 hoc
1090 1637 1350 1701 audisset,
1375 1636 1540 1704 jussit
1562 1654 1682 1693 cum
1710 1639 1812 1694 sibi

224 1720 494 1786 exhiberi,
522 1722 710 1776 volens
751 1733 996 1777 avertere
1019 1725 1166 1779 illum
1196 1742 1227 1779 a
1250 1727 1447 1782 Christi
1478 1729 1581 1783 fide
1606 1738 1657 1784 et
1685 1745 1811 1785 vera

223 1810 504 1880 religione,
534 1813 824 1882 nndtisque
861 1830 986 1868 cum
1034 1816 1320 1870 tormentis
1357 1818 1426 1871 ob
1454 1819 1556 1873 hoc
1582 1819 1807 1878 aﬂlixit:

1926 639 2174 708 scopulos
2216 652 2379 712 atque
2416 644 2758 702 acutissimas
2818 659 3090 705 servatqu
3133 661 3218 707 est
3258 671 3270 706 :
3325 654 3503 711 anima

1924 743 2053 785 vero
2087 744 2302 799 egressa
2338 733 2404 786 de
2431 735 2672 804 corporis
2699 737 2972 808 ergastulo
3011 742 3078 797 ad
3106 743 3269 797 vitam
3301 745 3501 818 migra-

1921 823 2000 877 vit
2027 833 2303 880 aeternam.

1994 913 2061 970 Vl
2099 914 2232 970 ΚΑι..
2263 916 2448 972 Romae
2482 919 2744 990 depositio
2774 922 2932 978 Sirici
2965 926 3200 998 episcopi
3230 938 3283 984 et
3311 929 3503 986 Satur-

1921 1002 2070 1066 nini;
2103 1015 2157 1059 et
2183 1005 2235 1060 in
2261 1005 2507 1077 Aquilea,
2536 1007 2804 1065 Valentini
2829 1013 3097 1084 episcopi;
3132 1023 3186 1069 et
3214 1017 3267 1071 in
3295 1019 3496 1090 Capua,

1921 1093 2227 1158 Nicanoris.
2251 1096 2494 1154 Cassiani
2528 1111 2582 1154 et
2606 1101 2944 1158 Felicissimi.
2979 1105 3375 1177 Augustoduno
3403 1112 3497 1165 de.-

1919 1184 2119 1255 positio
2149 1188 2320 1242 sancti
2356 1189 2628 1245 Amatoris
2654 1193 2914 1264 episc0pi.

1991 1275 2036 1330 V
2074 1276 2208 1333 Kac.
2245 1279 2303 1333 in
2335 1278 2643 1337 Nicomedia
2682 1285 2863 1340 natale
2909 1285 3166 1353 Marcelli,
3197 1286 3364 1350 Petri.
3393 1288 3501 1342 Nu-

1918 1370 2078 1433 meri,
2126 1369 2372 1428 Iliercna:
2417 1382 2471 1428 et
2513 1374 2742 1438 ilielosae,
2775 1384 2829 1430 et
2859 1375 3125 1447 depositio
3160 1377 3340 1447 Optati
3386 1381 3500 1451 epi-

1916 1459 2085 1528 St'opi.

1988 1549 2054 1604 IV
2097 1550 2228 1607 Kac.
2261 1553 2316 1606 in
2356 1551 2535 1624 Syria,
2564 1555 2868 1625 Tropliimi,
2900 1556 3184 1624 Tlieodoli,
3215 1557 3496 1629 Expicaci,

1915 1637 2131 1703 Euecri,
2160 1640 2377 1696 Eusebii
2407 1651 2463 1697 et
2482 1642 2631 1698 Julii.

1983 1726 2047 1780 Ill
2085 1727 2238 1798 Kac.
2270 1730 2453 1785 Roma:
2507 1733 2683 1787 natale
2733 1735 2906 1789 sancti
2978 1733 3300 1802 Saturnini,
3348 1736 3489 1793 Serii

1915 1815 2143 1890 [Senis],
2183 1829 2238 1874 et
2266 1819 2488 1876 Sisinnii
2525 1822 2733 1880 diaconi
2781 1824 2879 1879 sub
2911 1825 3255 1891 Maximiano,
3314 1843 3344 1882 a
3387 1843 3496 1898 quo

222 1903 518 1956 novissime
565 1918 693 1957 vero
745 1906 1030 1974 capitalem
1083 1909 1412 1964 sententiant
1465 1911 1614 1967 illum
1651 1913 1802 1983 jussil

1918 1906 2092 1974 primo
2137 1908 2276 1963 inter
2299 1909 2434 1965 alios
2455 1909 2692 1964 damnati
2722 1913 2786 1965 ad
2817 1912 3121 1968 t‘odiendam
3155 1930 3375 1971 arenam
3408 1896 3488 1971 ad

221 1994 430 2058 subire,
483 1994 704 2064 ipseque
761 2012 961 2064 praeses
1002 2007 1190 2066 postea
1235 2015 1397 2055 orans
1417 1999 1571 2069 juxta
1616 2019 1814 2075 corpus

219 2087 392 2137 sancn
447 2087 704 2156 martyris
751 2090 951 2158 recepit
998 2089 1172 2144 visum
1203 2098 1258 2145 et
1285 2093 1595 2158 sanitatem,
1645 2111 1811 2165 quam

217 2186 440 2242 propter
468 2177 670 2231 scelera
706 2194 800 2232 sua
833 2189 959 2234 ante
987 2181 1244 2248 perdidit.

293 2265 357 2318 IX
406 2265 534 2319 Κλι..
567 2266 772 2330 Bonum,
801 2269 972 2322 sancti
996 2268 1289 2324 Clementis
1311 2270 1568 2340 episc0pi,
1591 2272 1806 2342 qui,ju-

217 2353 381 2408 bente
410 2356 663 2423 'l‘rajano,
700 2357 894 2412 missus
935 2368 1019 2412 est
1049 2359 1100 2413 in
1130 2359 1379 2414 exsilium
1411 2370 1558 2417 trans
1582 2362 1809 2418 Pontum

219 2460 408 2508 mare,
445 2445 534 2499 ubi
567 2445 748 2501 amitis
800 2449 866 2502 ad
899 2447 1059 2502 fidem
1110 2449 1316 2504 vocatis
1343 2465 1440 2519 per
1470 2451 1728 2506 miracula
1756 2461 1812 2508 et

217 2532 526 2588 doctrinam
574 2534 706 2603 ejus,
745 2538 1112 2608 praecipitatus
1153 2548 1237 2594 est
1277 2540 1331 2594 in
1361 2555 1512 2594 mare
1544 2541 1707 2610 ligata
1742 2543 1810 2598 ad

217 2623 418 2677 collum
456 2626 718 2691 anchora,
769 2628 862 2682 sed
896 2629 1124 2684 recessit
1153 2644 1304 2684 mare
1333 2631 1617 2688 orantibus
1646 2633 1809 2689 disci-

219 2715 366 2786 pulis
407 2715 522 2784 cjus
559 2734 659 2788 per
700 2719 801 2774 tria
845 2720 1034 2786 millia,
1072 2730 1126 2775 et
1168 2721 1492 2778 invenerunt
1526 2739 1723 2794 corpus
1754 2725 1807 2780 in

213 2819 347 2860 arca
374 2823 534 2862 saxea
569 2809 620 2862 in
650 2810 848 2879 templo
871 2827 1196 2876 marmoreo,
1227 2821 1283 2868 et
1313 2815 1607 2870 anchoram
1627 2815 1804 2886 juxta.

214 2893 420 2952 Eodem
458 2900 543 2953 die
572 2901 749 2955 natale
781 2912 983 2957 saneta:
1022 2903 1338 2970 Felicitatis,
1366 2907 1558 2962 matris
1601 2916 1804 2977 septem

215 2989 450 3045 iiliorum
470 3032 484 3054 ,
525 2995 798 3064 martyris,
822 2993 1202 3064 quae,jubeute
1222 2996 1520 3064 Antonino,
1545 2998 1805 3054 decollata

213 3089 298 3134 est
327 3095 424 3149 pro
451 3080 685 3136 Christo.
742 3084 808 3138 Et
851 3085 904 3138 in
956 3086 1287 3140 monasterio
1329 3085 1494 3141 Bobio
1544 3088 1805 3157 depositio

213 3171 394 3225 sancti
437 3169 756 3225 Columbani
803 3172 1036 3228 abbatis.
1079 3173 1270 3228 Natale
1317 3176 1488 3230 sancti
1534 3176 1802 3232 Trndonis

213 3259 568 3316 confessoris.

284 3351 397 3407 Vlll
429 3351 562 3406 Kac.
590 3353 772 3407 Romae
798 3353 976 3408 natale
1006 3354 1175 3410 sancti
1206 3354 1558 3427 Chrysogoni,
1582 3357 1673 3426 qui
1705 3358 1805 3411 sub

209 3441 550 3498 Diocletiano
590 3443 909 3514 martyrium
941 3443 1250 3513 complevit.
1287 3445 1561 3515 Scriptum
1591 3447 1641 3500 in
1674 3462 1800 3516 pas-

211 3534 367 3588 sione
413 3541 615 3588 sancta:
643 3533 964 3588 Anastasitc.
994 3533 1114 3602 ipso
1146 3535 1232 3590 die
1263 3537 1440 3591 natale
1465 3537 1637 3591 sancti
1670 3536 1801 3591 Cre-

211 3625 502 3689 scentiani,
533 3625 622 3693 qui
654 3633 773 3678 erat
821 3640 946 3679 cum
977 3624 1212 3680 Caesarie
1239 3618 1488 3691 diacono,
1521 3637 1576 3680 et
1602 3627 1798 3696 Largo,

211 3723 265 3770 et
290 3715 610 3786 Smaragdo,
649 3716 700 3769 in
730 3731 948 3770 carcere
984 3717 1084 3770 sub
1120 3719 1498 3785 persecutione
1521 3717 1795 3772 Maximini

209 3807 304 3861 lilii
332 3805 664 3869 Maximiani,
695 3815 750 3860 et
789 3806 1033 3869 eductus,
1077 3803 1302 3872 jubente
1341 3805 1601 3876 Carpasio
1648 3808 1795 3861 vica-

209 3899 317 3963 rio,
347 3898 414 3952 de
443 3913 683 3961 carcere,
734 3913 1028 3968 suspensus
1058 3907 1143 3952 est
1187 3897 1238 3950 in
1280 3898 1595 3967 cquulcum,
1621 3909 1676 3954 et
1718 3899 1798 3954 fu-

209 3993 386 4046 stibus
416 4006 609 4053 cmsus,
643 3989 907 4060 unguibus
939 4005 1094 4042 rasus
1125 3988 1348 4043 diutius.
1403 3989 1604 4046 Deinde
1648 3989 1796 4044 (latn-

212 4082 318 4136 mis
347 4082 549 4134 circum
579 4079 744 4132 latera
801 4077 916 4146 ejus
944 4077 1200 4147 appositis
1227 4078 1316 4132 diu
1349 4078 1634 4145 ustulatus,
1665 4080 1795 4134 emi-

210 4177 285 4230 sit
313 4175 585 4244 spiritum,
611 4181 666 4226 ct
697 4173 762 4226 ab
799 4169 1006 4225 Joanne
1033 4171 1348 4240 presbytero
1363 4169 1600 4239 sepultus
1626 4179 1710 4225 est
1740 4171 1793 4224 in

208 4265 526 4320 elcmeterio
580 4261 854 4317 Priscilla}.
911 4260 1029 4330 ipso
1076 4270 1315 4329 tempore
1346 4259 1663 4314 Maximinus
1714 4261 1795 4314 in-

212 4357 431 4412 terfccit
474 4371 717 4411 sororem
745 4370 897 4409 suam
942 4351 1263 4407 Artemiam.
1316 4349 1587 4421 Scriptum
1624 4351 1677 4405 in
1704 4367 1795 4424 ge-

210 4450 314 4504 stis
346 4447 579 4501 Marcelli
610 4461 775 4516 papze.

285 4541 374 4594 νη
414 4540 546 4594 lin“
580 4539 765 4593 Natale
789 4537 960 4593 sancti
984 4536 1129 4592 Petri
1158 4537 1393 4607 episcopi
1421 4536 1788 4592 Alexandriae:

210 4637 302 4708 qui
328 4653 448 4690 cum
475 4644 617 4689 esset
639 4635 889 4688 onmibus
914 4633 1202 4688 adornatus
1228 4633 1536 4696 virtutibus,
1565 4633 1617 4687 in
1649 4631 1792 4688 Scri-

209 4727 387 4796 pturis
433 4741 645 4796 quoque
677 4725 870 4779 divinis
921 4724 1048 4777 nulli
1086 4726 1326 4793 priorum
1373 4723 1614 4788 inferior,
1661 4739 1786 4780 verc

209 4825 265 4868 et
299 4815 551 4869 sacerdos
581 4822 633 4866 et
663 4813 834 4866 hostia
867 4812 981 4876 Dei,
1029 4812 1209 4864 subito
1261 4813 1483 4882 rapitur,
1531 4820 1691 4881 atque
1718 4827 1785 4866 ex

208 4903 487 4958 Maximini
541 4911 807 4970 praa-epto
865 4901 1037 4969 capite
1083 4901 1462 4968 obtruncatur;
1514 4917 1635 4956 cum
1681 4917 1788 4972 quo

210 4994 374 5049 simul
404 5003 456 5046 et
479 4993 564 5046 alii
593 4992 773 5061 plures
804 5008 867 5045 ex
897 4990 1129 5061 A'Zgypto
1156 4992 1392 5060 episcopi
1425 4992 1782 5047 trucidantur.

212 5085 492 5155 Scriptum
547 5084 597 5136 in
639 5082 869 5136 iiistoria
899 5081 1294 5142 Ecclesiastica,
1323 5081 1458 5136 libro
1487 5097 1562 5135 ιχ.
1613 5081 1671 5138 In
1695 5083 1791 5136 Ni-

211 5176 458 5233 contedia
489 5175 668 5245 passio
696 5175 838 5229 beati
864 5174 1084 5228 Marculi
1116 5173 1412 5228 sacerdotis
1440 5182 1494 5228 et
1513 5175 1790 5248 martyris,

211 5267 309 5338 qui
361 5265 691 5335 temporibus
719 5265 1028 5318 (lonstantis
1069 5265 1210 5333 regis
1241 5265 1506 5334 tyrannici
1556 5280 1652 5336 per
1679 5265 1790 5320 Ma-

210 5358 529 5414 charianum
563 5366 616 5409 et
643 5355 886 5419 Paulum,
918 5364 1293 5423 persecutores
1329 5356 1612 5420 maximos,
1646 5371 1792 5412 mar-

207 5450 416 5522 tyrium
447 5463 546 5518 pro
569 5446 766 5500 Christi
794 5445 1010 5498 nomine
1039 5445 1287 5528 pertulit.
1312 5444 1444 5498 Nam
1474 5461 1598 5500 cum
1625 5447 1788 5502 variis

208 5540 501 5598 tormentis
526 5537 752 5592 afﬂictus
790 5547 951 5600 esset,
988 5544 1163 5590 tamen
1194 5553 1224 5590 a
1259 5537 1598 5606 professione
1629 5546 1788 5594 recta:

213 5631 339 5687 fidei
371 5628 516 5683 nullo
554 5626 711 5681 modo
751 5625 924 5680 averti
972 5626 1177 5694 potuit;
1230 5626 1296 5680 ad
1329 5637 1631 5680 extremum
1660 5643 1789 5684 vero

211 5737 312 5792 per
341 5719 654 5790 praedictum
684 5716 1088 5770 Macharianum
1133 5717 1187 5770 iu
1232 5716 1550 5771 altissimam
1600 5733 1787 5786 rupem

211 5814 496 5872 adductus,
533 5809 654 5863 inde
680 5807 1042 5878 pra‘cipitatus
1072 5815 1183 5870 cst;
1219 5807 1311 5861 sed
1348 5817 1549 5872 tamen,
1573 5806 1789 5863 Christo

1821 4582 1871 4642 D

1915 1992 2190 2051 faciendas
2234 1997 2474 2053 thermas
2517 1999 2894 2056 Diocletianus.
2931 2002 3133 2058 Deinde
3184 2005 3236 2058 in
3272 2020 3491 2061 carcere

1914 2082 2004 2137 diu
2049 2093 2174 2138 sunt
2221 2086 2514 2153 macerati,
2566 2089 2658 2143 ubi
2708 2090 2904 2146 multos
2952 2091 3179 2162 gentiles
3230 2093 3485 2150 docentes

1912 2161 2287 2243 baptizabant;
2327 2185 2384 2233 et
2408 2177 2586 2234 denuo
2611 2180 2786 2235 educti
2821 2181 2986 2236 vincti
3015 2186 3246 2248 catenis,
3287 2199 3351 2240 ac
3379 2201 3484 2240 nu-

1911 2263 1995 2320 dis
2019 2267 2264 2336 pedibus,
2295 2277 2421 2323 ante
2469 2268 2778 2340 prmfectum
2812 2271 2972 2329 Urbis
2996 2273 3311 2329 Laodicium
3355 2276 3490 2345 jussi

1912 2363 2039 2409 sunt
2067 2355 2120 2410 in
2147 2357 2376 2427 equuleo
2405 2357 2592 2423 levari,
2621 2368 2676 2415 et
2704 2361 2901 2416 attrahi
2935 2363 3118 2418 nervis
3139 2372 3193 2418 et
3233 2363 3488 2431 fustibus,

1911 2460 1977 2500 ac
2027 2447 2402 2517 scorpionibus
2469 2451 2638 2518 caedi;
2707 2451 2902 2521 quibus
2948 2454 3110 2508 etiam
3147 2457 3488 2524 postmodum

1911 2533 2158 2594 ﬂammas
2210 2540 2279 2595 ad
2333 2539 2502 2596 latera
2558 2541 2718 2612 jussit
2744 2545 2970 2614 apponi,
3023 2545 3374 2616 etdcpositos
3423 2550 3490 2603 de

1911 2627 2142 2696 cquuleo
2209 2630 2385 2700 capite
2447 2632 2717 2707 truncari;
2786 2647 3015 2702 quorum
3077 2650 3302 2706 corpora
3365 2652 3490 2694 cum

1909 2721 2117 2776 Joanne
2163 2719 2482 2793 presbytero
2527 2721 2787 2793 colligens
2815 2723 3061 2778 Thrason
3112 2723 3196 2778 vir
3222 2723 3485 2780 Christia-

1909 2811 2168 2866 nissimus
2187 2851 2201 2876 ,
2229 2811 2320 2881 qui
2352 2813 2416 2866 de
2441 2810 2786 2868 facultatibus
2816 2813 2928 2868 suis
2959 2800 3291 2884 martyribus
3318 2815 3483 2869 multa

1910 2900 2337 2966 ministravcrat,
2393 2901 2638 2972 sepelivit
2689 2901 2741 2956 in
2767 2903 2970 2972 praedio
2997 2917 3096 2958 suo
3139 2905 3224 2958 via
3261 2903 3486 2960 Salaria.

1909 2991 2006 3046 liis
2032 2993 2084 3046 in
2110 2991 2289 3047 medio
2316 2993 2612 3048 certamine
2647 2993 2838 3064 positis
2877 2994 3222 3048 crediderunt
3256 2995 3363 3049 duo
3389 2996 3490 3050 mi-

1909 3081 2052 3146 lites,
2102 3081 2297 3151 Papias
2349 3090 2403 3136 et
2441 3081 2678 3148 Maurus,
2725 3082 2818 3153 qui
2864 3098 2990 3137 mox
3033 3084 3406 3154 comprehensi
3455 3099 3488 3138 a

1909 3171 2205 3234 Laodicio,
2257 3180 2310 3226 et
2363 3186 2470 3226 non
2517 3171 2684 3226 multo
2750 3181 2872 3241 post
2921 3171 3182 3242 martyrio
3230 3180 3472 3226 coronati

1828 3239 1872 3302 (ἶ
1907 3274 2058 3320 sunt.
2093 3263 2365 3334 Scriptum
2404 3264 2458 3319 in
2496 3263 2658 3334 gestis
2685 3239 2919 3317 illarcelli
2957 3239 3125 3334 papae.
3156 3265 3356 3320 Eodem
3400 3265 3488 3322 die

1904 3357 1957 3410 in
1989 3355 2176 3411 Galliis
2204 3355 2424 3410 civitate
2450 3354 2712 3409 Mannetls
2738 3352 3013 3426 [TolosreL
3043 3355 3319 3408 Saturnini
3367 3356 3484 3425 cpi-

1903 3447 2050 3517 scopi
2079 3455 2135 3501 et
2165 3447 2440 3517 martyris.
2471 3445 2592 3516 Ipse
2633 3461 2762 3500 vero
2793 3444 3121 3500 Saturninus
3167 3454 3395 3516 martyr,
3425 3455 3486 3499 ut

1901 3535 2094 3599 fertur,
2119 3535 2187 3590 ab
2209 3536 2571 3606 apostolorum
2595 3535 2869 3606 discipulis
2898 3535 3179 3589 ordinatus
3203 3535 3254 3588 in
3287 3535 3479 3590 urbem

1902 3625 2237 3681 Tolosatium
2283 3634 2367 3680 est
2416 3625 2671 3688 directus,
2723 3625 2814 3693 qui
2865 3625 3094 3693 impulsu
3146 3639 3480 3695 paganorum

1897 3717 2053 3771 bovis
2081 3717 2277 3787 petulci
2327 3716 2581 3787 religatus
2605 3715 2847 3785 vestigiis
2875 3730 2970 3785 per
2993 3714 3192 3786 gradus
3227 3715 3479 3786 Capitolii

1896 3809 2283 3880 praecipitatus,
2312 3816 2632 3880 prtescutem
2664 3807 2836 3862 ﬁnivit
2866 3807 3058 3870 vitam,
3091 3807 3282 3876 capitis
3327 3822 3481 3863 com-

1896 3914 2031 3970 page
2060 3899 2335 3969 dispersa;
2380 3897 2534 3968 cujus
2566 3898 2804 3968 reliquiae
2845 3898 2898 3952 in
2925 3897 3169 3966 pluribus
3199 3896 3330 3953 locis
3374 3897 3480 3952 mi-

1897 3987 2098 4043 raculis
2120 3987 2450 4043 claruerunt.

1967 4079 2008 4134 ll
2046 4079 2179 4134 Kac.
2217 4079 2407 4136 Natale
2447 4079 2621 4133 sancti
2644 4079 2872 4133 Δηὼ-επ
2897 4067 3146 4148 apostoli,
3174 4077 3265 4147 qui
3310 4077 3482 4132 inter-

1895 4180 2141 4241 pretatur
2170 4171 2332 4226 virilis
2355 4169 2439 4226 vel
2470 4171 2708 4235 decorus,
2745 4169 2912 4223 frater
2937 4169 3106 4223 Petri.
3157 4167 3256 4222 llic
3285 4167 3464 4237 prmdi-

1895 4264 2038 4320 cavit
2069 4262 2348 4334 Scythiam
2377 4270 2430 4316 et
2453 4261 2734 4324 Achaiam,
2762 4261 2941 4331 ibique
2965 4262 3018 4315 in
3041 4260 3262 4315 civitate
3285 4259 3478 4314 Patras

1895 4355 2044 4410 cruci
2072 4367 2364 4422 suspensus
2397 4350 2669 4406 occubuit.
2697 4351 2902 4416 Bonae,
2941 4349 3166 4413 Castuli,
3197 4357 3252 4404 et
3277 4347 3480 4404 Eucre-

1894 4446 2023 4515 pitis
2053 4442 2422 4516 [Enprepitis].
2476 4454 2530 4498 et
2576 4443 2629 4496 in
2679 4442 2992 4506 Mediolano,
3037 4440 3308 4497 Ambrosii
3355 4439 3470 4512 epi-

1897 4553 2066 4607 800p].

2410 4662 2966 4740 DECEMBEB.

1964 4814 2098 4868 KxL.
2139 4815 2374 4870 Decem.
2433 4811 2618 4868 Romae
2681 4811 2858 4866 natale
2905 4810 3177 4872 Candida),
3231 4806 3451 4863 Viribon

1896 4905 2094 4978 [Lucii,
2127 4906 2338 4976 Rogati,
2371 4903 2660 4976 Cassiani],
2696 4912 2750 4958 ct
2777 4903 3006 4956 aliorum
3038 4901 3280 4972 triginta,
3305 4907 3360 4952 et
3387 4899 3475 4953 de-

1895 4995 2094 5050 dicatio
2117 4995 2353 5049 basilieze
2397 4993 2454 5049 S.
2485 4993 2679 5048 Albani
2709 4993 2983 5064 martyris,
3014 5000 3175 5060 atque
3203 4989 3475 5045 ordinatio

1892 5086 2037 5140 beati
2065 5085 2323 5141 Bonifacii
2354 5085 2629 5157 martyris.

1963 5177 2032 5233 IV
2070 5177 2204 5231 Non.
2245 5177 2428 5232 Roma:
2450 5176 2630 5232 natale
2651 5175 2934 5238 Primenti,
2959 5171 3229 5236 Pontiani,
3250 5169 3468 5234 Pimini,

1893 5265 2150 5330 Dafrosac,
2184 5265 2405 5322 Dimetri
2432 5265 2504 5339 [1Γ
2507 5263 2958 5337 orte,Demetrii],
2983 5261 3215 5318 Jubiani.
3247 5259 3303 5314 ln
3329 5259 3472 5314 Mau-

1893 5357 2090 5411 ritania
2117 5355 2242 5412 Veri
2264 5355 2518 5429 [Severi],
2549 5355 2758 5420 Securi,
2787 5353 3052 5417 Januarii,
3084 5349 3362 5406 Victorini.

1964 5446 2030 5501 lll
2077 5445 2210 5501 Nox.
2262 5448 2316 5502 ln
2342 5446 2584 5512 Oriente,
2617 5445 2864 5511 Metrobi,
2895 5442 3132 5498 Claudici
3163 5448 3219 5494 et
3251 5438 3463 5494 Felicis.

1895 5535 1953 5590 in
1984 5535 2314 5601 Nicomedia,
2358 5536 2589 5599 Ambici,
2639 5535 2846 5590 \‘icturi
2897 5529 3179 5606 [Victoris]
3230 5538 3285 5584 et
3315 5528 3463 5584 Julii.

1893 5626 1948 5680 In
1980 5622 2183 5689 Africa,
2210 5623 2465 5694 Crispini,
2503 5623 2748 5692 Magium,
2781 5621 3024 5686 Joannis,
3055 5618 3338 5688 Stephani,
3371 5615 3465 5670 Vi-

1893 5715 2059 5772 ctoris
2087 5712 2362 5785 [Claudii].
2394 5713 2452 5766 ln
2481 5713 2781 5779 Pannonia,
2810 5711 2980 5769 sancti
3007 5709 3298 5783 Agricolae;
3329 5715 3385 5762 et
3409 5705 3466 5761 in

1894 5805 2070 5873 Tingi,
2100 5803 2340 5860 Cassiani
2368 5801 2685 5874 presbyteri.
