3924 6358
394 398 534 456 H83

1025 390 1088 447 Β.
1118 384 1387 463 τιιΑΒΑΝι
1423 382 1646 441 ΜΑυω
1682 381 2003 439 ARCHIEP.

2113 377 2359 439 κυΝΤς
2400 375 2689 436 OPERUM
2726 363 2907 432 PARS
2941 374 3004 430 ll.

3548 371 3697 431 ιῖει

462 507 506 564 ιι
545 504 679 562 Non.
708 501 901 560 Natale
929 500 1187 557 Barbarae
1214 496 1473 568 martyris
1494 508 1548 562 ι,
1581 510 1705 566 qu:e
1728 492 1991 566 tempbri-
2027 493 2071 556 Α
2095 500 2152 548 et
2179 488 2897 547 interiorabestiis-tradam
2922 486 3162 543 voranda
3205 503 3221 542 :
3266 485 3700 556 postulationem

393 599 498 656 bus
522 592 867 668 imperatoris
894 589 1207 646 Maximiani
1243 584 1571 661 [Maximini]
1595 599 1753 657 passa
1776 593 1986 654 est-pro
2090 582 2300 640 faciens
2335 590 2526 638 contra
2557 590 2611 638 te
2639 595 2827 637 coram
2860 578 3069 636 ccclesti
3113 593 3241 651 rege
3271 578 3515 635 Christo.
3554 599 3575 629 ›
3632 578 3704 633 Et

394 687 635 756 Christo.
682 682 820 739 Nam
846 691 1004 753 pater
1044 676 1178 747 ejus
1222 677 1443 733 nomine
1478 674 1795 739 Dioscorus,
1837 672 1989 728 dives

394 778 572 842 valde,
615 776 710 832 sed
759 788 1007 847 paganus
1059 778 1115 827 et
1161 769 1348 826 colens
1397 766 1559 832 idola,
1611 765 1787 837 ipsam
1823 763 2003 819 filiam'

398 869 817 933 suam‘unicam,
846 882 912 923 eo
937 864 1082 937 quod
1126 862 1295 919 nollet
1339 860 1543 916 nubere
1567 868 1624 915 et
1655 858 1788 915 deos
1828 855 1994 913 falsos

399 962 600 1026 colere,
629 959 815 1017 multis
864 955 1151 1014 tormentis
1180 952 1484 1024 aflligebat;
1520 949 1816 1007 novissime
1839 962 1991 1013 vero,

398 1063 674 1128 praecepto
715 1050 987 1124 praesidis,
1047 1064 1079 1104 a
1128 1062 1227 1104 suo
1276 1051 1435 1117 patre
1490 1041 1757 1125 decollata
1788 1048 1896 1105 est,
1939 1046 1996 1095 et

400 1143 845 1215 completumest
880 1138 1205 1212 martyrium
1238 1134 1355 1206 ejus
1381 1135 1437 1190 in
1472 1135 1613 1191 bona
1645 1130 1994 1189 confessione

400 1252 525 1293 cum
573 1244 762 1292 sancta
789 1232 1024 1290 .lullana.
1071 1229 1445 1286 Descendente
1486 1240 1617 1281 vero
1641 1233 1799 1294 patre
1824 1220 1944 1292 ejus
1967 1237 1998 1277 a

401 1337 611 1393 monte,
662 1324 946 1382 descendit
996 1321 1135 1393 ignis
1165 1320 1232 1376 de
1264 1318 1424 1384 caelo,
1456 1323 1511 1372 et
1537 1314 1843 1372 combussit
1870 1327 1996 1368 eum

401 1418 476 1474 ita
506 1426 567 1473 ut
593 1432 691 1473 nec
716 1414 897 1487 pulvis
921 1412 1040 1485 ejus
1066 1410 1426 1466 inveniretur.
1472 1406 1676 1462 Eodem
1715 1403 1802 1459 die
1824 1401 1998 1457 Hera-

402 1509 496 1575 cli,
520 1505 843 1571 Christiani,
871 1502 1153 1558 Pudentis.
1180 1497 1509 1556 Monasterio
1538 1494 1791 1551 Floriaco
1818 1507 1849 1547 a
1878 1506 2004 1563 par-

401 1602 549 1659 tibus
570 1602 757 1659 Romae
792 1600 1058 1658 adventus
1100 1595 1346 1667 corporis
1382 1592 1557 1650 sancti
1584 1588 1863 1647 Benedicti
1901 1587 2001 1643 ab-

445 1708 569 1747 aus.

445 1708 474 1747 a
555 1732 569 1747 .

406 1692 442 1748 ι,
479 1701 616 1838 12:.“
653 1780 846 1837 Natale
872 1776 1126 1837 Dalmatii
1151 1773 1426 1847 martyris.
1466 1770 1658 1827 Natale
1683 1767 1860 1839 sancti
1884 1765 2002 1823 Cri-

2094 676 2232 733 dixit
2259 676 2595 747 imperator:
2626 693 2645 726 ι
2679 672 2811 741 Quis
2840 671 2988 727 enim
3011 686 3072 727 es
3102 679 3179 731 tu.
3223 680 3277 724 et
3300 670 3577 740 quomodo
3610 670 3705 726 in-

2093 781 2312 839 gressus
2331 780 2392 821 cs
2420 765 2475 820 in
2504 779 2683 820 meum
2706 762 3001 834 palatium?
3027 784 3046 814 ι
3075 761 3143 816 Ει
3165 759 3301 815 dixit
3326 769 3552 815 sanctus
3582 760 3703 815 vir:

2100 876 2120 909 ς
2148 857 2262 929 Ego
2288 870 2409 913 sum
2437 854 2688 912 Nicolaus
2728 861 3001 923 peccator,
3032 852 3324 923 episcopus
3344 891 3360 915 ,
3388 850 3483 920 qui
3512 850 3566 904 in
3596 848 3710 922 Ly-

2096 949 2178 1005 cia
2210 946 2535 1020 metropolin
2576 945 2862 1012 inhabito;
2897 963 2915 997 »
2950 952 3009 999 et
3034 943 3151 999 haec
3178 943 3367 999 dicens
3405 942 3705 1005 abscessit,

2095 1048 2153 1097 et
2177 1040 2374 1097 iterum
2403 1038 2458 1094 in
2494 1038 2609 1110 ipsa
2647 1045 2804 1093 nocte
2827 1044 2884 1093 et
2917 1035 3051 1091 hora
3086 1034 3407 1098 ambulavit,
3444 1041 3505 1086 ct
3531 1046 3707 1104 appa-

2097 1132 2209 1186 ruit
2249 1128 2477 1186 Abablio
2522 1124 3007 1203 [Forte,Ablabio]
3060 1124 3317 1197 praefecto
3366 1125 3561 1181 eadem
3614 1124 3706 1180 di-

2097 1224 2308 1280 cendo:
2360 1242 2379 1275 ι
2407 1220 2625 1287 Ababli,
2673 1220 2829 1276 laetus
2868 1221 3052 1275 animo
3093 1227 3149 1273 et
3197 1227 3397 1283 mente,
3442 1233 3613 1289 surge
3644 1225 3703 1273 et

2099 1314 2313 1370 dimitte
2331 1313 2451 1369 illos
2469 1312 2615 1368 viros
2636 1321 2751 1367 tres
2782 1312 3069 1383 magistros
3095 1310 3327 1365 militum
3352 1324 3495 1380 quos
3524 1308 3707 1365 habes

2098 1408 2420 1465 innocentes
2455 1400 2514 1461 in
2557 1404 2803 1460 custodia
2841 1403 3079 1459 careeris
3119 1420 3134 1459 :
3166 1403 3312 1473 quod
3357 1402 3402 1458 si
3459 1401 3708 1457 nolueris

2099 1514 2195 1555 eos
2213 1498 2503 1561 dimittere,
2540 1505 2597 1551 et
2630 1510 2738 1551 non
2763 1495 3003 1551 audieris
3030 1510 3135 1560 me,
3163 1492 3567 1565 postulationes
3602 1492 3707 1548 ad-

2101 1605 2294 1647 versus
2338 1598 2392 1646 te
2435 1587 2634 1645 faciant
2662 1602 2848 1644 coram
2897 1586 3193 1642 immortali
3218 1601 3347 1658 rege
3372 1585 3624 1649 Christo,
3653 1594 3712 1641 et

2106 1682 2159 1737 in
2208 1680 2583 1737 infirmitatem
2636 1679 2820 1744 cades,
2862 1685 2919 1733 et
2946 1677 3214 1733 vermium
3255 1676 3599 1733 comestione
3642 1674 3710 1730 ll-

2104 1773 2294 1838 nieris,
2320 1779 2376 1829 et
2402 1770 2582 1827 omnis
2623 1770 2819 1825 domus
2854 1778 2945 1825 tua
2971 1768 3114 1824 male
3141 1768 3364 1840 peribit.
3400 1788 3419 1819 ι
3472 1767 3541 1822 Et
3571 1766 3715 1821 dixit

409 1863 575 1946 spini:
602 1872 818 1930 Felicis.
851 1871 910 1927 In
950 1868 1156 1935 Africa.
1189 1866 1411 1923 civitate
1439 1862 1651 1935 Tagum
1677 1857 2001 1935 [Thasum].
2034 1855 2157 1921 B-ei
2192 1863 2460 1919 Abahlius
2495 1880 2508 1917 :
2579 1881 2599 1914 ‹
2648 1861 2727 1917 Tu
2774 1870 2959 1917 autem
2998 1860 3122 1931 quis
3161 1859 3265 1946 est
3312 1866 3369 1914 et
3412 1859 3557 1913 unde
3604 1858 3715 1913 huc

406 1964 591 2022 natale
617 1964 764 2031 Julii,
801 1962 1063 2019 Potamiae
1082 1969 1138 2016 et
1159 1958 1338 2023 Grati,
1365 1964 1421 2011 et
1440 1955 1672 2010 aliorum
1696 1961 1928 2023 septem.

484 2056 598 2114 Vlll
636 2056 713 2112 In.
759 2053 1048 2116 ln-Africa,
1098 2048 1291 2114 Zeloti,
1320 2045 1629 2111 Fortunati,
1675 2042 1859 2101 Gathi.
1898 2041 2004 2097 Eo-

409 2147 535 2205 dem
563 2147 651 2205 die
672 2147 852 2203 natale
879 2138 1375 2214 NicolaiMyrensis
1395 2136 1653 2193 Ecclesia:
1688 2133 2006 2205 metropoli-

408 2238 521 2293 tani
551 2236 813 2308 episcopi,
859 2234 951 2305 qui
990 2230 1327 2303 temporibus
1371 2224 1716 2283 Constantini
1762 2222 1994 2295 Augusti

413 2345 537 2384 cum
576 2328 771 2399 pagani
810 2334 867 2382 et
896 2321 1140 2380 haeretici
1179 2318 1586 2382 tumultuarent,
1619 2323 1677 2370 et
1703 2313 2006 2371 Ecclesium

412 2417 506 2473 Dei
549 2414 826 2471 erroribus
870 2411 984 2469 suis
1014 2416 1293 2473 vexarent,
1323 2405 1620 2462 adveniens
1662 2402 1810 2467 illuc,
1856 2416 2008 2458 com-

415 2508 625 2581 pescnit
672 2519 916 2563 errorem
967 2513 1025 2559 et
1051 2500 1323 2575 mitigavit
1360 2496 1819 2571 persecutionem.
1843 2486 1850 2492 ’
1877 2494 2009 2550 Erat

409 2599 554 2655 enim
596 2598 819 2669 quidam
869 2608 1074 2666 przeses
1132 2592 1230 2658 ibi,
1269 2590 1491 2646 nomine
1527 2585 1880 2649 Eustachius,
1914 2584 2008 2656 qui

410 2702 511 2761 per
540 2688 893 2757 cupiditatem
923 2683 1167 2756 pecuniae
1211 2681 1411 2737 multos
1437 2677 1872 2734 Christianorum
1916 2675 2010 2731 lae-

408 2790 559 2838 serat
583 2799 596 2835 :
632 2795 758 2835 nam
784 2777 1018 2851 amplius
1043 2790 1207 2849 quam
1231 2772 1494 2829 ducentos
1521 2770 1731 2841 pondus
1754 2767 2009 2842 [ducenta

410 2871 626 2946 pondo],
655 2874 867 2943 argenti
915 2879 1241 2940 accepturus
1268 2864 1412 2920 idem
1448 2875 1651 2933 praeses
1678 2869 1798 2914 erat
1826 2863 1887 2913 u't
1914 2873 2013 2940 eos

411 2965 682 3037 perderet.
736 2962 932 3018 Postea
955 2973 1086 3015 vero
1115 2972 1213 3029 per
1237 2954 1495 3012 invidiam
1524 2949 1723 3007 diaboli
1763 2965 1871 3005 non
1898 2962 2013 3003 mo—

413 3059 536 3115 dica
560 3055 699 3112 facta
727 3063 812 3111 est
833 3053 1135 3125 persecutio
1161 3050 1216 3105 in
1259 3047 1482 3104 civitate
1511 3060 1543 3099 a
1572 3042 1836 3114 magistro
1864 3039 2011 3096 mili-

415 3159 530 3205 tum
556 3157 609 3203 et
636 3164 665 3201 a
691 3145 946 3217 praefecto
974 3142 1221 3206 Ablabio,
1246 3139 1345 3211 qui
1389 3135 1707 3208 imperatori
1733 3131 2011 3205 persuasit

2101 1950 2326 2007 veniens
2347 1950 2474 2005 talia
2496 1948 2767 2019 loqueris?
2788 1968 2807 2001 ι
2840 1948 3078 2004 Sanctus
3100 1962 3231 2002 vero
3251 1945 3511 2002 Nicolaus
3530 1944 3711 1999 dixit:

2109 2061 2128 2094 ι
2163 2042 2279 2115 Ego
2302 2056 2423 2097 sum
2456 2039 2713 2098 Nicolaus
2744 2048 3019 2111 peccator,
3051 2053 3241 2095 servus
3263 2038 3382 2104 Dei,
3409 2038 3505 2109 qui
3532 2046 3623 2093 est
3658 2037 3713 2091 in

2103 2131 2254 2204 Myra
2301 2131 2620 2201 metropoli;
2658 2153 2675 2184 ι
2717 2140 2772 2186 et
2798 2131 2917 2186 brec
2960 2130 3149 2186 dicens
3187 2129 3353 2184 simili
3404 2130 3570 2183 modo
3601 2129 3717 2183 dis-

2104 2223 2285 2280 cessit.
2331 2221 2609 2294 Evigilans
2648 2221 2948 2291 imperator
2985 2218 3136 2275 misit
3179 2219 3247 2275 ad
3304 2217 3601 2273 Abahliutn
3627 2216 3717 2271 di-

2106 2327 2271 2369 cens:
2305 2311 2522 2371 «'Vade,
2552 2309 2742 2364 nuntia
2776 2308 3001 2363 Aba‘olio
3026 2306 3386 2379 prtefecto,'et
3407 2306 3495 2362 dic
3515 2307 3567 2361 ei
3592 2321 3718 2377 quae

2106 2402 2214 2459 vidi
2242 2408 2297 2457 et
2326 2401 2542 2467 audivi;
2580 2419 2600 2453 ι
2654 2408 2710 2455 et
2761 2399 3026 2454 inlimatis
3073 2400 3154 2455 eis
3201 2396 3459 2453 omnibus
3505 2395 3719 2452 dimisit

2104 2508 2281 2560 eum;
2316 2492 2571 2550 similiter
2617 2494 2672 2546 et
2695 2489 2985 2563 praefectus
3032 2488 3243 2546 remisit
3270 2489 3525 2544 eumdem
3564 2503 3712 2559 pra:-

2105 2600 2383 2643 cursorcm
2434 2585 2623 2641 eadem
2674 2583 3005 2639 denuntians
3060 2582 3409 2653 imperatori,
3468 2591 3523 2637 et
3578 2596 3702 2637 mox

2107 2674 2364 2749 praecepit
2393 2674 2689 2745 imperator
2736 2671 3053 2742 praesentari
3089 2681 3201 2727 tres
3231 2672 3378 2727 viros
3404 2670 3708 2743 magisth

2110 2765 2342 2822 militum
2375 2763 2476 2818 sibi
2510 2777 2695 2819 coram
2734 2761 2880 2817 omni
2908 2772 3078 2826 coetu,
3110 2769 3165 2818 et
3194 2760 3585 2832 generalitate,
3615 2774 3710 2815 seu

2108 2854 2388 2925 praefecto,
2445 2852 2894 2909 convenientibus
2936 2851 3064 2907 illuc
3106 2868 3271 2906 :cum
3312 2851 3712 2920 interrogasset

2109 2960 2204 3002 eos
2248 2945 2316 3001 de
2363 2944 2633 3009 omnibus,
2686 2952 2741 2999 et
2768 2943 3112 3017 cognovisset
3157 2942 3444 2997 veritatem
3485 2941 3716 2997 visionis

2110 3037 2254 3110 quod
2280 3053 2379 3109 per
2408 3033 2821 3094 sanctiNicolai
2866 3049 3058 3106 preces
3104 3034 3421 3090 innocentes
3452 3032 3715 3089 eustoditi

2111 3137 2265 3195 sunt,
2307 3128 2449 3185 dixit
2484 3127 2552 3183 ad
2578 3143 2685 3192 eos
2712 3147 2726 3182 :
2758 3146 2776 3179 ι
2816 3127 2931 3183 Hoc
2957 3123 3137 3183 autem
3176 3127 3373 3182 scitote
3425 3127 3574 3198 quod
3603 3140 3712 3181 non

416 3240 566 3297 falsis
595 3215 1033 3296 accusationibus
1059 3241 1275 3291 sanctos
1294 3232 1389 3287 Dei
1419 3230 1473 3285 in
1498 3228 1801 3286 custodiam
1834 3225 2007 3291 mitti;
2039 3215 2085 3278 C
2115 3236 2217 3293 ego
2246 3219 2442 3278 donavi
2486 3219 2641 3275 vobis
2677 3218 2836 3274 istam
2866 3218 3061 3283 vitam,
3089 3217 3182 3273 scd
3214 3231 3378 3288 quem
3409 3231 3508 3274 vos
3555 3216 3713 3273 invo-

423 3331 567 3403 quod
608 3346 730 3386 cum
773 3328 976 3401 factum
1026 3325 1242 3391 fuisset,
1289 3323 1395 3380 hoc
1433 3328 1536 3387 est,
1569 3328 1630 3376 ut
1657 3316 2012 3389 Nepotianus,

418 3422 592 3479 Ursus
615 3428 671 3477 et
692 3417 966 3491 Eupoleon
1003 3416 1150 3473 intus
1192 3414 1247 3469 in
1278 3426 1553 3469 carcerem
1583 3407 2014 3467 includerentur,

411 3517 576 3590 jussit
596 3533 692 3572 eos
710 3516 1007 3587 imperator
1031 3516 1413 3583 pernoctantes
1437 3504 1617 3577 gladio
1646 3501 1824 3573 capite
1859 3508 2013 3554 trun-

417 3610 551 3667 cari.
588 3607 690 3679 Ipsi
718 3615 899 3661 autem
922 3602 1023 3659 viri
1054 3602 1249 3665 sancti,
1278 3599 1380 3655 hoc
1396 3595 1705 3659 audientes,
1734 3590 2015 3664 pulverem

420 3699 584 3769 capiti
615 3713 714 3754 suo
750 3700 1087 3767 sparserunt,
1121 3700 1177 3748 et
1206 3689 1583 3746 clamaverunt
1629 3683 1699 3738 ad
1724 3680 2013 3736 Dominmn

421 3768 499 3847 ut
520 3804 614 3846 eos
647 3789 952 3860 adiuvaret,
1004 3776 1286 3841 dicentes:
1315 3800 1335 3833 ς
1368 3778 1594 3834 Domine
1648 3774 1795 3829 Deus
1842 3768 2016 3827 sancti

421 3863 653 3948 Nicolai,
684 3880 942 3936 miserere
983 3874 1181 3939 nostri,
1226 3879 1283 3928 et
1320 3869 1479 3926 sicuti
1521 3864 1697 3921 fecisti
1742 3863 1794 3916 in
1845 3860 2019 3914 tribus

426 3975 560 4030 viris
585 3972 678 4045 qui
725 3971 779 4026 in
806 3969 971 4041 Lycia
1022 3965 1206 4037 inique
1233 3970 1327 4017 aut
1376 3958 1576 4029 injuste
1620 3951 1849 4024 iudicati
1892 3956 2021 4045 sunt

428 4041 664 4131 mori,et
692 4062 910 4119 salvasti
938 4075 1032 4116 eos
1080 4076 1093 4112 :
1137 4057 1218 4112 sic
1256 4063 1313 4111 et
1354 4068 1454 4108 nos
1498 4049 1672 4113 salva,
1699 4055 1887 4102 sancte
1915 4041 2015 4097 Ni-

428 4159 598 4225 colae,
632 4173 787 4214 serve
818 4154 1045 4219 Christi,
1102 4160 1159 4208 et
1194 4148 1240 4205 si
1275 4145 1604 4217 longinquus
1655 4156 1686 4194 a
1729 4137 1887 4193 nobis
1930 4147 2016 4198 es,

424 4251 781 4328 propinqttior
804 4248 963 4304 nobis
989 4245 1083 4301 flat
1111 4252 1200 4299 tua
1241 4236 1551 4312 deprecatio
1580 4240 1743 4328 atque
1761 4224 2019 4328 postula-

426 4320 547 4413 ίίος⁷
588 4320 657 4400 ad
700 4342 1107 4398 Dominatorem
1156 4344 1309 4391 tuum
1352 4330 1548 4392 Deum,
1593 4334 1647 4381 et
1682 4320 2020 4379 Salvatorem

427 4444 714 4501 Dominum
763 4446 1012 4495 nostrum
1045 4433 1229 4491 Jesum
1271 4428 1571 4487 Christum,
1616 4416 1892 4475 intercede
1918 4426 2021 4484 pro

427 4535 603 4598 nobis,
645 4540 707 4587 ut
743 4529 875 4585 salvi
922 4526 1051 4582 facti
1093 4525 1162 4580 ab
1189 4521 1373 4591 iniqua
1415 4524 1472 4573 et
1498 4509 1776 4570 mortifera
1814 4514 2021 4598 tempe-

428 4595 599 4689 state,
621 4621 768 4693 digni
798 4617 1095 4676 elliciamur
1115 4612 1302 4668 venire
1322 4617 1377 4664 et
1407 4606 1637 4663 adorare
1664 4595 2015 4693 sanctissima

427 4686 657 4781 vestigia
679 4686 793 4767 tute
818 4706 1142 4766 sanctitatis.
1178 4724 1197 4757 ι
1234 4702 1358 4757 llaec
1384 4707 1441 4756 et
1467 4697 1553 4753 his
1579 4691 1776 4749 similia
1802 4686 2018 4781 dicente

430 4775 748 4878 Nepotiane,
780 4810 909 4858 tunc
940 4800 997 4855 hi
1033 4806 1145 4853 tres
1171 4793 1326 4866 quasi
1352 4807 1420 4847 ex
1446 4802 1558 4843 uno
1584 4797 1683 4840 ore
1711 4782 1789 4837 sic
1816 4775 2023 4833 vocife-

431 4872 533 4958 rati
556 4909 703 4962 sunt,
730 4901 969 4951 orantes.
1012 4888 1247 4946 Sanctus
1273 4897 1404 4939 vero
1430 4876 1686 4935 Nicolaus
1714 4872 1830 4962 ipsa
1862 4874 2021 4922 nocte

428 5005 669 5064 praesens
691 4960 943 5057 apparuit
971 4975 1305 5051 imperatori,
1331 4981 1387 5029 et
1413 4970 1552 5025 dixit
1575 4965 1624 5022 ei
1652 4982 1667 5021 :
1694 4982 1713 5015 ι
1744 4960 2018 5058 Constan-

433 5056 546 5139 tine
585 5080 907 5152 imperator,
955 5085 1151 5142 surge,
1198 5075 1250 5123 et
1293 5062 1506 5120 dimitte
1560 5056 1684 5112 illos
1723 5061 1834 5109 tres
1874 5056 2023 5103 vtros

432 5143 786 5244 quos‘ltabes
832 5166 886 5221 in
917 5162 1163 5220 custodia
1210 5154 1449 5213 carceris
1473 5191 1490 5217 ,
1533 5145 1915 5243 Nepotianum,
1968 5143 2024 5191 et

434 5230 656 5321 iirsum.
684 5265 740 5313 ct
767 5254 1156 5326 Eupoleonem,
1191 5246 1483 5317 magistros
1511 5238 1773 5326 militum,
1802 5230 1931 5326 quia
1954 5242 2023 5326 ex

430 5348 813 5408 summissione
845 5341 1119 5400 criminati
1149 5346 1293 5393 sunt.
1319 5332 1475 5402 Quod
1501 5330 1548 5384 si
1583 5342 1689 5383 non
1714 5316 2022 5380 obaudieris

432 5456 541 5509 me,
570 5454 807 5512 pugnant
846 5435 944 5491 tibi
972 5430 1224 5490 excitabo
1247 5429 1303 5483 in
1326 5422 1561 5487 doratio,
1591 5425 1648 5475 et
1677 5424 1871 5472 carnes
1902 5420 2023 5464 tuas

504 5607 532 5636 ι
558 5592 675 5649 Non
704 5587 1154 5663 indicaturlocu;
1177 5599 1288 5656 quo
1313 5582 1427 5653 pati
1453 5576 1647 5663 debuit
1662 5591 1679 5663 :7
1702 5566 1894 5663 alii}:
1912 5562 2022 5663 ’ξιξ-

433 5636 579 5729 acia:
590 5636 1049 5718 alii-Nicomedia:
1062 5636 1382 5714 egrojnva‘mrm
1398 5636 1688 5729 asserunt;
1720 5636 1897 5729 nullus
1917 5647 2019 5729 ve;

436 5702 765 5790 Galilei;
774 5702 1545 5801 'iiiﬁaiéﬁiééﬁﬂétua,“
1562 5702 1875 5846 (praequam
1916 5702 2020 5758 sub

437 5804 730 5846 ὶΙιηίηιὶηη
773 5801 991 5846 factum-
1042 5798 1231 5846 Nullus
1274 5795 1539 5846 vetustior
1612 5798 1787 5846 oannc
1816 5780 2014 5835 Dama‘

437 5780 993 5861 faciam.
1011 5780 1231 5855 'N—ullus
1274 5780 1539 5851 vetustior
1580 5780 1787 5846 Joanne
1816 5780 2014 5835 Dama-

2114 3297 2224 3368 cati
2250 3311 2405 3377 estis,
2438 3317 2687 3366 sanctum
2712 3306 3017 3370 Nicolaum.
3058 3307 3126 3363 ad
3171 3322 3333 3378 quem
3358 3306 3712 3372 destinastis;

2115 3403 2336 3460 tondcte
2365 3401 2589 3473 capillos
2629 3401 2825 3472 capitis
2858 3400 3050 3466 vestri,
3075 3407 3131 3455 et
3174 3409 3382 3455 mutate
3406 3406 3589 3455 vestes
3614 3415 3710 3455 vc-

2115 3505 2282 3559 stras,
2331 3502 2387 3549 et
2433 3492 2637 3564 gratias
2682 3489 2931 3547 referetis
2976 3490 3047 3546 ei.
3103 3488 3374 3545 Memorcs
3428 3497 3608 3545 estote
3652 3497 3714 3545 et

2118 3585 2243 3640 mei.
2280 3604 2299 3637 ι
2340 3583 2607 3654 Deditque
2636 3582 2717 3638 eis
2749 3591 2809 3638 ut
2832 3582 3009 3637 ferant
3032 3596 3215 3637 secum
3234 3590 3370 3636 ‘vasa
3400 3590 3588 3636 sancta
3628 3579 3714 3635 di-

2117 3692 2274 3732 versa
2300 3693 2314 3729 :
2338 3683 2392 3730 et
2419 3674 2638 3745 quidem
2667 3672 3019 3745 Evangelium
3050 3680 3219 3727 totum
3258 3686 3512 3737 aureum,
3535 3679 3592 3727 et
3620 3684 3712 3726 oe-

2119 3765 2263 3823 reola
2296 3762 2617 3845 (thuribula)
2663 3778 2827 3819 aurea
2857 3763 2987 3829 duo,
3010 3772 3065 3819 et
3088 3771 3344 3833 patenam
3374 3777 3593 3819 auream
3628 3762 3710 3817 la-

2116 3856 2345 3928 pillatim
2373 3854 2666 3926 pretiosam
2704 3862 2977 3919 ornatam,
3002 3862 3058 3909 et
3086 3854 3235 3909 misit
3262 3868 3358 3909 eos
3385 3855 3704 3924 imperator:

2119 3948 2210 4019 qui
2255 3946 2598 4002 ambulantes
2642 3946 2696 3999 in
2733 3944 2901 4016 Lycia
2948 3943 3277 4015 Myrensiunt
3326 3945 3705 4016 metropoleos.

2119 4040 2487 4096 adoraverunt
2534 4045 2782 4093 sanctum
2809 4034 3115 4101 Nicolaum,
3146 4044 3204 4092 et
3245 4024 3596 4092 totonderuttt
3617 4053 3710 4093 ca-

2118 4130 2281 4202 pillos
2326 4130 2521 4202 capitis
2562 4128 2670 4195 sui,
2714 4135 2769 4184 et
2818 4135 3167 4181 mutaverunt
3216 4127 3542 4182 vestimenta
3589 4141 3707 4181 sua.

2120 4224 2189 4279 Et
2218 4222 2443 4277 multum
2470 4221 2688 4292 quidem
2716 4234 2841 4275 cum
2870 4218 3127 4290 lacrytnis
3153 4216 3555 4273 distribuebant
3577 4232 3701 4287 pauo

2122 4314 2363 4385 pet-ibus,
2390 4312 2457 4367 de
2479 4312 2676 4382 quibus
2710 4306 2983 4365 habebant
3025 4307 3207 4371 rebus,
3232 4320 3466 4377 quaque
3506 4306 3621 4361 auri
3654 4315 3709 4363 et

2122 4403 2353 4474 argenti,
2378 4411 2435 4458 et
2468 4402 2946 4465 vestimentorum;
2977 4414 3074 4470 per
3100 4397 3301 4453 multos
3329 4405 3511 4452 autem
3543 4413 3706 4454 annos

2126 4495 2402 4552 faciebant
2441 4495 2580 4559 base,
2608 4491 2979 4564 glorificantes
3003 4501 3057 4545 et
3082 4489 3368 4545 laudantes
3392 4487 3628 4555 Patrem,
3656 4498 3712 4545 et

2049 4565 2344 4651 DFilium,
2388 4592 2444 4641 et
2493 4582 2756 4655 Spiritum
2806 4590 3073 4646 sanetum,
3127 4595 3271 4636 nunc
3320 4588 3377 4635 et
3423 4595 3631 4653 semper
3656 4579 3707 4635 in

2125 4676 2321 4733 sarcula
2359 4674 2701 4732 saeculorum.
2730 4672 2924 4728 Amen.

2201 4787 2287 4843 VII
2311 4788 2387 4843 In.
2415 4786 2471 4841 la
2496 4784 2785 4841 Antiochia
2815 4782 2991 4838 natale
3019 4780 3300 4854 Pulycarpi
3330 4789 3388 4836 et
3416 4779 3702 4837 Theodori.

2126 4881 2328 4938 Eodem
2379 4880 2556 4955 natale
2591 4878 2766 4935 sancti
2793 4877 3002 4943 Savini,
3042 4873 3284 4947 episcopi
3334 4882 3391 4931 et
3435 4875 3703 4946 martyris.

2126 4975 2217 5044 qui
2248 4973 2581 5045 temporibus
2609 4969 2919 5026 Maximiani
2948 4968 3172 5039 Augusti
3200 4983 3298 5038 pro
3324 4967 3547 5021 nomine
3567 4965 3709 5020 Chri-

2129 5064 2198 5120 sti
2235 5078 2429 5133 passus
2454 5070 2561 5129 est,
2588 5059 2751 5117 simul
2797 5075 2921 5115 cum
2954 5056 3207 5113 Marcello
3237 5065 3294 5111 et
3320 5055 3706 5126 Exsuperantio

2128 5154 2446 5213 diaconibus
2475 5153 2609 5208 suis.
2643 5150 2779 5205 Nam
2810 5147 3178 5207 Venustianus
3205 5147 3450 5218 quidam,
3496 5148 3580 5203 vir
3605 5147 3706 5204 cla-

2129 5260 2224 5300 rus
2249 5244 2302 5298 in
2328 5242 2538 5298 Tusciae
2563 5240 2833 5312 partibus,
2871 5254 2994 5295 cum
3030 5238 3203 5308 ipsum
3235 5245 3489 5293 sanctum
3510 5238 3708 5310 episeo-

2130 5351 2256 5407 pum
2297 5349 2403 5389 non
2432 5339 2616 5402 posset
2648 5347 2680 5386 a
2711 5330 2817 5386 fide
2841 5329 3044 5386 Christi
3071 5338 3321 5386 avertere
3350 5335 3407 5383 et
3448 5329 3517 5383 ad
3551 5328 3705 5385 idolo-

2130 5440 2251 5480 rum
2302 5422 2572 5479 culturam
2617 5421 2943 5491 perducere,
2984 5418 3149 5489 jussit
3185 5418 3236 5475 ei
3277 5432 3473 5472 manus
3508 5416 3705 5489 abscin-

2127 5591 2291 5635 sceno
2320 5577 2385 5633 dc
2409 5574 2650 5631 Barbara
2688 5572 2914 5643 ejusque
2949 5579 3181 5643 parente
3201 5569 3700 5643 mentiongmfecit.

2126 5647 2183 5703 Si
2211 5658 2389 5703 tamen
2413 5637 2778 5713 Damascenits
2804 5637 2994 5698 auctor
3034 5652 3119 5698 est
3156 5641 3419 5696 Actorum
3443 5637 3704 5713 Barbam,

2126 5718 2270 5790 quod
2299 5717 2542 5773 dubium.
2575 5712 2737 5770 Basa.
