3924 6314
204 368 223 424 l
241 365 345 424 182)
1522 363 1713 420 MART
1725 364 1766 430 V

1886 365 2144 424 .CCIUM.
3326 379 3462 435 1188

195 480 344 547 dere,
391 493 458 535 eo
495 479 639 551 quod
674 480 1055 536 statiuncnlam
1100 480 1252 536 Jovis
1298 481 1352 536 in
1380 489 1581 537 terram
1618 481 1780 552 proji-
1808 495 1855 555 Α
1884 483 2193 540 Concordii.
2219 484 2436 541 Arelate
2456 485 2722 545 dedicatio
2749 489 2984 547 basilica:
3021 503 3072 548 et
3099 493 3289 552 altaris
3331 513 3464 554 stin»

194 570 347 626 ciens
380 570 672 640 frangeret.
711 569 978 626 Diaconos
1001 587 1131 628 vero
1153 587 1280 626 suos
1303 573 1590 627 tormentis
1617 571 1783 626 variis
1882 577 1953 632 cti
1983 576 2200 632 Cencsii
2235 579 2509 649 martyris.

194 661 482 732 torquebat
520 677 534 714 :
578 660 808 730 equulco
837 676 1152 732 suspensos,
1183 661 1454 733 unguibus
1494 659 1662 716 latera
1689 675 1782 715 co-
1950 665 2068 722 XVI
2125 667 2261 723 Κιι..
2311 667 2494 723 Sancti
2560 668 2748 740 lgnatii
2792 672 3029 744 episcopi
3070 685 3124 731 et
3174 677 3456 749 martyris,

194 765 314 806 rum
339 749 503 820 jussit
524 749 774 812 lacerari,
807 759 862 806 et
889 752 1066 820 ignem
1111 752 1378 822 supponi;
1422 751 1513 822 qui
1545 751 1672 805 dum
1706 750 1779 806 ibi
1879 757 1972 826 qui
2011 758 2205 813 tertius
2245 759 2545 815 Antiochiae
2589 768 2710 830 post
2749 759 2969 818 Petrum
3020 766 3320 836 apostolum
3343 771 3461 839 epi-

193 843 446 914 spiritum
466 842 830 906 exhalassent,
840 841 1038 912 jactari
1061 843 1317 913 pnecepit
1339 844 1392 896 in
1420 841 1639 897 ﬂuvium
1661 858 1780 898 eor-
1881 864 2097 917 scapus,
2134 850 2422 906 undecimo
2453 852 2670 921 Trajani
2714 868 2855 908 anno
2894 856 2962 909 ad
3017 857 3218 914 bestias
3242 861 3457 918 vinctus

191 948 326 1005 pora
364 947 576 995 eorum,
605 947 726 1001 qua:
755 947 852 1001 per
877 933 1176 1002 piscatores
1207 931 1529 987 indeablata
1567 931 1776 1003 sepulta

190 1029 320 1075 sunt
345 1033 443 1090 per
471 1021 764 1089 quamdam
796 1018 1052 1074 feminam
1083 1019 1341 1085 nobilem,
1373 1023 1590 1075 noutine
1621 1021 1780 1075 Sere-

192 1128 343 1178 uam,
373 1112 440 1169 dc
477 1113 700 1169 civitate
729 1111 1049 1183 Spoletana,
1081 1111 1238 1181 cujus
1266 1121 1516 1183 nepotem
1555 1124 1777 1171 sanctus

191 1203 446 1269 Savinus,
479 1204 606 1260 dum
649 1214 792 1259 esset
845 1205 898 1259 iu
925 1219 1147 1260 carcere
1175 1204 1384 1275 positus
1426 1205 1772 1271 benedicens,

189 1297 537 1354 illuminavit.
594 1297 956 1355 Venustianns
1007 1306 1188 1354 autem
1239 1307 1361 1368 post
1413 1298 1616 1369 aliquot
1661 1299 1776 1354 dies

191 1390 376 1446 divino
396 1389 606 1461 judicio
637 1389 690 1444 in
719 1389 891 1444 oculis
925 1389 1040 1445 suis
1069 1405 1322 1460 magnum
1345 1389 1587 1445 dolorem
1611 1391 1777 1446 susti-

189 1480 331 1545 nuit,
384 1495 545 1550 quem
589 1479 672 1535 sui
721 1478 873 1551 pueri
927 1479 994 1533 ad
1041 1488 1403 1534 memoratum
1461 1478 1773 1551 episcopum

187 1573 562 1644 perduxerunt
605 1591 619 1626 :
665 1572 779 1640 ipse
825 1585 958 1626 vero
1005 1581 1226 1625 sanctus
1269 1570 1364 1626 Dei
1405 1569 1606 1625 docens
1645 1584 1770 1624 cum

187 1667 576 1722 abrenuntiare
602 1664 838 1729 diabolo,
867 1664 1136 1718 convertit
1163 1665 1232 1718 ad
1263 1664 1420 1718 tidem
1448 1663 1674 1727 Christi,
1717 1671 1774 1717 et

182 1757 482 1830 baptizavit
509 1773 633 1813 eum
666 1773 788 1812 cum
827 1772 996 1811 uxore
1021 1765 1077 1811 ct
1105 1755 1250 1811 ﬁliis.
1297 1754 1450 1823 Quod
1471 1770 1594 1810 cum
1621 1770 1770 1811 com-

1878 939 2104 996 Romam
2153 942 2351 998 missus
2393 952 2499 1008 est,
2545 945 2788 1015 reliquiae
2832 948 3008 1003 ducta:
3053 953 3295 1022 corporis
3338 953 3456 1024 ejus

1875 1030 2173 1086 Antiochia:
2195 1031 2379 1100 jacent
2404 1045 2558 1089 extra
2583 1046 2790 1106 portam
2819 1037 3141 1096 Dal‘niticam
3173 1043 3223 1097 in
3251 1059 3453 1100 ciente-

1880 1121 2018 1176 terio
2044 1122 2308 1178 ecclesiae.

1946 1209 2040 1266 XV
2081 1210 2214 1267 ΚΑι..
2240 1211 2500 1270 Laodicea
2519 1215 2758 1284 civitate,
2782 1216 3069 1282 Theotimi,
3096 1221 3369 1279 Basiliani.
3397 1225 3453 1279 ln

1874 1299 2080 1366 Africa,
2111 1300 2316 1368 Quinti,
2341 1301 2626 1374 Simplicii,
2659 1305 2938 1376 Pomponii
2968 1317 3024 1364 et
3061 1309 3232 1366 Pauli.

1943 1390 2058 1446 XIV
2083 1392 2218 1447 hac.
2271 1392 2329 1448 lu
2356 1393 2683 1460 Nicomedia,
2717 1397 2942 1463 Zosimi,
2991 1399 3226 1470 Cyriaci,
3277 1403 3453 1467 Pauli,

1874 1479 2129 1537 Secundi.
2177 1481 2363 1539 Natale
2408 1495 2721 1542 sanctorum
2776 1489 3071 1557 Anastasii,
3121 1503 3174 1546 et
3226 1491 3453 1550 Siddimi

1873 1570 2184 1646 [Syndimii]
2206 1575 2602 1647 episcoporum.
2631 1577 3030 1649 Antissiodoro,
3053 1582 3455 1657 beatiGregot-ii

1873 1662 2131 1735 eplscopi.

1945 1754 2059 1811 Xlll
2110 1757 2240 1814 ΚΑι..
2273 1759 2329 1814 ιιι
2356 1760 2587 1818 Thracia
2618 1764 2837 1822 civitate
2875 1764 3033 1822 Gildo
3075 1766 3288 1840 (Vulgo,
3334 1766 3454 1824 Gel-

185 1849 416 1922 perissct
460 1848 820 1904 Maximianus
844 1848 1139 1917 Augustus,
1168 1847 1313 1902 misit
1347 1848 1570 1905 militum
1615 1863 1770 1902 suum
1805 1853 1848 1914 Β
1874 1845 2058 1917 duba),
2090 1847 2282 1918 Bajuli.
2310 1849 2517 1917 Romae,
2546 1853 2833 1926 Zephyrini
2862 1858 3120 1929 episcopi.
3149 1858 3206 1914 ln
3232 1859 3455 1916 Oriente

187 1950 246 1996 ιιι
292 1949 602 2010 amputaret
648 1949 813 2010 caput
837 1939 1185 2003 Venustiani,
1235 1947 1291 1994 et
1335 1939 1523 1994 uxoris
1551 1939 1689 2009 ejus,
1721 1949 1776 1996 et

183 2019 440 2090 ﬁliorum.
489 2031 748 2087 Savinum
795 2046 926 2102 ergo
961 2031 1014 2085 in
1059 2031 1279 2086 civitate
1319 2028 1608 2100 Spoletana
1657 2030 1775 2086 sine

186 2122 464 2178 auditione
490 2121 677 2176 tandiu
706 2120 966 2192 ιιι-ωορρῆ
987 2120 1140 2184 medi,
1175 2133 1458 2190 quousque
1481 2119 1769 2185 deficeret;

182 2215 277 2287 qui
309 2229 433 2270 cum
462 2213 550 2269 diu
586 2212 909 2279 mederetur,
931 2211 1116 2268 emisit
1144 2211 1414 2283 spiritum.

253 2319 323 2377 Vl
359 2320 437 2377 lo.
478 2320 536 2376 ln
583 2320 802 2377 civitate
845 2320 1056 2376 Verona
1102 2319 1285 2375 natale
1333 2318 1504 2375 sancti
1535 2318 1772 2375 Zenonis

180 2412 465 2485 martyris,
489 2411 707 2482 quando
732 2426 885 2480 aqua:
931 2408 1170 2465 ﬂuminis
1216 2409 1436 2465 Athesis
1490 2423 1661 2479 usque
1702 2409 1772 2464 ad

173 2505 488 2578 superiores
512 2504 636 2560 tecti
665 2502 933 2560 fenestras
953 2501 1198 2558 ecclesia:
1224 2501 1369 2557 illius
1389 2508 1768 2567 excreverunt,

176 2611 282 2653 nec
332 2596 386 2651 in
429 2611 550 2652 eam
589 2595 795 2650 intrare
843 2601 1156 2665 potuerunt,
1205 2593 1461 2647 virtutem
1511 2590 1770 2663 martyris

173 2687 551 2743 ostendentes.
601 2685 666 2741 Et
691 2683 958 2756 depositio
995 2682 1166 2740 sancti
1194 2681 1448 2738 Eucharii
1507 2680 1766 2751 episcopi.

251 2777 295 2833 V
337 2777 410 2832 In.
451 2776 508 2831 In
535 2775 715 2830 Africa
751 2775 930 2830 natale
955 2773 1124 2840 Petri,
1167 2771 1419 2829 Sneeessi
1472 2769 1767 2844 [Bassiani,

175 2866 494 2941 Primitivi],
525 2868 717 2933 Turni,
746 2865 1066 2932 Publiciani,
1094 2874 1151 2922 et
1177 2865 1406 2920 aliorum
1437 2862 1649 2935 viginti.

249 2979 319 3036 IV
343 2979 418 3034 lo.
443 2977 631 3034 Natale
653 2987 856 3034 sanctae
881 2977 1099 3033 Eulalia:
1126 2976 1420 3048 virginisin
1445 2973 1768 3030 Barchilona

176 3070 403 3126 civitate
450 3068 722 3140 Hispania:
765 3070 867 3126 sub
926 3067 1165 3124 Daciano
1202 3067 1446 3139 przrside,
1493 3081 1615 3137 quae
1641 3061 1765 3121 cum

176 3172 330 3222 esset
366 3161 625 3218 tredecim
653 3175 921 3217 annorum
959 3169 1082 3232 post
1107 3159 1336 3232 plurima
1376 3165 1646 3213 tormenta
1673 3156 1769 3212 de-

176 3255 377 3312 collata
404 3261 509 3320 est,
535 3260 591 3307 et
619 3251 795 3308 reciso
818 3251 889 3306 ab
925 3265 989 3305 ea
1021 3250 1222 3321 capite,
1273 3248 1522 3304 columba
1553 3247 1622 3303 de
1648 3261 1770 3302 eor-

177 3360 314 3418 pore
343 3344 460 3416 ejus
487 3342 640 3400 exire
666 3344 780 3398 visa
808 3349 911 3397 est.
943 3341 1146 3397 Eodem
1177 3340 1264 3396 die.
1293 3338 1466 3394 sancti
1496 3336 1766 3402 Habundi,

179 3448 237 3496 et
261 3434 532 3511 Carpololi
564 3433 826 3511 [Abundii
855 3443 910 3488 et
939 3429 1302 3504 Carpophori]
1329 3439 1650 3501 martyrum.

249 3551 320 3608 lll
357 3551 432 3606 lo.
471 3549 658 3605 Roma:
706 3548 926 3603 Damasi
973 3560 1125 3617 papa:
1164 3553 1222 3599 et
1255 3540 1589 3600 conlessorts
1627 3563 1639 3598 :
1683 3540 1774 3598 hic

177 3643 467 3702 constituit
493 3650 553 3696 ut
575 3640 767 3712 psalmi
791 3639 879 3695 die
905 3647 1178 3708 noctuque
1225 3645 1554 3692 canerentur
1592 3637 1646 3691 in
1670 3635 1774 3690 Ec-

173 3737 350 3794 clesia
399 3733 626 3791 Christi.
696 3730 900 3787 Eodem
946 3730 1036 3785 die
1085 3728 1370 3792 Fusciani,
1424 3725 1680 3782 Victurici
1716 3733 1772 3781 et

181 3825 435 3885 Gentiani
463 3821 746 3897 [Victorici
775 3829 832 3876 et
854 3818 1126 3891 Gratiani]
1163 3828 1484 3891 martyrum.

251 3927 294 3984 ll
330 3924 407 3982 lo.
450 3925 508 3980 ln
534 3923 804 3994 Hispanis,
836 3921 1058 3978 civitate
1087 3920 1349 3985 Emerita,
1401 3917 1584 3976 natale
1610 3917 1773 3974 Eula-

181 4016 269 4074 lic
289 4015 539 4088 virginis,
568 4023 624 4070 et
647 4011 1026 4082 Hermogenis,
1053 4010 1272 4067 Donato:
1297 4008 1540 4083 [Donati]
1564 4017 1622 4066 et
1645 4008 1773 4066 alio-

187 4123 307 4164 rum
335 4105 525 4178 viginti
551 4104 803 4160 duorum.

252 4195 332 4254 lo.
372 4195 560 4252 Natale
607 4197 808 4251 sanctm
851 4193 1035 4249 Lucio:
1081 4193 1311 4266 virginis
1355 4193 1423 4250 de
1463 4192 1770 4264 Syracusis,

181 4290 286 4350 sub
308 4286 603 4347 'r‘ascliasio
629 4285 900 4342 consulari
947 4301 963 4340 :
1006 4301 1170 4358 quam
1195 4301 1317 4340 cum
1356 4285 1541 4346 Ιευτξτε
1564 4283 1768 4364 [ριέτεη

182 4379 434 4456 lenones]
460 4393 812 4450 corrumpere
831 4377 1059 4454 jubeote
1085 4377 1379 4439 l'a::iiasio
1411 4383 1628 4449 vellent,
1652 4383 1772 4438 nul-

183 4477 406 4536 latenus
431 4489 551 4531 cattt
589 4487 809 4533 movere
845 4484 1138 4547 potuerunt
1179 4491 1278 4530 nee
1304 4473 1522 4530 funibus
1551 4475 1770 4541 additis,

184 4581 285 4630 aut
327 4571 490 4630 boum
536 4568 760 4643 paribus
802 4569 1087 4640 plurimis:
1131 4569 1305 4638 picem
1338 4568 1628 4633 resiueam,
1671 4567 1770 4622 fer.
1801 4556 1852 4616 D

185 4680 324 4722 vens
377 4663 578 4727 oleum,
625 4661 698 4716 nil
745 4660 870 4716 laesa
918 4659 1174 4729 suscepit.
1222 4658 1463 4713 Tandem
1502 4657 1683 4729 gladio
1717 4658 1772 4712 iu

191 4755 401 4811 viscera
432 4767 609 4808 merso
640 4765 916 4822 percussa,
948 4765 1048 4806 nee
1077 4759 1259 4805 tamen
1295 4757 1510 4803 mortua
1545 4756 1649 4814 est,
1679 4747 1773 4804 do-

191 4861 297 4902 nec
322 4842 666 4899 venientibus
709 4841 1084 4897 sacerdotibus
1130 4840 1565 4896 communionem
1595 4838 1779 4894 Denti-

190 4935 302 4992 nici
330 4932 571 5004 corporis
599 4940 656 4987 et
681 4931 964 5002 sanguinis
989 4929 1220 5000 accepit.
1239 4927 1407 4985 Passa
1431 4936 1515 4984 est
1537 4937 1778 5000 tempore

190 5023 512 5080 Diocletiani
539 5031 596 5078 et
622 5020 952 5076 Maximiani.
1311 5021 1319 5028 '

269 5121 391 5180 XIX
430 5123 566 5180 ΚΜ..
619 5119 850 5177 lason.
902 5119 962 5174 In
989 5116 1283 5174 Antiochia
1329 5116 1510 5174 natale
1532 5115 1694 5173 υτυά
1717 5123 1782 5174 et

191 5217 468 5275 socion
493 5215 615 5286 ejus
638 5211 836 5268 Zosimi
875 5220 932 5265 et
963 5209 1258 5264 Theodori.
1286 5204 1552 5279 Lugdune
1563 5204 1779 5273 Sabim,

195 5307 376 5364 sancti
404 5305 643 5362 Ἥρωι-ξε
681 5300 942 5373 episcopi.
987 5296 1242 5365 lthemis,
1269 5295 1476 5354 Μαιδιῖ

195 5407 258 5457 οι
289 5395 518 5467 ,διατεθῇ
566 5391 908 5467 Eutropia}.
948 5384 1199 5457 Vienna,
1219 5385 1470 5461 Lapicini
1504 5389 1780 5462 'episetrpi,

199 5488 472 5561 Aspcdize,
498 5486 775 5542 Theodoti.

267 5596 438 5661 XVIII
467 5594 601 5656 Kac.
642 5599 701 5655 In
729 5590 1121 5654 Wiea‘nttta'le
1143 5589 1412 5660 Faustini,
1437 5589 1785 5660 borili,’Can-

190 5691 342 5760 didi,
369 5692 594 5755 Celiatti,
629 5687 813 5754 Marci,
835 5682 1085 5754 ‘ﬂaati‘ttti,
1110 5686 1376 5752 Ianuarii,
1394 5679 1710 5742 iFortttntiti.

271 5775 420 5842 XVll
450 5782 581 5838 liae.
606 5781 874 5839 Ravennae
891 5772 1196 5848 "Vtilentiui,
1226 5772 1466 5844 Navalis,
1497 5776 1784 5850 Agricolm,

1876 1938 2056 1994 natale
2084 1950 2286 1997 sancte
2315 1942 2529 2000 Thecla:
2564 1945 2812 2018 virginis,
2847 1958 2901 2005 et
2925 1953 3096 2006 sancti
3125 1951 3380 2009 Liberati.

1947 2027 2040 2084 ιιι
2067 2029 2201 2086 Kac.
2235 2031 2455 2089 'l‘honne
2481 2036 2730 2106 apostoli,
2760 2038 2853 2109 qui
2883 2039 3274 2110 interpretatur
3294 2042 3455 2114 abys-

1873 2135 1966 2175 sus
1989 2129 2044 2175 et
2065 2117 2342 2195 Didymus,
2373 2125 2474 2180 hoc
2501 2137 2584 2182 est
2609 2125 2806 2184 Christi
2840 2128 3056 2186 similis.
3102 2130 3204 2188 llic
3237 2131 3455 2189 Parthis

1874 2219 1932 2265 et
1958 2209 2124 2267 Medis
2143 2215 2480 2283 praedicavit.
2514 2216 2728 2282 Lancea
2762 2221 2905 2276 enim
2932 2222 3006 2279 ibi
3031 2223 3324 2282 transﬁxus
3357 2240 3453 2284 oc-

1873 2303 2062 2358 cubuit
2087 2304 2141 2358 in
2169 2304 2407 2363 Calamia
2453 2308 2617 2366 India:
2665 2311 2923 2379 civitate,
2978 2314 3052 2370 ibi
3092 2316 3330 2387 sepultus
3370 2325 3454 2374 est

1873 2410 1995 2452 cum
2034 2397 2238 2455 honore
2265 2416 2339 2455 xu
2367 2400 2483 2458 lial.
2511 2401 2816 2462 Januarias.
2853 2406 2919 2463 Et
2947 2407 3002 2463 in
3032 2409 3250 2477 Tuscia,
3285 2407 3454 2470 Joan-

1872 2488 1958 2544 nis
1985 2497 2042 2545 et
2065 2489 2232 2547 Festi.

1937 2578 2013 2640 XI
2061 2585 2195 2642 ΚΜ..
2243 2587 2300 2644 In
2356 2590 2638 2648 Antiochia
2681 2594 2859 2650 natale
2903 2597 3076 2653 sancti
3117 2596 3314 2654 Basilei
3346 2617 3362 2656 :
3398 2607 3453 2657 et

1872 2675 2079 2742 Rerum,
2095 2677 2180 2732 via
2203 2677 2495 2747 Lavicana,
2525 2683 2663 2737 inter
2683 2683 2816 2740 duos
2835 2684 3017 2744 lauros
3041 2688 3218 2746 natale
3239 2699 3454 2747 sancto-

1870 2779 1990 2820 rum
2028 2767 2246 2838 triginta
2276 2779 2593 2843 martyrum,
2620 2775 2712 2844 qui
2739 2791 2927 2833 omnes
2952 2793 3060 2835 uno
3094 2779 3182 2837 die
3209 2783 3452 2838 coronati

1868 2865 2016 2913 sunt.
2057 2857 2262 2925 Romae,
2284 2861 2370 2916 via
2410 2861 2715 2930 Portnensi,
2746 2867 3010 2938 depositio
3036 2871 3211 2926 sancti
3259 2871 3452 2928 Felicis

1868 2947 2139 3020 episcopi;
2166 2958 2223 3005 et
2244 2950 2370 3007 alibi
2399 2952 2578 3024 passio
2602 2955 2918 3014 Theodosio:
2958 2958 3209 3031 virginis,
3263 2971 3319 3018 et
3363 2961 3454 3016 Di-

1870 3039 2016 3110 dymi
2045 3042 2318 3097 monachi.

1946 3129 1988 3185 X
2016 3130 2150 3187 ΚΜ..
2183 3131 2375 3190 Natale
2399 3134 2644 3207 Gregorii
2660 3137 2982 3210 presbyteri,
3001 3139 3095 3212 qui
3123 3141 3453 3212 temporibus

1797 3201 1842 3265 C
1874 3221 2192 3279 Diocletiani
2217 3233 2272 3281 et
2302 3201 2608 3283 Maximiani
2654 3201 3040 3301 imperatorum
3078 3232 3132 3287 in
3161 3201 3452 3304 Spoletana

1873 3313 2028 3378 urbe,
2077 3315 2179 3370 sub
2224 3315 2417 3372 Flacco
2470 3325 2528 3374 et
2574 3317 2808 3376 Tircano
2843 3319 3118 3391 judieibus
3143 3323 3309 3379 nmlta
3345 3334 3452 3380 tor-

1871 3414 2052 3461 menta
2081 3421 2270 3476 passus
2294 3418 2400 3475 est,
2441 3410 2544 3466 hoc
2563 3421 2666 3477 est,
2699 3413 2932 3484 primum
2960 3414 3193 3474 fustibus
3235 3419 3453 3476 nodosis

1871 3509 2046 3553 εακῖιιιθ
2081 3513 2091 3554 :
2124 3507 2309 3569 reste:
2340 3498 2393 3556 ir.
2418 3500 2675 3558 craticuls
2708 3502 2862 3574 ignea
2893 3505 2975 3560 uri
2995 3504 3247 3575 jnbetur;
3275 3508 3452 3568 ibique

1873 3595 2183 3644 terrmmotu
2211 3607 2408 3662 magno
2434 3590 2578 3649 facto
2606 3593 2749 3650 intra
2795 3594 3070 3651 civitatem
3106 3596 3452 3670 Spoletanatn

1869 3694 2144 3749 oppressa:
2166 3689 2292 3736 sunt
2311 3681 2592 3754 plusquam
2619 3691 2875 3742 trecenta
2887 3687 3081 3745 animae
3097 3702 3450 3760 paganorum.

1871 3766 2076 3825 Deinde
2103 3771 2158 3826 in
2185 3786 2461 3830 carcerem
2487 3774 2704 3840 missus,
2733 3791 2792 3834 et
2831 3777 3172 3850 lampadibus
3215 3783 3453 3839 ardenti-

1869 3861 1972 3918 bus
1994 3860 2048 3915 in
2078 3859 2338 3919 lateribus
2367 3865 2634 3932 accensis,
2665 3867 2733 3923 ad
2764 3877 3066 3926 extremum
3091 3887 3223 3930 vero
3258 3874 3310 3930 in
3340 3890 3453 3932 me-

1871 3955 1961 4011 dio
1985 3950 2384 4026 amphitheatro
2409 3961 2478 4014 ab
2507 3961 2774 4032 Aqualino
2795 3965 3074 4034 spathario
3101 3967 3279 4039 capite
3306 3977 3454 4024 trun-

1870 4054 2043 4111 catus,
2076 4046 2262 4118 sicque
2279 4047 2348 4103 ad
2384 4057 2645 4106 aeternam
2676 4051 2903 4121 gloriare
2930 4054 3203 4127 migravit.
3232 4056 3454 4128 Deposi-

1873 4138 1950 4193 tio
1981 4135 2234 4194 Victoria:
2275 4138 2461 4196 Romae
2507 4143 2608 4200 sub
2640 4141 2823 4213 Decio,
2855 4161 2976 4218 qua:
3003 4163 3127 4204 cum
3172 4158 3317 4206 esset
3359 4151 3454 4207 de-

1872 4235 2130 4298 Sponsata
2163 4229 2283 4288 vire-
2309 4245 2523 4304 pagano
2552 4234 2811 4307 Eugenio,
2841 4245 2896 4293 et
2937 4253 3040 4294 nec
3065 4239 3268 4297 nubere
3295 4241 3455 4299 vellet

1872 4337 1974 4377 nec
1999 4321 2331 4390 sacriﬁcare,
2380 4335 2501 4394 post
2534 4327 2825 4383 draconem
2867 4328 3184 4397 pestiferum
3233 4332 3300 4387 de
3347 4333 3454 4390 illis

1873 4411 2008 4468 locis
2034 4411 2339 4484 expulsum,
2363 4423 2419 4469 et
2431 4428 2554 4486 pOSt
2581 4416 2685 4471 alia
2708 4416 2876 4472 multa
2898 4416 3039 4473 facta
3061 4420 3344 4485 miracula,
3371 4423 3456 4477 in-

1876 4513 1961 4559 ter
1992 4518 2113 4576 qua:
2141 4503 2379 4576 virgines
2403 4505 2685 4577 plurimas,
2714 4521 2850 4577 quas
2879 4508 2947 4564 ad
2975 4510 3317 4566 serviendum
3350 4511 3448 4569 Do-

1877 4594 2026 4650 mino
2049 4594 2107 4650 in
2136 4595 2389 4666 spelunca
2413 4613 2520 4668 qua
2549 4598 2699 4667 prius
2724 4599 2887 4654 draco
2901 4601 3455 4676 babitavit,aggrega-

1873 4693 2052 4751 verat,
2081 4699 2336 4756 percussa
2364 4685 2541 4757 gladio
2568 4688 2621 4741 in
2648 4689 2811 4744 corde
2833 4705 2865 4743 a
2898 4690 3156 4748 carniﬁce
3197 4691 3456 4749 Thaliaco

1875 4773 2076 4830 comite
2104 4783 2295 4846 rogatu
2324 4775 2405 4830 sui
2430 4776 2633 4845 sponsi.
2669 4777 2921 4848 Deposita
2947 4787 3032 4836 est
3062 4789 3242 4836 autem
3274 4797 3307 4836 x
3333 4781 3451 4838 Kal.

1876 4865 2211 4920 earumdem.
2261 4864 2320 4920 In
2361 4863 2671 4922 Nicomedia
2700 4868 2877 4924 natale
2900 4869 3196 4942 Martyrum
3235 4873 3455 4945 triginta

1877 4953 2140 5024 quinque.
2189 4951 2259 5007 Et
2279 4954 2336 5009 in
2366 4952 2478 5008 alio
2509 4954 2648 5021 loco,
2679 4956 2936 5025 Evaristi,
2965 4957 3200 5016 Victoris
3242 4970 3300 5017 et
3320 4961 3456 5019 alio-

1877 5058 2003 5101 rum
2025 5043 2446 5116 quingentorum
2472 5045 2693 5117 triginta
2716 5046 2967 5106 duorum.

1947 5131 2023 5190 IX
2046 5132 2187 5192 Iliun.
2217 5132 2500 5191 dssuasit.
2522 5136 2583 5192 In
2616 5135 2819 5209 Tripoli
2851 5140 3072 5199 civitate
3119 5145 3294 5200 sancti
3348 5144 3458 5201 Lu-

1878 5221 2046 5289 e'taui,
2076 5235 2133 5281 et
2146 5225 2333 5280 tum
2349 5234 2667 5283 uiolentur
2702 5225 2974 5296 Metrobii,
3015 5229 3195 5298 Pauli,
3236 5233 3454 5304 Zenon,

1874 5312 2160 5381 Theotini,
2197 5313 2419 5372 Wisti
2451 5313 2738 5392 Ῐῑοιιοιιίἰ,
2769 5318 3035 5378 Theotimi
3054 5330 3117 5380 et
3143 5323 3363 5398 Drusi].
3397 5329 3452 5383 ιιι

1884 5405 2170 5464 Antiochia
2209 5407 2391 5479 Syriae
2426 5409 2603 5465 natale
2640 5422 2950 5467 sanctarum
2995 5413 3263 5484 virginum
3317 5432 3445 5486 qua-

1887 5497 2136 5571 draginta
2183 5502 2584 5570 eanoniearum,
2636 5510 2692 5558 et
2745 5501 2976 5560 aliorum
3021 5505 3254 5562 duorum
3295 5505 3460 5564 simul

1889 5588 2046 5647 Drusi
2075 5599 2145 5646 tet
2167 5591 2379 5649 Donati.

1957 5678 2074 5736 ‘V-lll
2099 5680 2233 5738 liae.
2262 5682 2320 5739 In
2358 5683 2670 5741 Bethlehem
2723 5684 2977 5741 nativitas
3025 5685 3236 5742 Domini
3289 5685 3462 5744 nostri

1891 5771 2019 5830 Iesu
2045 5771 2244 5830 Christi
2285 5775 2581 5831 secundum
2633 5790 2878 5842 cantem,
2922 5785 2977 5832 et
3027 5777 3205 5833 natale
3261 5785 3459 5835 sancte
