3924 6340
455 329 589 389 “87

1128 329 1189 384 Β.
1230 328 1483 386 RABANI
1523 328 1743 387 MAURI
1776 330 2099 387 ARClllEP.
2141 330 2454 403 MOGUNT.
2496 330 2781 391 OPERUM
2827 332 3007 392 PARS
3044 335 3107 392 ll.

3595 343 3711 396 H38

448 444 773 509 Anastasiae,
803 454 923 512 qua:
959 448 1200 512 tempore
1241 440 1578 505 Diocletiani,
1606 442 1786 510 primo
1841 441 2034 495 duram
2069 447 2118 505 Α
2142 442 2349 499 Aoetus
2377 454 2431 500 et
2459 443 2701 516 Sergius.
2726 448 2971 501 conversi
3006 457 3130 502 sunt
3158 448 3222 503 ai
3258 451 3417 505 fidem
3456 452 3711 510 Christiet

448 541 506 589 et
533 532 797 589 immitem
828 532 1126 587 custodiam
1171 547 1203 585 a
1246 531 1365 590 viro
1392 548 1493 588 suo
1529 532 1719 587 Publio
1753 547 2033 603 perpessa.

445 622 504 679 lu
531 637 637 694 qua
666 631 840 677 tamen
878 637 908 676 a
947 622 1301 693 Chrysogono
1334 620 1647 678 confessore
1670 619 1872 677 Christi
1902 622 2039 676 mul-

446 722 563 769 tum
593 711 871 769 eonsolata
895 722 950 768 et
975 712 1278 769 confortata
1306 722 1409 767 est.
1443 712 1645 768 Deinde
1697 727 1729 766 a
1784 714 2039 783 prmfecto

446 801 646 873 Illyrici
680 801 733 857 in
756 802 1076 875 gravissima
1107 818 1259 873 teque
1284 811 1341 859 et
1365 803 1615 858 diuturna
1642 804 1886 859 custodia
1918 819 2035 858 ma-

446 903 630 952 cerata
653 902 758 963 est,
791 896 846 951 in
876 912 981 966 qua
1002 896 1212 952 duobus
1241 897 1515 952 mensibus
1536 896 1736 952 refecta
1762 906 1847 952 est
1870 896 2036 953 etule-

443 988 619 1043 stibus
648 988 786 1043 escis
809 1002 907 1057 per
935 998 1183 1042 sanctam
1212 986 1548 1053 Theodoten,
1572 1002 1695 1057 qua:
1721 988 1874 1058 prius
1896 1002 2040 1041 mar-

445 1079 644 1150 tyrium
671 1093 830 1150 passa
858 1086 971 1145 est;
1006 1078 1201 1133 deinde
1221 1078 1342 1132 navi
1370 1077 1621 1148 imposita
1644 1092 1763 1133 cum
1794 1078 2040 1159 ducentis

444 1171 576 1227 viris
603 1177 659 1227 et
683 1170 930 1227 ducentis
964 1169 1181 1226 feminis
1220 1178 1281 1224 nt
1327 1169 1770 1239 detncrgercntur
1799 1169 1853 1223 in
1877 1168 2033 1233 mari,

442 1262 647 1332 perlata
682 1271 767 1319 est
801 1262 868 1317 ad
914 1262 1121 1318 insulas
1154 1261 1481 1323 l’almarias,
1506 1260 1595 1315 ubi
1627 1276 1727 1332 per
1755 1274 1949 1317 manus
1984 1270 2040 1315 et

440 1354 609 1424 pedes
632 1361 949 1419 extensa,et
982 1354 1143 1423 ligata
1167 1357 1234 1408 ad
1255 1352 1407 1425 palos
1436 1354 1590 1416 fixos.
1614 1361 1669 1407 et
1693 1352 1837 1408 circa
1860 1354 2037 1408 media

443 1441 567 1511 ejus
594 1443 734 1515 ignis
760 1459 1023 1499 accensus
1050 1451 1152 1505 est,
1199 1443 1253 1496 in
1282 1458 1389 1512 quo
1436 1443 1756 1514 martyrium
1784 1458 2040 1497 consum-

443 1533 633 1596 mavit,
665 1542 720 1587 et
747 1520 939 1587 omnes
979 1533 1071 1601 qui
1102 1549 1225 1587 cum
1258 1533 1348 1587 ilia
1386 1543 1649 1589 venerant
1673 1535 1842 1589 variis
1868 1535 2039 1589 inter-

442 1625 768 1681 fectionibns
798 1627 1121 1696 martyrium
1167 1626 1533 1681 celebrarunt.
1570 1626 1773 1681 Eodem
1821 1627 1909 1683 die
1941 1643 2037 1680 na-

442 1717 777 1778 tabocnette
803 1718 1056 1790 Eugeniae
1076 1718 1321 1788 virginis,
1350 1734 1470 1788 qua:
1490 1729 1607 1775 erat
1643 1710 1751 1775 filia
1780 1720 2033 1791 Philippi,

440 1809 681 1880 praefecti
700 1808 1042 1864 Alexandria:
1068 1818 1125 1864 et
1155 1810 1317 1865 totius
1344 1808 1588 1881 IEgypti,
1618 1813 1686 1865 ab
1711 1812 2040 1879 imperatore
2070 1810 2113 1869 Β
2142 1806 2322 1875 passio
2365 1808 2538 1861 sancti
2585 1807 2866 1879 Stephani,
2904 1810 3063 1879 primi
3104 1810 3364 1880 martyris
3409 1820 3465 1865 et
3501 1811 3712 1865 diaconi.

440 1901 569 1958 illuc
607 1904 931 1959 transmissi.
959 1902 1087 1958 llaec
1127 1919 1257 1975 ergo
1286 1916 1509 1974 propter
1549 1904 1708 1959 fidem
1748 1903 1949 1960 Christi
1981 1914 2037 1960 et

438 1994 704 2049 castitatis
729 2009 969 2050 amorem
1001 1994 1205 2064 sprevit
1240 1996 1551 2050 saecularem
1582 1994 1826 2049 habitum
1854 2002 1910 2051 et
1938 1995 2033 2049 de-

440 2081 593 2138 licias
627 2084 810 2139 mundi
838 2099 853 2138 :
881 2084 1069 2140 induta
1115 2094 1200 2140 est
1242 2096 1392 2141 veste
1417 2085 1580 2151 virili,
1612 2094 1668 2141 et
1708 2101 1941 2157 pergens
1968 2088 2035 2143 ad

438 2181 685 2230 sanctum
716 2173 982 2230 Helenum
1028 2176 1361 2247 episcopum,
1402 2177 1564 2232 simul
1598 2192 1729 2233 eum
1772 2177 1937 2233 Proto
1981 2186 2037 2234 et

440 2263 682 2335 Eugenio
710 2266 975 2321 eunuchis
1003 2266 1136 2329 suis,
1169 2281 1269 2337 per
1287 2282 1449 2337 quem
1482 2266 1807 2337 baptismate
1842 2266 2031 2333 abluti,

439 2357 832 2411 monasterium
877 2356 1268 2427 monachorum
1314 2356 1544 2427 ingressi
1592 2365 1740 2423 sunt,
1769 2355 1869 2412 sub
1891 2357 2035 2414 virili

437 2446 622 2500 habitu
668 2447 967 2502 tnonastice
1016 2425 1444 2503 conversantes:
1478 2448 1594 2514 ubi,
1640 2446 1896 2504 defuncto
1936 2450 2035 2504 ab-

434 2534 582 2600 bate,
614 2546 801 2591 sancta
856 2536 1091 2608 Engcnia
1144 2539 1199 2592 in
1230 2538 1404 2593 locum
1445 2539 1655 2594 abbatis
1699 2549 1902 2595 statuta
1929 2550 2034 2607 est,

436 2625 527 2680 tibi
560 2634 745 2679 sancta
777 2627 1191 2682 conversatione
1239 2637 1293 2682 et
1339 2627 1615 2684 miraculis
1659 2628 1872 2684 claruit.
1898 2628 2035 2685 Nam

438 2714 746 2769 Melantiam
772 2717 1063 2785 quamdam
1097 2716 1354 2772 feminam
1393 2733 1423 2772 a
1474 2717 1624 2774 febre
1660 2719 1825 2791 Signo
1860 2720 2038 2775 crucis

435 2805 652 2860 salvans
686 2806 824 2861 :sed
866 2807 1084 2864 diabolo
1129 2810 1421 2879 instigante
1462 2811 1576 2881 ipsa
1615 2809 1870 2867 Melantia
1911 2826 2037 2867 eum

436 2898 503 2953 ad
552 2899 896 2954 concubitum
960 2915 1117 2956 suum
1162 2902 1480 2972 pertrahere
1527 2902 1727 2969 voluit;
1778 2904 1874 2959 sed
1913 2918 2039 2959 eum

437 2990 541 3045 hoc
567 3006 672 3044 non
701 2994 1091 3059 consensisset,
1125 2996 1400 3049 accusavit
1433 3010 1553 3050 eam
1579 2996 1734 3066 quasi
1766 2995 2040 3068 Eugenius

438 3083 734 3139 monachus
788 3092 843 3138 et
893 3084 1059 3139 abbas
1111 3101 1235 3140 eum
1299 3096 1548 3158 stuprare
1594 3087 1870 3143 voluisset.
1930 3086 2038 3142 Sed

2141 537 2401 606 baptizati
2450 547 2595 592 sunt.
2653 538 2846 593 Postea
2906 556 3034 594 vero
3087 551 3270 596 sancta
3324 543 3559 615 Eugenio
3604 562 3708 601 cum

2142 627 2307 683 Proto
2330 638 2383 683 et
2408 628 2706 700 lliacyntho
2735 629 2963 683 Romam
2993 633 3252 700 perrexit,
3284 633 3373 687 nhi
3400 642 3454 689 et
3484 638 3711 707 martyri-

2143 731 2261 774 zata
2291 730 2397 787 est,
2419 721 2572 793 jussu
2623 720 2852 776 Gallieni
2896 724 3259 792 imperatoris,
3307 742 3408 796 per
3464 726 3709 783 Nicetium

2142 812 2454 882 praefectum
2489 811 2667 873 Urbis.
2711 813 2803 883 qui
2835 828 2958 866 cmn
2988 828 3109 867 eam
3158 823 3378 885 cogeret
3405 817 3517 869 dea:
3555 818 3710 872 Diana:

2142 901 2408 956 sacrificia
2450 900 2729 965 exhibere,
2778 909 2833 955 et
2883 902 2971 955 illa
3028 903 3193 957 uellet
3236 905 3595 973 acquiescere,
3619 907 3708 960 imo

2143 992 2318 1061 ipsum
2348 991 2696 1045 simulacrum
2720 992 2773 1045 in
2791 991 3065 1061 pulverem
3092 993 3406 1065 redegisset,
3422 996 3579 1065 jussit
3605 1011 3706 1050 cant

2141 1077 2430 1146 praefectus
2449 1094 2580 1134 saxo
2602 1079 2670 1133 ad
2693 1079 2889 1133 colhnn
2918 1080 3082 1147 ligato
3103 1081 3155 1133 in
3184 1081 3405 1136 Tiberio
3434 1082 3705 1152 projicere:

2143 1170 2239 1225 sed
2278 1169 2401 1226 inde
2432 1171 2525 1226 Dei
2555 1172 2729 1244 gratia
2765 1172 3014 1240 liberata,
3043 1184 3230 1244 postea
3262 1176 3314 1230 in
3350 1180 3615 1232 fornacem
3636 1196 3708 1231 ar-

2143 1261 2358 1317 dentem
2386 1262 2549 1319 missa
2582 1272 2688 1330 est,
2721 1266 2816 1320 sed
2846 1266 2992 1321 nullo
3025 1268 3184 1321 modo
3210 1268 3279 1321 ah
3312 1268 3436 1339 igne
3476 1281 3557 1324 est
3583 1270 3705 1323 lasa.

2143 1351 2444 1409 Novissime
2472 1370 2597 1410 vero
2624 1355 2678 1410 in
2703 1355 2789 1411 die
2817 1357 3015 1412 natalis
3046 1357 3284 1422 Domini,
3310 1360 3451 1414 sicut
3484 1360 3710 1413 Salvator

2143 1443 2257 1513 ipse
2278 1444 2328 1498 ei
2352 1454 2477 1498 ante
2514 1446 2793 1511 revelavit,
2829 1462 2926 1517 per
2956 1446 3343 1517 spiculatorem
3383 1449 3436 1501 in
3490 1450 3708 1503 custodia

2142 1537 2314 1606 posita
2344 1536 2633 1592 interfecta
2662 1546 2769 1600 est,
2807 1539 2994 1609 sicque
3020 1540 3087 1593 ad
3115 1538 3339 1595 caeleste
3381 1554 3601 1611 regnum
3624 1541 3709 1594 uti-

2143 1642 2235 1696 gra
2245 1628 2337 1682 vit.

2217 1715 2303 1770 Vll
2328 1717 2463 1771 Κιιι..
2497 1718 2553 1772 ιη
2584 1718 2782 1789 oppido
2823 1718 3313 1791 llicrosolymitano
3353 1719 3711 1791 Cofargamala

2213 1897 2437 1953 VIKAL.
2470 1911 2495 1939 δ
2546 1900 2857 1971 Assumptio
2892 1901 3066 1955 sancti
3113 1900 3341 1956 Joannis
3391 1876 3767 1973 evangelista;

2142 1990 2281 2059 apud
2307 1989 2604 2059 Ephesum,
2650 1999 2705 2045 et
2743 1992 3016 2047 ordinatio
3064 1993 3407 2063 episcopatus
3432 1994 3604 2047 sancti
3638 1992 3716 2047 Ja-

2141 2078 2261 2133 cobi
2287 2076 2474 2133 fratris
2501 2079 2733 2145 Domini,
2764 2081 2853 2150 qui
2881 2080 2951 2135 ab
2981 2082 3242 2152 apostolis
3281 2084 3492 2152 primus
3541 2099 3604 2137 ex
3638 2084 3717 2138 Ju-

2142 2168 2273 2223 dmis
2317 2168 2670 2242 Jerosolymis
2698 2181 2785 2226 est
2812 2172 3098 2244 episcopus
3127 2174 3433 2240 ordinatus,
3462 2184 3519 2231 et
3559 2176 3717 2231 medio

2140 2257 2349 2315 Pascha
2379 2261 2643 2332 martyrio
2671 2271 2982 2317 coronatus.
3738 2254 3742 2259 ’

2214 2351 2257 2407 V
2288 2350 2419 2405 KAL.
2449 2351 2506 2407 ln
2534 2352 2849 2408 Bethlehem
2892 2352 3073 2410 natale
3102 2365 3419 2409 sanctorum
3468 2354 3715 2409 infantum

2139 2438 2479 2507 laetantium,
2507 2441 2597 2512 qui
2625 2443 2726 2496 sub
2750 2441 2961 2497 llerodc
2981 2444 3123 2513 passi
3144 2453 3270 2498 sunt
3297 2461 3394 2515 pro
3426 2444 3657 2499 Christo.

2212 2531 2279 2586 lV’
2309 2531 2445 2588 KAL.
2477 2534 2533 2587 ln
2559 2533 2745 2589 Africa
2800 2535 2977 2590 natale
3033 2534 3260 2599 Dotnici,
3292 2536 3501 2590 Vit-turi
3530 2537 3715 2606 [Domi-

2143 2625 2271 2691 nici,
2290 2623 2570 2697 Victoris],
2600 2624 2913 2690 Crescentii,
2932 2626 3214 2688 Primiani.
3246 2626 3443 2697 Lyhosi
3473 2628 3710 2697 episcopi.

2142 2713 2211 2769 Et
2234 2713 2440 2778 Remm,
2471 2716 2524 2768 in
2546 2717 2859 2770 cmmetcrio
2887 2714 3116 2781 Callisti,
3152 2715 3351 2771 Felicis
3378 2725 3433 2784 et
3470 2716 3713 2771 Bonifatii

2142 2805 2380 2878 episcopi
2403 2807 2469 2862 de
2495 2808 2837 2862 ordinatione
2865 2808 2913 2860 ι).

2212 2896 2279 2952 lll
2301 2896 2434 2951 ΚΑι..
2467 2896 2701 2951 Turonis
2724 2897 2990 2968 depositio
3016 2898 3157 2952 beati
3180 2897 3437 2969 Perpetm
3463 2899 3708 2970 episcopi,

2142 2990 2235 3061 qui
2261 2992 2436 3046 sancti
2466 2990 2683 3044 Martini
2712 2990 2996 3045 ecclesiam
3026 2991 3334 3045 :cdilicavit.

2215 3082 2257 3138 ll
2286 3082 2421 3139 ΚΑι.
2452 3083 2731 3153 Depositio
2756 3085 2929 3138 sancti
2956 3082 3218 3153 Sylvestri
3242 3084 3486 3154 episcopi
3525 3096 3577 3138 et
3602 3101 3709 3137 con-

439 3172 554 3226 luec
584 3174 764 3227 omnia
807 3190 903 3245 per
938 3175 1241 3247 Philippum
1284 3176 1597 3247 praefectum
1637 3176 1773 3232 falsa
1820 3178 2035 3232 inventa
2064 3180 2109 3241 C
2140 3173 2386 3241 fessoris,
2407 3183 2463 3229 ct
2482 3174 2664 3244 passio
2698 3182 2901 3229 sancta:
2940 3173 3217 3229 Columba:
3265 3174 3518 3245 virginis,
3563 3174 3710 3228 Seno-

437 3271 584 3327 sunt,
612 3264 735 3333 quia
770 3265 882 3334 ipsa
914 3266 1150 3337 Eugenia
1200 3283 1320 3323 sese
1362 3268 1619 3324 feminam
1660 3283 1780 3325 esse
1808 3272 2034 3325 demon-

435 3352 647 3416 stravit,
674 3368 781 3407 non
816 3355 1012 3408 virum.
1041 3354 1153 3411 Hoc
1178 3358 1342 3411 etiam
1383 3358 1731 3414 considerato
1755 3357 2033 3428 Philippus

435 3452 590 3513 pater
613 3442 749 3511 ejus,
780 3454 835 3500 et
882 3446 1105 3500 Claudia
1153 3456 1359 3512 mater,
1406 3448 1710 3519 fratresque
1753 3448 2027 3520 Eugenim,

507 3584 533 3612 ε
565 3572 793 3649 invaluit
820 3576 958 3649 apud
990 3577 1248 3645 plurimos
1274 3592 1336 3633 ea
1360 3578 1427 3634 de
1456 3577 1662 3635 Joanne
1676 3580 1879 3649 opinio,
1901 3595 2029 3635 eum

435 3658 541 3697 non
569 3644 802 3718 ohiisse;
836 3640 903 3718 id
934 3641 1096 3718 refert
1144 3649 1499 3718 Augustinus,
1538 3666 1659 3705 eam
1704 3640 2032 3705 sententiam

436 3713 749 3783 suggillatis.
782 3716 909 3778 Alit,
962 3713 1378 3781 obdormivisse,
1407 3713 1499 3774 sed
1542 3736 1667 3773 mox
1698 3722 1749 3773 in
1778 3720 1917 3774 caelo
1946 3734 2035 3774 as-

436 3792 711 3862 sumptum
740 3785 1103 3862 crediderunt
1134 3806 1145 3840 :
1184 3789 1235 3862 id
1283 3790 1515 3862 asseruit
1553 3789 1903 3862 llippolytns,
1940 3791 2031 3862 qui

436 3805 711 3851 suntpium
760 3805 1145 3841 cremuernnt:
1185 3805 1235 3841 tu
1283 3805 1515 3843 asseruit
1566 3805 1903 3862 Hippolytus,
1979 3807 2031 3843 ιιι

436 3851 503 3905 de
528 3853 810 3928 duodecim
836 3858 1097 3928 apostolis
1121 3860 1338 3928 scripsit
1361 3860 1501 3927 apud
1524 3805 2037 3914 Combclisiumfke

435 3921 626 3978 credas
650 3932 830 3980 tamen
860 3921 1010 3981 illum
1040 3942 1161 3983 esse
1187 3921 1530 3999 Hippoljtum
1558 3927 1915 3984 Portuensem
1940 3930 2035 3999 qui

742 4064 773 4070 ,ν
791 4062 1239 4072 —-...—.—-———-_—-4
1252 4066 1269 4071 -
1284 4065 1316 4071 .-

1724 4065 1965 4073 m

452 4056 773 4087 me
791 4062 1041 4072 _.__.__

1124 4078 1495 4087 —-—————-—~—_

2138 3268 2224 3323 nis
2248 3267 2350 3324 sub
2378 3267 2667 3323 Aureliano
2708 3268 3059 3338 imperatore,
3101 3279 3245 3337 quae,
3294 3276 3552 3337 superato
3584 3268 3706 3337 igne,

2135 3374 2273 3415 03353
2302 3368 2403 3415 est.

2135 3579 2271 3633 vixit
2300 3580 2461 3631 tertio
2490 3576 2719 3641 saeculo;
2756 3575 3002 3630 diversus
3024 3583 3107 3628 est
3138 3574 3284 3627 enim
3343 3573 3457 3637 ille,
3491 3573 3709 3627 referens

2136 3648 2396 3717 reliquias
2424 3647 2667 3719 Joannis,
2713 3661 2835 3719 enm
2889 3644 3118 3719 fuissent
3166 3645 3429 3719 qnicsitm,
3459 3661 3561 3697 nun
3591 3658 3708 3719 esse

2137 3713 2404 3774 inventas.
2454 3718 2653 3771 Eadem
2684 3718 2919 3770 sensisse
2966 3716 3173 3767 videtnr
3214 3714 3489 3775 liabanus,
3518 3713 3603 3781 qui
3633 3713 3708 3764 hic

2138 3789 2561 3857 assumptionem
2608 3786 2833 3841 Joannis
2883 3784 3232 3854 evangelista:
3260 3786 3588 3840 celebratam
3625 3797 3708 3833 suo

2137 3868 2378 3929 tempore
2401 3858 2693 3929 contendit.
2722 3858 2884 3929 lissx.

2209 3926 2503 3983 1Vliidetur
2531 3926 2736 3994 aliquid
2764 3927 2975 3981 deesse.

2593 4061 2956 4071 -ο--υ-

2958 4061 3417 4083 mum...
3365 4053 3698 4083 ...οε-π...πέ

1022 4214 1606 4327 REATE
1680 4215 2035 4329 ΕΔΗ

2153 4214 2424 4328 [NI
2500 4215 3112 4328 MAUBI

1163 4425 1550 4484 FULDENSIS
1586 4428 1880 4484 ABBATIS
1922 4430 2011 4485 ET
2052 4428 2435 4485 MOGUNTINI
2470 4428 2991 4487 ARCHIEF'JSCOH

1508 4604 1951 4719 OPUSC
1974 4606 2244 4719 ULA
2327 4607 2658 4721 DUO.

1452 4820 1613 4885 [Apul
1637 4820 1826 4883 Labbe,
1847 4820 2050 4883 Conci|.,
2074 4821 2284 4885 append.
2310 4823 2369 4873 ad
2401 4830 2516 4873 tom.
2546 4823 2702 4885 Vill.)

2028 5065 2067 5135 Ι

520 5216 853 5308 Responsa
892 5238 1217 5283 canonica
1266 5237 1472 5303 super
1544 5214 1945 5302 quibusdam
1998 5214 2647 5301 interrogationibus
2696 5216 3104 5303 Reginboltli
3156 5217 3638 5309 rlmrupiscopi.

515 5454 971 5513 Reverentissimo
1020 5462 1179 5521 atque
1212 5451 1583 5505 amantissimo
1632 5451 1784 5507 fratri
1833 5455 2029 5509 item»
2058 5460 2109 5519 D
2135 5464 2351 5511 sentare
2388 5455 2554 5509 voluit
2604 5455 2678 5509 tui
2708 5456 3031 5509 desiderium
3069 5457 3263 5511 iterum
3290 5457 3505 5511 videndi
3544 5475 3600 5512 sc
3627 5475 3706 5511 va-

442 5564 611 5604 BALDO
640 5548 911 5610 RABANUS,
930 5546 1156 5615 exiguus
1182 5557 1459 5597 servorum
1485 5542 1579 5597 Dei
1603 5560 1812 5609 servus,
1846 5546 1897 5599 in
1924 5548 2024 5600 Do.

441 5640 588 5694 tnino
618 5640 865 5694 salutem.

516 5730 805 5801 l’ostqnam
834 5727 1097 5783 sanctitas
1135 5735 1223 5781 tua
1253 5732 1449 5781 nostrae
1487 5724 1737 5794 parvitati
1790 5740 1847 5781 se
1888 5743 2024 5796 pric-

2131 5546 2237 5599 lide
2268 5546 2423 5599 nobis
2449 5545 2691 5615 ingessit.
2744 5545 2820 5598 Ita
2866 5557 2920 5599 ut
2957 5559 3349 5616 cognosnrntcs
3400 5548 3706 5617 gravitatem

2134 5651 2368 5699 morum,
2415 5636 2755 5689 honestatem
2791 5636 3101 5701 locutionis,
3154 5638 3518 5691 humilitatem
3574 5636 3711 5691 lmin-

2135 5736 2221 5782 tus
2252 5725 2689 5795 hilaritatctnqtte
2736 5726 2936 5781 vultus.
2974 5744 3136 5797 quam
3178 5737 3271 5783 tua
3316 5728 3539 5784 dilectio
3570 5726 3710 5782 nobis
