3924 6328
136 310 280 367 “89

1382 325 1735 381 RES-PUNSA
1776 325 2136 385 CANONICA.

3273 348 3405 402 lilii~

143 446 410 508 exhibuit,
442 444 724 515 pnescnlia
753 452 840 498 tua
868 458 972 499 non
1005 442 1261 498 vellemus
1286 456 1493 504 carere,
1523 442 1565 495 si
1590 458 1723 510 quu-
1749 446 1796 505 Α
1827 444 2061 497 snt-lium
2088 446 2398 513 pmnitentis
2424 464 2437 500 :
2468 448 2512 503 si
2541 450 2661 519 quis
2684 451 2825 506 enim
2857 458 3119 512 veraciter
3140 472 3404 528 paeniten-

143 552 253 605 qno
307 534 463 589 modo
496 551 617 589 eam
649 549 928 604 possemus
981 534 1180 588 haltere
1233 534 1565 588 continuam.
1617 533 1721 588 Sed

143 627 271 695 quia
294 642 434 679 ver-.e
459 625 739 679 charitatis
767 641 831 678 ca
865 632 950 679 est
982 624 1142 688 ratio,
1167 632 1225 677 ut
1262 623 1403 692 quod
1435 623 1725 693 corporali-

142 727 228 769 tcr
256 717 453 771 habere
480 731 661 770 secum
693 730 797 769 non
836 722 1031 783 potest,
1075 712 1423 782 spiritualiter
1451 729 1723 783 nunquam

142 807 345 861 habere
375 814 553 860 cesset
581 819 593 857 :
628 803 754 858 licet
794 818 1024 873 corpore
1054 804 1251 857 absens
1301 803 1395 867 sis,
1423 802 1613 871 spiritu
1644 812 1724 855 ta-

141 911 265 951 men
297 909 533 965 prresens
574 909 695 950 esse
733 910 838 948 non
880 894 1111 967 desistis.
1140 892 1293 959 Quod
1346 907 1582 961 eousque
1610 891 1719 956 flet,

139 990 313 1044 clunec
341 1004 439 1058 per
462 987 553 1041 Dei
576 986 802 1057 gratiam
830 985 976 1039 exuti
1002 1000 1031 1038 a
1058 998 1284 1054 corpore
1304 992 1597 1053 prmsentes
1618 982 1725 1037 eri-

140 1098 191 1135 m
210 1098 262 1137 is
290 1081 431 1151 apud
458 1081 643 1134 Deum.
671 1078 783 1132 lict:
810 1085 987 1131 tamen
1023 1076 1247 1147 adipisci
1278 1090 1374 1129 nos
1400 1090 1581 1144 posse,
1607 1088 1723 1128 ma—

140 1173 223 1242 gis
249 1172 417 1228 divini
450 1180 535 1226 est
580 1169 819 1223 numeris
877 1184 1036 1238 quam
1094 1168 1342 1221 humanae
1398 1166 1670 1221 facultatis
1706 1183 1718 1219 :

140 1263 236 1317 sed
261 1277 358 1332 spe
374 1262 487 1330 jam
521 1259 653 1314 salvi
689 1258 809 1313 facti
845 1273 1065 1324 sumus;
1099 1260 1187 1329 qui
1218 1268 1397 1311 autem
1424 1257 1473 1311 in
1500 1256 1724 1311 Dmnino

141 1364 345 1425 sperat,
371 1354 561 1409 beatus
584 1361 685 1405 est.

210 1444 290 1501 De
311 1451 507 1500 caetero
532 1458 764 1513 quoque,
792 1443 917 1513 quia
947 1444 1221 1497 veneratio
1254 1452 1340 1498 tua
1362 1443 1608 1513 qmedam
1634 1458 1725 1497 ca-

140 1534 313 1606 pitula
340 1534 471 1589 mihi
502 1534 554 1587 in
583 1518 993 1589 chartulatnnc
1017 1534 1253 1588 ostendit
1278 1534 1501 1605 scripta,
1532 1532 1584 1587 in
1613 1534 1727 1603 qui-

141 1628 245 1682 lms
276 1624 557 1698 flagitabas
589 1638 674 1678 me
703 1624 796 1678 tibi
823 1624 1147 1694 reSpondcre
1174 1625 1346 1681 dehis
1385 1641 1505 1695 qua:
1529 1624 1723 1679 ibidem

139 1715 561 1784 continebantur
591 1732 604 1767 ε
639 1713 798 1784 relegi
834 1722 1091 1783 quantum
1121 1712 1320 1769 licebat
1349 1712 1620 1769 volumina
1646 1713 1726 1769 di—

1830 537 1957 589 tiam
1985 539 2177 607 egerit,
2219 554 2339 593 cum
2371 539 2626 611 laerymis
2658 543 2861 613 jejunia
2893 556 2948 601 et
2988 550 3260 606 orationes
3292 554 3402 608 sol-

1826 642 1977 692 vens,
2014 627 2385 699 elcemosynas
2434 630 2655 699 largiter
2707 634 3039 704 impendens,
3073 639 3231 710 hujus
3274 656 3405 713 ergo

1827 717 1991 771 habet
2029 718 2281 773 sacerdos
2321 727 2644 787 potestatem
2689 723 2935 793 mitigare
2976 722 3257 793 judicimu.
3298 730 3403 797 Qui

1826 818 2006 862 autem
2030 809 2226 865 mentis
2246 820 2328 865 est
2357 811 2526 875 dum,
2548 820 2603 867 et
2632 813 2904 884 negligens
2931 826 3014 872 est
3048 820 3114 873 ad
3139 824 3401 891 agendam

1824 897 2200 968 pamitentiam
2226 916 2238 952 :
2267 899 2321 953 in
2371 899 2474 955 hoc
2508 902 2727 957 omnino
2757 902 3030 959 decretum
3069 917 3154 962 est
3192 917 3402 981 tempus

1826 988 2173 1042 servandum.
3022 1008 3025 1013 ·

1894 1078 1955 1132 ll.
1984 1078 2058 1133 De
2099 1077 2390 1134 infantibus
2415 1088 2591 1134 autem
2622 1083 2711 1151 qui
2756 1084 2954 1139 mortui
2996 1101 3118 1140 cum
3161 1097 3312 1156 patre
3346 1097 3399 1142 ct

1827 1176 1999 1222 matre
2027 1168 2389 1233 inveniuntur,
2417 1179 2471 1223 et
2496 1186 2600 1223 non
2629 1182 2853 1240 apparet
2880 1182 3057 1228 utrum
3094 1175 3164 1231 ab
3194 1176 3274 1231 cis
3304 1192 3397 1247 op-

1824 1273 2046 1328 pressus
2094 1256 2163 1313 sit
2194 1258 2305 1327 ipse
2358 1257 2537 1315 infans
2584 1261 2696 1315 sive
2725 1262 3037 1329 suffocatus,
3082 1281 3149 1320 an
3180 1267 3396 1337 propria

1825 1360 1998 1404 morte
2053 1349 2335 1404 defunctus
2391 1367 2404 1402 :
2461 1366 2560 1405 nec
2610 1352 2806 1405 debent
2860 1353 2980 1406 inde
3041 1358 3214 1410 securi
3277 1373 3398 1411 esse

1825 1457 1924 1496 nec
1954 1440 2068 1496 sine
2095 1440 2409 1510 ptenitentia
2450 1441 2548 1511 ipsi
2585 1453 2855 1511 parentes.
2891 1443 2996 1497 Sed
3042 1455 3218 1501 tamen
3243 1448 3295 1501 in
3318 1448 3397 1503 eis

1825 1530 2189 1586 consideratio
2225 1530 2383 1585 debet
2425 1545 2546 1586 esse
2594 1532 2829 1602 pietatis,
2859 1533 2948 1587 ubi
2996 1550 3099 1589 non
3130 1536 3394 1603 voluntas,

1825 1621 1919 1677 sed
1954 1631 2196 1685 eventus,
2249 1621 2439 1676 mortis
2485 1636 2647 1677 causa
2695 1620 2814 1676 fuit.
2860 1622 2915 1677 Si
2949 1635 3126 1679 autem
3168 1642 3261 1682 eos
3288 1644 3395 1683 non

1825 1714 1957 1790 latet
1988 1712 2132 1783 ipsos
2160 1710 2277 1780 ejus
2312 1727 2432 1768 esse
2461 1712 2855 1778 interfectores,
2884 1715 3023 1771 scire
3051 1716 3246 1772 debent
3270 1734 3400 1790 gra-

138 1807 392 1861 vinorum
418 1813 887 1870 testamentorum,
921 1814 1083 1885 atque
1136 1816 1450 1861 sanctorum
1499 1806 1717 1860 Patrum
1752 1795 1795 1854 Β
1823 1788 1963 1860 viter
1980 1818 2039 1858 se
2067 1803 2373 1874 deliquisse,
2409 1805 2551 1873 quod
2592 1806 2645 1859 in
2695 1807 2977 1877 Ancyrano
3022 1809 3248 1863 concilio
3280 1788 3398 1865 hoc

138 1899 463 1964 sententias,
490 1906 545 1953 et
574 1906 835 1967 quantum
866 1910 1079 1968 tempus
1106 1897 1472 1967 permittebat,
1511 1911 1571 1951 ea
1600 1912 1719 1966 qua:

138 1989 207 2045 ad
232 1990 336 2044 hoc
359 1987 662 2043 necessaria
687 1986 1116 2056 respondendum
1144 1994 1316 2052 erant,
1349 1986 1408 2041 in
1425 2000 1589 2042 unum
1610 1984 1721 2040 col-

138 2079 398 2151 ligebam.
450 2076 705 2133 Ludovici
759 2076 903 2133 enim
956 2077 1101 2149 regis
1155 2078 1439 2142 adventus,
1487 2075 1630 2145 quod
1666 2083 1720 2129 te

138 2174 282 2231 scire
328 2186 435 2227 non
477 2169 708 2239 ambigo,
760 2168 1047 2223 imminens
1092 2170 1337 2240 urgebat,
1383 2177 1441 2223 ut
1492 2169 1560 2223 ad
1603 2168 1721 2236 ejus

138 2260 542 2335 susceptionem
584 2258 832 2330 occupati
860 2272 1125 2314 essemus.
1168 2258 1279 2313 Nec
1306 2260 1417 2330 jam
1448 2258 1601 2313 licuit
1628 2273 1716 2313 se-

143 2350 527 2409 curzelectioni
560 2351 827 2412 insistere,
856 2348 1070 2419 quando
1113 2338 1231 2417 ipse‘
1268 2364 1325 2403 se
1349 2349 1560 2403 animus
1600 2362 1721 2403 sen-

145 2438 386 2497 tiebatin
418 2439 611 2494 multas
639 2447 821 2507 partes
848 2438 1097 2493 divisum.
1132 2436 1236 2492 Sed
1258 2438 1380 2507 quia
1411 2438 1482 2491 tui
1520 2437 1719 2492 amoris

140 2533 325 2589 fervor
346 2546 431 2585 me
455 2531 545 2584 tibi
574 2544 763 2601 parere
783 2530 948 2601 cogit,
965 2528 1249 2583 mundanis
1272 2527 1719 2582 sollicitudinibus

142 2622 481 2692 temperatis,
514 2631 772 2690 quantum
824 2620 1087 2691 fragilitas
1136 2621 1385 2674 humana:
1422 2619 1618 2674 mentis
1646 2618 1720 2673 si-

140 2713 327 2773 nebat,
349 2711 685 2781 ponssimum
717 2720 817 2765 tuae
836 2711 1141 2766 consentire
1168 2710 1505 2765 decrevimus
1531 2711 1719 2764 volun-

141 2802 261 2855 tati.
297 2802 533 2867 Quorum
565 2800 920 2870 capitulorum
949 2800 1063 2855 inec
1091 2798 1193 2853 fuit
1215 2798 1403 2856 series.

210 2892 251 2946 l.
277 2891 461 2947 Primo
490 2891 860 2963 interrogabas
888 2891 1015 2961 quid
1040 2891 1105 2946 de
1132 2905 1199 2948 eo
1233 2890 1542 2946 faciendum
1572 2897 1717 2944 esset

140 2983 236 3053 qui
282 2982 554 3037 hominem
580 2981 946 3037 Christianum
988 2979 1323 3037 sollicitando
1369 2978 1581 3033 furatus
1604 2978 1717 3035 fue-

141 3074 234 3137 rit,
265 3080 322 3127 et
361 3073 413 3126 in
454 3087 717 3142 paganam
763 3083 974 3142 gentem
1023 3070 1282 3125 tradendo
1335 3069 1653 3133 vendiderit,
1684 3086 1713 3123 a

1820 1896 1979 1951 modo
2008 1896 2267 1965 probatur
2294 1894 2447 1966 (Can.
2483 1895 2596 1966 20).
2631 1916 2648 1948 ι
2681 1897 2755 1951 De
2789 1900 3104 1954 mulieribus
3150 1917 3268 1970 qua:
3291 1901 3389 1956 for-

1818 1986 2070 2039 nicantnr
2094 1993 2150 2041 et
2171 1994 2361 2054 partus
2385 2000 2512 2040 suos
2536 1994 2752 2051 necant,
2780 1987 2860 2041 vel
2886 2004 3005 2057 qua:
3032 1998 3195 2058 agunt
3216 2005 3397 2045 secum

1818 2085 1877 2130 ut
1900 2086 2053 2131 utero
2080 2083 2372 2145 conceptus
2416 2077 2722 2130 excutiatur
2749 2092 2764 2130 :
2796 2079 3013 2147 antiqua
3053 2080 3266 2148 quidem
3304 2081 3393 2136 dc-

1820 2168 1993 2223 fhtitio
2022 2183 2191 2239 usque
2234 2168 2300 2221 ad
2342 2166 2589 2221 ultimum
2614 2168 2734 2222 vita:
2760 2183 2855 2224 eas
2884 2170 2949 2223 ab
2971 2170 3197 2225 ecclesia
3221 2185 3399 2225 remo-

1818 2268 1927 2313 vet.
1952 2258 2251 2313 Humanius
2279 2267 2459 2312 autem
2496 2273 2640 2313 nunc
2670 2258 2975 2325 definimus,
3008 2269 3066 2313 ut
3102 2261 3181 2315 eis
3214 2262 3397 2315 decem

1819 2355 2081 2403 mutorum
2129 2357 2339 2419 tempus
2364 2350 2659 2404 secundum
2685 2351 2936 2420 pratfixos
2982 2353 3179 2423 gradus
3223 2354 3397 2423 pa'ni-

1820 2439 2001 2493 tentize
2024 2437 2336 2509 largiamur.
2372 2458 2391 2491 ι
2421 2437 2525 2495 Sed
2545 2440 2631 2495 alii
2661 2440 2818 2496 trium
2851 2458 3111 2498 annorum
3138 2446 3400 2515 pomiten-

1821 2529 1951 2583 tiam
1976 2527 2281 2598 lmjusmodi
2312 2529 2549 2585 hominis
2570 2531 2890 2588 denuntiant
2914 2548 3034 2588 esse
3052 2535 3268 2600 debere,
3297 2535 3399 2591 hoc

1818 2621 2015 2690 estqui
2058 2619 2315 2675 infantem
2344 2620 2558 2675 incaute
2584 2622 2938 2691 oppresserit,
2964 2638 3211 2692 quorum
3234 2640 3397 2678 unum

1818 2727 1883 2765 ex
1908 2712 1987 2766 eis
2008 2712 2188 2781 exigat
2208 2728 2329 2767 cum
2358 2726 2495 2781 pane
2525 2721 2578 2767 et
2600 2727 2757 2781 aqua,
2787 2713 3162 2769 abstineataue
3187 2716 3255 2771 ab
3277 2731 3398 2771 om-

1819 2800 1872 2855 ni
1900 2800 2113 2855 luxuria
2142 2810 2381 2870 tempore
2406 2800 2739 2870 ptenitentize
2765 2816 2895 2856 sum.

1887 2891 1970 2947 ill.
2016 2892 2091 2946 De
2134 2906 2201 2947 eo
2234 2906 2363 2946 vero
2407 2891 2496 2961 qui
2530 2890 2740 2946 viduam
2776 2893 3004 2963 proximi
3051 2894 3137 2947 sui
3184 2893 3234 2947 in
3266 2908 3394 2949 con-

1810 2988 2020 3060 jugium
2048 2984 2224 3051 duxit,
2265 2984 2392 3038 illud
2428 2984 2874 3039 considerandum
2910 2994 3014 3049 est,
3045 2994 3208 3055 quota
3238 3001 3391 3056 gone.

1817 3078 2028 3133 ratione
2074 3076 2186 3147 ipsa
2238 3074 2505 3129 connubia
2560 3074 2705 3128 inter
2736 3074 3066 3145 propinquos
3105 3074 3218 3128 fieri
3274 3090 3398 3143 pos-

139 3163 341 3232 quibus
369 3162 508 3215 ultra
549 3161 638 3216 ille
678 3161 925 3217 venditus
966 3176 1025 3217 se
1055 3175 1246 3215 emere
1286 3174 1391 3214 non
1420 3160 1606 3229 possit.
1636 3159 1717 3213 Ad
1744 3149 1788 3211 C
1821 3177 1966 3233 sum,
2030 3174 2085 3222 ει
2136 3166 2215 3220 sic
2264 3168 2331 3220 de
2391 3174 2619 3236 utroque
2673 3180 2804 3220 sexu
2865 3166 3126 3236 judicium
3186 3183 3397 3235 acquum

140 3254 287 3322 quod
316 3259 441 3305 tunc
484 3251 577 3305 tibi
618 3251 890 3319 respondi,
932 3251 1278 3305 homicidium
1309 3261 1517 3303 reatum
1542 3252 1715 3319 ipsum

138 3343 415 3401 hominem
451 3342 551 3399 sibi
580 3342 898 3397 contrahere
948 3340 1079 3396 mihi
1120 3340 1288 3395 vnderi
1339 3340 1492 3408 Quod
1530 3350 1585 3395 et
1626 3355 1719 3411 po-

136 3445 277 3501 stca,
316 3433 499 3502 legens
539 3430 773 3485 divinam
812 3431 1145 3486 sanctionem
1187 3431 1239 3484 in
1271 3430 1713 3499 Denteronomio,

137 3527 211 3581 ita
241 3522 553 3595 probavisse
578 3522 772 3591 reperi,
798 3536 917 3575 cum
942 3521 1221 3575 homicida
1244 3529 1297 3575 et
1318 3518 1422 3574 furi
1446 3522 1716 3576 hominem

138 3612 417 3676 vendenti,
440 3626 622 3682 parem
654 3610 901 3665 vindicta:
946 3609 1161 3665 modum
1188 3610 1547 3680 imposuisset.
1582 3610 1715 3665 Nam

141 3707 286 3763 sicut
334 3705 405 3759 ibi
439 3704 635 3773 legitur
661 3701 836 3772 (Deut.
868 3700 981 3770 xxx)
1017 3719 1035 3751 (
1071 3701 1306 3755 animam
1343 3716 1441 3775 pro
1478 3701 1655 3755 anima
1692 3720 1710 3751 ι

140 3797 465 3854 homicidam
512 3794 707 3848 debere
760 3793 1007 3856 reddere,
1056 3810 1074 3841 ι
1115 3790 1327 3845 oculum
1383 3806 1483 3860 pro
1536 3791 1714 3856 oculo,

143 3912 161 3941 ι
209 3890 423 3944 dentem
453 3900 551 3957 pro
592 3885 772 3947 dente,
812 3899 1025 3937 manum
1062 3896 1159 3952 pro
1186 3896 1370 3945 manu,
1400 3881 1589 3951 pedem
1620 3896 1717 3950 pro

143 4004 159 4033 ι
209 3980 377 4051 pede;
421 3996 439 4028 ι
472 3977 549 4031 sic
594 3983 649 4030 et
697 3974 871 4043 ipsum
920 3972 1188 4027 hominem
1220 3971 1311 4041 qui
1351 3972 1719 4041 deprehensus

141 4070 305 4125 fuerit
358 4066 675 4121 sollicitasse
705 4064 922 4117 fratrem
970 4077 1129 4117 suum
1172 4058 1401 4116 de'filiis
1452 4060 1637 4123 Israel,
1664 4068 1719 4114 et

138 4158 444 4215 vendidisse
488 4153 799 4225 accipiendo
847 4151 1265 4223 pretium,jubct
1307 4150 1629 4214 interficere,
1664 4158 1720 4203 et

141 4251 213 4303 ita
243 4246 456 4313 auferre
483 4244 679 4299 malum
711 4242 776 4297 de
808 4241 983 4296 medio
1010 4240 1190 4310 p0puli
1215 4240 1307 4295 Dei
1335 4239 1512 4311 (Deut.
1546 4235 1715 4309 xxiv).

144 4340 298 4396 Unde
345 4337 473 4390 mihi
519 4336 747 4398 videtur,
794 4332 932 4387 sicut
958 4347 1056 4401 par
1092 4331 1356 4385 sententia
1396 4330 1449 4383 in
1494 4329 1609 4401 lege
1638 4330 1719 4383 di—

142 4434 265 4486 vina
296 4437 376 4483 cst
418 4427 709 4481 constituta
740 4426 805 4477 de
845 4422 1112 4481 homicida
1174 4430 1228 4476 et
1280 4422 1397 4475 fure
1441 4421 1713 4477 hominem

1821 3254 2129 3325 agendum:
2163 3252 2288 3321 quia
2332 3251 2419 3305 alii
2471 3252 2626 3307 tertia
2676 3251 2759 3306 vel
2809 3262 3003 3321 quarta
3052 3254 3398 3324 generatione

1820 3346 1921 3400 hoc
1955 3342 2070 3399 ﬁeri
2111 3356 2268 3413 posse
2302 3339 2659 3409 judicabant:
2706 3340 2795 3395 alii
2823 3342 3035 3411 quinta,
3082 3341 3172 3396 alii
3222 3352 3392 3398 sexta.

1821 3434 1927 3489 Sed
1968 3433 2097 3489 illud
2123 3433 2195 3487 ibi
2226 3432 2493 3502 prmcipue
2533 3431 2980 3488 considerandum
3010 3442 3109 3494 est,
3142 3434 3284 3502 quod
3314 3433 3398 3489 lex

1821 3523 2000 3578 divina
2030 3521 2152 3576 inde
2180 3521 2478 3590 praecipiat,
2519 3534 2681 3589 super
2703 3535 2809 3589 quo
2838 3520 3069 3589 capitulo
3103 3520 3398 3578 liuntberto

1818 3615 2069 3684 episcopo
2095 3612 2391 3667 sciscitanti
2416 3609 2526 3679 jam
2556 3611 2949 3681 respondimus.
2973 3612 3137 3683 Cujus
3166 3628 3397 3683 respon-

1818 3705 1987 3760 sionis
2036 3702 2317 3757 formulam
2347 3702 2511 3757 etiam
2550 3717 2691 3756 nunc
2729 3702 2823 3755 tibi
2862 3702 3179 3757 direximus.
3229 3702 3397 3757 Mani-

1822 3794 2015 3850 festum
2040 3801 2124 3849 est
2144 3793 2286 3847 enim
2310 3791 2453 3862 quod
2494 3791 2633 3846 sacri
2672 3806 2904 3845 canones
2933 3791 2981 3844 ei
3006 3793 3288 3847 anathema
3312 3794 3397 3848 di-

1820 3890 1972 3947 cunt,
2002 3883 2095 3952 qui
2131 3881 2197 3937 de
2223 3882 2437 3951 propria
2468 3880 2804 3951 cognatione,
2844 3880 2927 3935 vel
2954 3897 3112 3951 quam
3141 3892 3396 3953 cognatus

1820 3972 2028 4036 habuit,
2058 3971 2273 4049 duxerit
2313 3985 2560 4025 exorent.
2589 3970 2655 4023 Et
2682 3969 2801 4026 ideo
2831 3970 2901 4024 ibi
2932 3985 3141 4025 summa
3164 3980 3245 4027 est
3270 3988 3397 4027 cau-

1821 4062 1925 4117 tela
1954 4060 2200 4117 babenda
2252 4080 2266 4115 :
2326 4075 2391 4115 ne
2420 4060 2558 4115 forte
2607 4077 2707 4131 pro
2760 4061 2950 4115 incesti
3000 4077 3138 4116 noxa
3192 4072 3396 4118 arterna

1820 4150 2100 4206 damnatio
2137 4159 2415 4220 sequatur.

1889 4239 1978 4295 iV.
2020 4238 2182 4295 Deeo
2219 4246 2399 4293 autem
2440 4238 2582 4308 quod
2624 4238 3014 4308 interrogabas,
3047 4239 3091 4293 si
3139 4248 3292 4309 pater
3336 4250 3386 4294 et

1820 4330 1983 4397 filius,
2028 4331 2112 4393 vel
2143 4331 2189 4386 si
2221 4331 2326 4385 duo
2363 4329 2577 4394 fratrea,
2626 4338 2719 4383 aut
2768 4330 3064 4384 avunculus
3108 4342 3160 4385 et
3206 4346 3392 4400 nepos,

1818 4437 1941 4475 cum
1989 4435 2095 4475 una
2132 4419 2354 4474 muliere
2396 4417 2808 4485 fernicarentur,
2841 4419 2967 4490 quid
3020 4419 3143 4473 inde
3196 4420 3395 4474 facien-

142 4522 427 4583 vendcntc,
454 4519 530 4572 sic
561 4527 616 4571 et
645 4516 900 4571 canonica
929 4514 1249 4568 auctoritate
1272 4512 1387 4582 pari
1422 4513 1577 4567 modo
1602 4513 1715 4581 plc-
1746 4502 1793 4560 υ
1819 4512 1944 4567 dum
1992 4520 2135 4567 esset
2168 4528 2181 4564 :
2230 4508 2572 4564 manifestum
2622 4519 2728 4575 est,
2773 4511 2913 4580 quod
2958 4512 3105 4581 gravi
3161 4511 3393 4565 vindicta

141 4609 399 4667 ctendnm
430 4622 546 4661 esse
573 4606 663 4674 qui
690 4604 908 4658 fratrem
935 4602 1160 4658 iurando
1186 4611 1346 4672 atque
1379 4600 1714 4655 sollicitando

143 4699 465 4759 vendiderit,
484 4705 538 4748 ct
562 4695 709 4748 illum
733 4693 823 4763 qui
843 4692 1146 4761 proximum
1170 4707 1324 4746 suum
1352 4689 1713 4744 Christianum

142 4791 418 4849 hominem
444 4786 638 4855 injuste
667 4784 986 4854 peremerit;
1030 4790 1170 4837 eteo
1204 4782 1437 4853 gravius,
1462 4794 1567 4849 quo
1592 4794 1713 4833 Cliti]

145 4884 199 4935 in
231 4890 494 4949 paganum
523 4881 736 4944 gentem
786 4868 1087 4935 tradiderit,
1122 4885 1220 4926 nec
1250 4871 1315 4924 de
1366 4868 1561 4922 anima:
1605 4882 1714 4922 sua:

145 4975 305 5028 ruina
340 4968 497 5022 ullam
526 4965 950 5035 eompassionem
978 4962 1248 5016 habuerit.
1275 4962 1333 5015 ln
1357 4960 1584 5016 concilio
1610 4959 1711 5012 An-

146 5077 355 5135 cyrano
383 5060 457 5114 ita
485 5057 743 5127 scriptum
771 5064 855 5111 est
879 5054 1031 5124 (Can.
1059 5052 1151 5119 2|,
1174 5052 1265 5124 22)
1295 5073 1307 5107 :
1345 5073 1362 5103 ι
1397 5052 1494 5119 Qui
1528 5052 1717 5105 volun-

150 5154 289 5209 tarie
316 5147 665 5204 homicidium
705 5144 950 5207 fecerint,
982 5143 1312 5213 pmnitenliae
1334 5142 1546 5211 quidem
1583 5141 1718 5211 iugi-

150 5258 234 5299 ter
255 5257 314 5296 se
339 5238 675 5301 submittant,
702 5235 1079 5305 perfectionem
1113 5248 1238 5287 vero
1268 5233 1413 5286 circa
1454 5231 1614 5285 finem
1643 5230 1719 5283 vi-

152 5346 219 5387 ne
249 5335 667 5397 consequantur.
696 5327 770 5380 De
798 5323 1098 5377 homicidiis
1123 5339 1226 5375 non
1252 5332 1441 5391 sponte
1467 5322 1721 5376 commis-

150 5425 245 5485 sis,
281 5418 431 5488 prior
455 5416 670 5485 quidem
693 5413 931 5469 definitio
958 5422 1078 5482 post.
1109 5421 1419 5482 septennem
1448 5412 1715 5483 ptenitcn-

153 5515 283 5567 tiam
315 5506 698 5576 perfectionem
724 5504 979 5574 consequi
1030 5502 1303 5573 prmccpit,
1336 5502 1571 5556 secunda
1592 5515 1721 5555 vero

150 5596 505 5672 quinquennii
535 5606 743 5665 tempus
765 5594 998 5663 explere.
1032 5614 1048 5644 ι
1079 5591 1183 5647 Sed
1223 5594 1275 5646 in
1312 5592 1560 5647 omnibus
1578 5592 1716 5662 judi-

151 5693 252 5746 riis
284 5687 631 5747 temperanda
679 5694 761 5740 est
789 5684 1050 5741 sententia
1076 5683 1229 5753 juxta
1276 5681 1625 5736 intentionem
1668 5688 1724 5736 et

1817 4602 2157 4672 plectendum
2184 4601 2310 4666 erit,
2336 4600 2477 4670 quod
2506 4614 2668 4668 grave
2691 4598 2899 4655 facinus
2919 4615 3039 4654 esse
3071 4601 3389 4670 reperiatur.

1816 4688 2005 4745 Omnis
2033 4688 2174 4741 enim
2205 4687 2433 4741 mu‘ehia
2472 4687 2811 4753 interdicitur
2844 4688 2931 4741 ubi
2963 4689 3222 4758 scriptum
3266 4700 3349 4744 est
3376 4707 3386 4741 :

1823 4796 1841 4829 ι
1870 4776 1983 4831 Νοιι
2012 4775 2387 4831 mtechaberis.
2431 4794 2449 4827 ι
2504 4775 2715 4841 Quanto
2760 4778 2931 4847 magis
2978 4792 3097 4832 cum
3139 4789 3390 4848 cognata.

1818 4866 1904 4922 vel
1934 4882 2053 4921 cum
2083 4865 2337 4936 conjuge,
2369 4864 2453 4917 vel
2496 4865 2793 4919 concubina
2842 4868 3088 4935 cognati!
3118 4868 3258 4933 Quid
3299 4883 3394 4921 au-

1826 4967 1932 5013 tem
1973 4956 2227 5012 Dominus
2276 4955 2328 5008 iu
2378 4954 2494 5025 lege
2541 4954 2595 5008 in
2642 4956 2878 5010 vindicta
2921 4955 3105 5010 talium
3148 4957 3391 5027 jusserit,

1823 5048 1960 5102 liber
2006 5046 2277 5100 Leviticus
2340 5044 2692 5111 demonstrat,
2748 5046 2837 5099 ulti
2888 5046 2961 5100 ita
3013 5047 3269 5115 scriptum
3310 5057 3397 5101 est

1824 5134 2011 5208 (Lavit.
2037 5135 2126 5205 xx)
2156 5153 2168 5187 :
2204 5154 2222 5184 ι
2255 5133 2311 5189 Si
2363 5133 2660 5188 mmebatus
2688 5134 2851 5189 fuerit
2890 5135 3009 5203 quis
3053 5150 3175 5189 cum
3226 5152 3394 5191 uxme

1830 5246 1848 5280 ι
1880 5226 2120 5291 alterius,
2170 5233 2226 5279 et
2262 5224 2583 5278 adulterium
2637 5224 3022 5293 perpetravcrit
3073 5239 3194 5278 cum
3258 5240 3390 5280 con-

1828 5336 1846 5369 ι
1873 5316 2001 5386 juge
2060 5314 2291 5386 proximi
2333 5315 2455 5368 sui:
2487 5322 2661 5367 morte
2695 5314 2955 5367 moriatur
2981 5322 3033 5366 et
3060 5314 3300 5369 mmehus
3338 5325 3392 5370 et

1828 5404 2137 5460 «adultera.
2187 5403 2285 5468 Qui
2311 5403 2587 5457 dormierit
2628 5417 2752 5457 cum
2784 5418 3013 5456 noverca
3059 5417 3174 5465 sua,
3216 5412 3270 5457 ct
3309 5419 3391 5457 re-

1828 5518 1845 5549 ι
1879 5496 2137 5551 velaverit
2164 5494 2510 5565 ignominiam
2551 5494 2719 5563 patris
2756 5493 2863 5556 sui,
2896 5502 3066 5547 mcrte
3093 5494 3394 5548 moriantur

1830 5611 1848 5642 ι
1883 5589 2041 5643 ambo
2080 5608 2097 5658 ;
2127 5585 2345 5656 sanguis
2376 5600 2562 5639 eorum
2598 5585 2667 5639 sit
2697 5599 2860 5654 super
2894 5598 3005 5637 eos.
3040 5581 3096 5636 Si
3122 5584 3241 5653 quis
3266 5586 3394 5638 dor-

1833 5700 1849 5729 ς
1886 5676 2067 5732 inierit
2115 5689 2235 5731 cum
2282 5688 2417 5726 nuru
2469 5688 2563 5728 sua
2592 5713 2607 5738 ,
2663 5681 2885 5741 uterque
2932 5670 3213 5730 mariatur.
3270 5672 3394 5735 quia
