3924 6370
513 407 645 463 ἀιοι

1182 404 1242 459 Β.
1281 402 1534 459 [MBAN
1572 403 1790 458 .liAlIRl
1828 399 2144 457 ARCIilfﬁP.
2185 399 2492 460 MOGUNT.
2534 400 2818 459 OPERUM
2856 403 3035 461 PAllS
3069 406 3130 460 ll.

3633 415 3744 470 i193

498 538 517 572 ι
551 517 724 574 scelus
755 525 962 589 operati
995 524 1119 572 sunt
1149 534 1163 570 :
1195 516 1415 586 sanguis
1441 530 1628 570 eorum
1660 514 1730 570 sit
1768 527 1930 584 super
1958 527 2070 567 eos.
2104 515 2156 574 Λ
2182 511 2380 565 malum
2411 520 2494 566 est
2515 513 2638 578 hoc,
2663 515 2808 584 quod
2839 514 3033 568 mulier
3071 515 3284 572 duobus.
3316 522 3584 586 nupserit,
3620 530 3669 575 et
3696 524 3744 576 il-

497 627 515 660 ι
548 608 651 676 Qtti
695 623 859 679 supra
907 622 1130 661 uxorem
1181 604 1368 670 filiam,
1413 604 1630 660 duxerit
1675 612 1906 658 matrem
1945 603 2082 672 ejus,

497 718 514 750 ι
543 698 720 754 scelus
763 706 1017 766 operatus
1044 706 1152 762 est,
1203 695 1361 751 vivus
1405 695 1622 750 ardebit
1663 709 1784 750 cum
1832 694 1934 758 eis,
1986 709 2085 749 nec

497 806 516 840 ι
548 787 886 860 permanebit
911 796 1119 842 tantum
1145 785 1296 860 nefas
1323 786 1377 840 in
1408 785 1583 840 medio
1623 785 1813 839 vestri.
1858 783 1960 850 Qui
1993 800 2084 838 ac-

496 897 514 928 c
545 878 750 948 cepe-rit
779 892 1020 931 sororem
1053 891 1205 931 suam
1240 875 1403 930 ﬁliam
1438 876 1608 946 patris
1654 875 1758 940 sui,
1786 872 1874 928 vel
1915 873 2080 928 filiam

496 983 516 1018 ι
547 967 737 1022 matris
760 982 890 1033 sum,
916 975 971 1022 et
1009 966 1204 1021 viderit
1262 965 1652 1036 turpitudinem
1695 963 1830 1033 ejus,
1883 963 2082 1034 illaque

498 1059 893 1128 «conspexerit
945 1059 1132 1113 fratris
1182 1058 1534 1128 ignominiam
1585 1075 1597 1110 :
1648 1055 1916 1111 nefariam
1966 1069 2080 1109 rem

497 1167 514 1200 ι
543 1149 750 1218 operati
794 1157 943 1213 sunt,
981 1149 1300 1204 occidentur
1344 1148 1502 1203 ambo
1547 1149 1599 1202 in
1647 1157 1941 1217 conspectu
1983 1161 2080 1216 po-

497 1257 514 1290 t
550 1239 681 1310 puli,
711 1254 778 1294 eo
811 1241 955 1310 quod
1003 1240 1389 1311 turpitudinem
1424 1254 1579 1293 suam
1635 1247 1823 1292 mutuo
1874 1237 2080 1292 revela-

493 1351 513 1382 ‹
546 1330 748 1397 verint,
771 1338 828 1386 et
851 1331 1144 1402 portalmnt
1169 1331 1507 1400 iniquitatem
1545 1345 1717 1384 suam.
1765 1327 2078 1398 Turpitudi-

495 1441 513 1471 ι
548 1437 670 1476 nem
706 1421 1011 1477 matertera:
1048 1430 1103 1476 et
1135 1422 1315 1475 amite
1358 1430 1461 1475 tua:
1507 1436 1615 1474 non
1662 1418 2029 1487 discoopcries
2061 1435 2074 1448 ·

495 1528 514 1560 σ
544 1512 636 1582 qui
684 1511 787 1567 hoc
829 1510 1036 1575 fecerit,
1067 1510 1419 1581 ignominiam
1449 1510 1632 1564 carnis
1677 1524 1787 1563 sua:
1832 1508 2075 1572 nudabit,

496 1619 514 1652 ς
551 1602 844 1670 portabunt
899 1602 1059 1656 ambo
1116 1601 1464 1670 iniquitatem
1515 1614 1689 1653 suaet.
1739 1598 1841 1666 Qui
1883 1597 2078 1653 coierit

492 1712 512 1744 α
547 1709 670 1748 cum
701 1708 869 1748 uxore
898 1692 1075 1763 patrui
1107 1691 1189 1746 vel
1220 1691 1470 1746 avunculi
1507 1690 1612 1755 sui,
1661 1699 1718 1744 et
1756 1689 2077 1743 revelaverit

491 1803 512 1834 ι
551 1781 896 1854 ignominiam
922 1781 1263 1852 cognationis
1295 1795 1426 1846 sum,
1467 1780 1758 1851 portabunt
1790 1780 1950 1834 ambo
1977 1779 2079 1834 ini-

491 1892 512 1926 ‹
540 1873 800 1944 quitatem
822 1889 992 1936 suam,
1029 1873 1233 1942 absque
1261 1871 1449 1926 liberis
1488 1872 1806 1927 merientur.
1852 1869 1955 1938 Qui
1980 1869 2078 1925 du-

491 1981 511 2016 t
542 1962 687 2017 xerit
723 1977 949 2019 uxorem
991 1962 1178 2019 fratris
1213 1963 1319 2027 sui,
1348 1978 1460 2017 rem
1495 1962 1624 2017 facit
1660 1962 1923 2028 illicitum,
1959 1971 2075 2018 tur-

491 2070 511 2105 ι
545 2051 850 2124 pitudinetn
902 2051 1087 2108 fratris
1149 2053 1230 2108 sui
1299 2052 1560 2107 revelavit
1619 2069 1632 2105 :
1696 2053 1901 2124 absque
1957 2052 2078 2108 filiis

493 2162 512 2196 ι
541 2151 726 2198 erunt.
761 2162 780 2195 ι
831 2143 927 2199 His
963 2144 1108 2198 enim
1145 2142 1366 2212 iudieiis
1389 2151 1539 2214 patet
1559 2152 1820 2213 quantum
1850 2143 2077 2198 Domino

487 2231 773 2302 displiceat
809 2233 988 2289 omnis
1033 2233 1272 2288 incestus
1311 2241 1368 2288 et
1407 2233 1633 2302 pollutio
1659 2232 1834 2288 coitus
1881 2232 2073 2299 illiciti,

485 2323 612 2392 quia
669 2323 862 2379 mortis
908 2321 1113 2393 iudicio
1164 2323 1472 2394 bujusmodi
1516 2322 1694 2379 scelus
1743 2322 2075 2394 puniendum

487 2426 606 2465 esse
628 2409 914 2478 judicavit.
958 2409 1067 2467 Nec
1097 2413 1242 2467 enim
1290 2412 1460 2467 filium
1506 2427 1633 2468 eum
1673 2429 1842 2470 uxore
1879 2413 2072 2485 patris,

487 2514 592 2556 nec
615 2509 826 2571 patrem
854 2517 980 2556 cum
1006 2516 1176 2556 uxore
1208 2501 1302 2556 filii
1348 2501 1475 2557 licet
1520 2503 1896 2569 concumbere,
1948 2504 2095 2574 quia,

486 2585 727 2643 dormire
753 2603 878 2644 cum
908 2604 1140 2644 noverca
1167 2605 1263 2645 seu
1293 2606 1415 2646 cum
1452 2606 1594 2646 nuru
1635 2591 1930 2661 prohibuit.
1969 2591 2075 2648 Sed

485 2688 662 2745 neque
698 2677 897 2732 ducere
925 2692 1149 2733 uxorem
1190 2679 1376 2734 fratris
1423 2680 1694 2747 convenit,
1735 2682 1860 2753 quia
1891 2682 2076 2751 hujus-

487 2766 634 2820 ntodi
669 2766 875 2838 absque
899 2766 1022 2822 filiis
1049 2769 1188 2833 fieri,
1215 2769 1319 2826 hoc
1347 2780 1430 2827 cst
1453 2771 1642 2826 mortis
1668 2787 1791 2828 reus
1809 2788 1953 2838 esse,
1981 2772 2073 2845 ju-

485 2855 714 2911 dicatur.
743 2855 801 2912 Si
836 2858 977 2913 enim
1015 2858 1272 2914 Dominus
1297 2860 1349 2914 in
1373 2860 1491 2933 lege
1517 2863 1903 2933 turpitudinem
1929 2865 2076 2922 ince-

486 2956 603 3001 stus
628 2949 826 3005 .mortis
862 2950 1130 3005 sententia
1159 2951 1417 3007 vindicari
1455 2951 1641 3022 jussit,
1702 2956 1974 3024 quomodo
2015 2955 2074 3012 in

484 3037 798 3110 Evangelia,
843 3041 934 3096 ubi
976 3057 1187 3097 summa
1207 3040 1416 3111 justitia
1444 3054 1547 3110 est,
1586 3044 1924 3102 incestuosus
1961 3063 2076 3118 pa:-

488 3144 615 3182 nam
641 3130 853 3200 peccati
878 3129 1136 3203 effugiet?
1165 3133 1400 3188 maxime
1432 3149 1558 3190 cum
1581 3134 1655 3191 ibi
1683 3149 1844 3206 paena
1869 3143 2074 3207 tempo-

2190 597 2299 666 lud,
2329 616 2450 655 cum
2476 602 2561 655 vir
2591 603 2726 656 duas
2761 618 2957 656 uxores
2987 603 3224 667 duxerit,
3253 615 3348 660 aut
3375 616 3532 676 pater
3553 617 3607 663 et
3629 610 3744 670 filius

2187 689 2232 743 si
2258 704 2381 744 cum
2410 706 2516 746 una
2548 692 2774 747 muliere
2804 691 3051 747 fornicati
3097 692 3315 759 fuerint,
3355 705 3452 750 aut
3477 701 3746 757 avunculus

2185 787 2242 834 et
2269 794 2438 849 nepos
2475 781 2520 835 si
2545 796 2668 836 cum
2698 796 2807 835 una
2857 781 3084 836 muliere
3129 782 3490 849 dormierunt,
3539 798 3626 841 aut
3666 790 3744 844 ali-

2183 869 2313 939 quid
2358 869 2669 938 bujusmodi
2713 869 2916 926 factum
2963 871 3145 926 fuerit.
3195 873 3536 944 Quapropter
3569 878 3742 946 justum

2183 968 2286 1026 cst,
2327 971 2386 1016 ut
2412 962 2593 1016 taliter
2618 974 2933 1031 peccantes,
2965 976 3135 1032 usque
3184 964 3253 1016 ad
3303 969 3468 1019 finem
3496 967 3616 1022 vita:
3655 985 3746 1039 pm-

2181 1052 2462 1106 nitentiam
2498 1061 2678 1122 agant.
2713 1051 2827 1106 Nisi
2857 1051 2995 1107 forte
3044 1063 3267 1122 propter
3312 1055 3541 1109 nimium
3588 1056 3742 1115 fletum

2180 1149 2236 1198 et
2275 1144 2746 1213 cmnpunctionem
2792 1143 3047 1209 validam’,
3094 1146 3454 1214 devotamque
3502 1150 3741 1217 paeniten-

2181 1231 2310 1287 tiam
2357 1231 2560 1303 aliquitl
2595 1231 2888 1287 humanius
2931 1234 3184 1288 sacerdos
3231 1237 3373 1304 apud
3411 1239 3742 1305 ,pmniteutcm

2179 1326 2447 1394 agendum
2478 1337 2600 1377 esse
2640 1323 2903 1378 decrevit.
2934 1323 3070 1390 Quia
3114 1324 3269 1392 cujus
3309 1325 3571 1381 Ueniens
3596 1329 3743 1383 coria

2179 1412 2600 1482 compunctionc
2643 1411 3005 1484 lacryntarum
3051 1423 3107 1467 et
3149 1416 3514 1470 amaritulinc
3554 1416 3744 1472 fletuum

2179 1500 2503 1566 visitavcrit,
2550 1500 2708 1570 hujus
2736 1501 3012 1556 breviandi
3046 1512 3256 1574 tempus
3297 1506 3624 1574 poenitentia
3665 1525 3740 1578 p0-

2180 1599 2429 1646 testatem
2474 1593 2732 1647 sacerdos
2784 1592 3024 1654 habebit.
3078 1594 3217 1647 sicut
3273 1595 3535 1663 scriptum
3587 1606 3661 1651 est
3700 1600 3742 1652 iu

2178 1680 2494 1737 Laodicensi
2527 1681 2758 1738 concilio
2790 1682 2946 1755 (Cen.
2984 1683 3041 1750 2)
3069 1704 3082 1737 :
3114 1705 3131 1734 ι
3171 1683 3245 1738 De
3289 1686 3374 1739 bis
3423 1688 3518 1755 qui
3548 1688 3744 1743 diversis

2179 1770 2512 1828 facinoribus
2559 1783 2943 1844 peccaverunt,
2988 1782 3043 1829 ct
3087 1786 3504 1844 perseverantes
3553 1777 3602 1830 in
3645 1794 3744 1832 or.»

2107 1856 2154 1917 Β
2183 1865 2328 1921 tione
2356 1862 2716 1922 confessionis
2759 1875 2813 1922 et
2849 1867 3182 1938 pmnitentiac
3211 1870 3622 1925 conversionem
3667 1873 3743 1926 lia-

2177 1956 2345 2013 buere
2371 1959 2692 2030 perfectam,
2717 1976 2816 2030 pro
2846 1959 3108 2030 qualitate
3139 1960 3322 2017 delicti
3353 1978 3369 2016 :
3405 1962 3621 2028 talibus,
3644 1975 3744 2034 post

2176 2049 2510 2119 pmnitentia:
2543 2060 2758 2120 tempus
2798 2050 3121 2120 impensum,
3163 2059 3383 2120 propter
3419 2051 3742 2109 clementiam

2177 2149 2234 2194 et
2264 2139 2559 2196 bonitatem
2588 2140 2898 2196 communio
2939 2142 3287 2197 concedatur.
3325 2145 3346 2195 ὸ
3379 2141 3439 2198 lu
3481 2144 3744 2216 Ancyranu

2179 2244 2393 2300 quoque
2424 2230 2674 2297 concilio,
2718 2231 2786 2287 de
2811 2231 3074 2287 adulterio
3104 2232 3176 2287 ita
3211 2234 3473 2305 scriptum
3504 2246 3587 2290 est
3609 2235 3740 2306 (Ceu.

2178 2322 2362 2394 19);‹
2398 2320 2456 2379 Si
2515 2322 2670 2390 cujus
2722 2338 2858 2379 uxor
2910 2323 3152 2378 adultera
3190 2324 3372 2391 fuerit,
3429 2328 3512 2382 vel
3563 2328 3607 2382 si
3651 2329 3744 2398 ipse

2177 2411 2503 2470 adulterium
2545 2413 2901 2480 commiserit,
2936 2426 3144 2485 septem
3186 2433 3454 2472 annorum
3491 2419 3740 2494 pteniten-

2177 2505 2252 2559 tia
2275 2513 2488 2576 oportet
2539 2520 2663 2561 eum
2719 2505 3104 2577 perfectionem
3157 2509 3420 2579 consequi
3471 2513 3741 2566 secundum

2174 2594 2435 2666 pristinos
2460 2596 2679 2666 gradus.
2715 2613 2735 2648 ι
2782 2595 2951 2669 Igitur
2976 2597 3291 2655 Theodorus
3326 2599 3610 2669 judicavit,
3636 2618 3739 2658 eum

2175 2687 2266 2757 qui
2296 2687 2562 2744 incestum
2591 2687 2800 2757 fecerit,
2831 2689 3113 2746 duodecim
3160 2690 3320 2748 annis
3360 2695 3625 2763 ptenitere
3662 2695 3739 2749 dc-

2174 2778 2325 2836 bere.

2244 2866 2382 2938 Quid
2407 2877 2588 2926 autem
2611 2870 2734 2926 inde
2754 2871 2990 2926 sentiant
3019 2871 3196 2927 ueteri
3225 2871 3502 2939 doctores,
3531 2874 3584 2929 in
3609 2874 3738 2930 libet.

2175 2961 2244 3017 lis
2274 2975 2463 3016 eorum
2497 2977 2632 3033 quos
2666 2961 2733 3017 de
2757 2962 3074 3032 pmnitcntia
3107 2964 3556 3034 conscripserunt
3605 2965 3736 3020 iuve-

2173 3053 2292 3109 nire
2317 3054 2542 3124 poteris,
2571 3054 2689 3124 qui,
2721 3054 2813 3110 alii
2857 3055 3166 3124 quindecim
3209 3057 3388 3121 anuis,
3419 3056 3512 3112 alii
3558 3057 3734 3112 duode-

2176 3144 2282 3200 cim
2311 3145 2491 3212 annis,
2522 3145 2615 3200 alii
2650 3145 2863 3210 decem,
2916 3146 3005 3201 alii
3048 3157 3279 3216 septem.
3331 3147 3399 3203 de
3450 3147 3734 3217 hujusmodi

484 3220 614 3276 ralis
637 3221 966 3286 decernitur,
1006 3223 1096 3278 hic
1137 3223 1381 3293 gcbeuna
1423 3225 1563 3297 ignis
1607 3226 1850 3298 perpetui
1873 3229 2071 3298 pratdi-
2100 3211 2146 3274 θ
2177 3235 2472 3291 sceleribus
2526 3235 2909 3306 iudicaverunt
2975 3211 3364 3308 paenitudinem
3416 3211 3731 3311 explendam.

486 3313 652 3368 ritur.

553 3424 728 3492 Quam
768 3425 1148 3483 discretionem
1195 3429 1438 3486 sentiens
1481 3428 1795 3501 Apostolus,
1845 3431 1914 3487 ad
1969 3431 2074 3487 He-

485 3512 660 3568 benus
687 3513 933 3569 scribens
979 3517 1054 3570 ait
1083 3515 1272 3585 (Hebr.
1308 3521 1401 3586 x):
1438 3538 1456 3568 ί
1492 3517 1706 3574 lrritam
1745 3518 1952 3584 faciens
1989 3520 2072 3577 le-

490 3628 508 3658 ¢
541 3623 660 3677 gem
694 3605 886 3678 Moysi,
911 3608 1027 3663 sine
1057 3609 1163 3664 ulla
1192 3610 1539 3665 miseratione
1579 3613 1679 3668 sub
1727 3614 1940 3669 duobus
1982 3613 2071 3670 vel

491 3716 509 3744 ι
540 3695 713 3749 tribus
754 3697 986 3752 testibus
1013 3699 1263 3752 moritur.
1295 3697 1507 3766 Quanto
1547 3702 1719 3773 magis
1744 3703 1945 3772 putatis
1971 3703 2069 3760 de-

493 3803 511 3834 ι
553 3784 753 3839 teriora
783 3787 979 3841 mereri
1021 3787 1303 3857 supplicia,
1335 3789 1426 3858 qui
1449 3788 1637 3843 Filium
1668 3789 1761 3845 Dei
1787 3790 2072 3847 conculca-

491 3895 511 3924 ι
548 3874 712 3940 verit,
739 3883 797 3928 ct
841 3875 1160 3947 sanguinem
1204 3877 1514 3933 testamenti
1543 3878 1804 3947 pollutum
1835 3880 2066 3946 duxerit,

490 3981 509 4011 ι
543 3960 595 4016 in
626 3977 733 4032 quo
775 3962 1146 4019 sanctificatus
1175 3972 1280 4030 est,
1306 3973 1362 4021 et
1395 3963 1620 4035 Spiritui
1663 3967 1849 4038 gratia:
1879 3979 2072 4024 contu-

491 4075 508 4102 ι
548 4052 763 4108 ineliam
807 4052 1034 4110 fecerit?
1076 4074 1095 4107 ι
1130 4054 1362 4112 Proinde
1390 4056 1543 4110 valde
1571 4059 1935 4114 necessarium
1963 4068 2067 4125 cst,

486 4150 546 4196 lil
566 4140 758 4196 durant
785 4141 976 4210 judicii
1013 4145 1336 4199 sententiam
1365 4145 1614 4216 mitigare
1640 4149 1852 4203 studeat
1877 4165 2070 4220 pecea-

486 4238 664 4284 torum
695 4246 792 4302 per
817 4233 1136 4304 eomliguam
1178 4235 1552 4304 poenitentiattt
1579 4253 1591 4290 :
1631 4251 1698 4291 ne
1731 4236 1870 4293 forte
1889 4239 2070 4295 scelus

486 4320 846 4376 incorrectum
891 4323 1025 4377 ultio
1071 4325 1258 4393 puniat
1317 4333 1596 4395 perpetua.
1648 4323 1802 4382 Unde
1849 4335 1955 4394 est,
2009 4336 2072 4384 ut

482 4406 720 4469 Joannes
746 4410 986 4481 Baptista
1029 4413 1082 4467 in
1130 4413 1421 4485 Evangelio
1466 4415 1652 4470 turbas
1699 4432 1821 4486 qua:
1848 4418 2070 4474 exibant

486 4506 547 4552 ut
572 4498 976 4568 baptizarentur
1002 4504 1071 4557 ab
1112 4519 1197 4567 eo,
1229 4502 1475 4558 hortatus
1514 4514 1620 4569 est,
1651 4506 1874 4560 dicens:
1914 4524 1934 4558 ι
1969 4505 2072 4563 Gc-

2175 3327 2281 3382 Scd
2318 3337 2373 3381 tu
2405 3327 2706 3396 priscorum
2737 3326 2959 3383 Patrum
2992 3328 3218 3398 vestigia
3247 3343 3513 3400 sequens,
3541 3330 3640 3385 illis
3661 3347 3734 3385 set

2172 3412 2238 3469 lis
2266 3415 2497 3483 spatium
2535 3423 2824 3486 temperes,
2857 3416 2949 3485 qui
2997 3416 3189 3471 devote
3233 3429 3288 3472 et
3335 3434 3463 3474 cum
3506 3420 3734 3490 lacrymis

2169 3505 2544 3576 pmnitcntiam
2574 3515 2821 3576 egerunt.
2866 3494 3058 3562 Creteri
3089 3518 3268 3564 autem
3299 3509 3578 3566 definitum
3620 3523 3736 3567 tem-

2169 3607 2270 3663 pus
2291 3594 2560 3662 expleant,
2585 3596 2709 3664 quia
2741 3595 2795 3650 in
2824 3594 3113 3653 Salomone
3136 3599 3397 3668 scriptum
3426 3609 3515 3656 est
3544 3616 3558 3655 :
3586 3623 3604 3654 ί
3645 3601 3732 3668 Qui

2176 3700 2196 3733 ι
2223 3683 2510 3738 abscondit
2535 3684 2739 3739 scelera
2785 3701 2906 3750 sua,
2953 3701 3061 3741 non
3114 3687 3416 3758 dirigetur:
3455 3692 3546 3761 qui
3576 3703 3730 3746 autem

2174 3789 2194 3823 ι
2229 3772 2508 3830 confessus
2554 3773 2718 3828 fuerit
2763 3783 2821 3829 et
2869 3775 3151 3846 reliquerit
3194 3793 3276 3843 ea,
3324 3779 3729 3836 misericordiam

2175 3879 2193 3912 ι
2227 3872 2588 3932 consequetur
2617 3862 2797 3936 (Prov.
2845 3868 3058 3936 xxvnt).
3093 3887 3112 3919 ι
3144 3867 3272 3925 Pius
3299 3878 3385 3926 est
3429 3871 3572 3926 enim
3609 3870 3730 3927 Deus

2169 3959 2223 4005 et
2257 3951 2604 4008 misericors:
2641 3953 2736 4010 sed
2770 3973 2790 4006 ε
2837 3956 3206 4014 misericordia
3249 3959 3370 4030 ejus
3416 3975 3449 4015 a
3500 3963 3730 4031 progenie

2175 4061 2193 4094 ‹
2227 4042 2279 4096 in
2324 4045 2609 4114 progenies
2637 4045 2954 4102 timentibus
2990 4063 3134 4103 eum.
3172 4049 3326 4106 Facit
3369 4054 3654 4122 potentiam
3682 4054 3728 4108 in

2175 4150 2194 4182 ι
2231 4132 2454 4188 brachio
2479 4149 2598 4200 suo,
2629 4134 2892 4207 dispergit
2922 4137 3185 4209 superbos
3230 4151 3412 4197 mente
3438 4145 3614 4198 cordis
3658 4143 3725 4199 sui

2175 4241 2194 4274 ι
2217 4221 2370 4293 (Luc.
2399 4223 2460 4294 t).
2499 4243 2518 4277 ι
2556 4245 2575 4278 ε
2606 4223 2706 4292 Qui
2731 4237 2913 4283 autem
2942 4230 3138 4285 mentis
3163 4233 3433 4297 estdurue,
3458 4246 3661 4289 corruet
3681 4235 3723 4289 in

2175 4330 2194 4365 ί
2230 4313 2449 4368 malum.
2503 4314 2569 4368 Et
2605 4314 2696 4384 qui
2726 4317 2964 4372 custodit
3000 4319 3337 4386 mandatum,
3368 4324 3599 4378 custodit
3631 4323 3723 4376 ani-

2175 4420 2193 4453 σ
2230 4417 2371 4456 main
2401 4417 2574 4458 suam.
2604 4404 2706 4471 Qui
2732 4413 2912 4461 autent
2944 4407 3167 4478 negligit
3195 4409 3312 4466 vias
3339 4426 3491 4477 suas,
3524 4410 3720 4466 mortiﬁ-

2175 4517 2194 4550 ι
2226 4496 2441 4553 cabitur
2467 4495 2649 4570 (Prov.
2677 4514 2879 4565 xxvnt;
2921 4498 3080 4556 Prov.
3107 4501 3243 4573 χιχ).
3280 4521 3300 4556 ι

492 4607 510 4639 ‹
542 4564 745 4642 nimiua
789 4590 1118 4660 viperarum,
1161 4594 1283 4662 quis
1326 4595 1562 4649 Ostendit
1611 4594 1762 4648 vobis
1807 4594 1994 4666 fugere
2037 4613 2070 4651 a

2243 4587 2306 4641 ν.
2368 4588 2444 4641 De
2475 4564 2653 4642 servo
2698 4564 2877 4643 autent
2941 4589 3031 4646 illo
3076 4591 3166 4661 qui
3204 4564 3420 4663 fugerit
3476 4595 3720 4648 dominum

491 4695 512 4728 ι
548 4685 775 4732 ventura
814 4680 929 4734 ira?
960 4680 1146 4736 Facite
1187 4697 1316 4752 ergo
1344 4683 1535 4753 dignos
1574 4682 1780 4738 fructus
1806 4685 2073 4754 perniten-

492 4789 512 4823 ι
547 4770 652 4832 tite,
687 4769 807 4842 jam
827 4772 971 4826 enim
999 4775 1207 4829 securis
1245 4774 1312 4827 ad
1342 4775 1575 4829 radicem
1614 4774 1868 4829 arborutn
1896 4775 2073 4846 posita

492 4876 512 4911 ι
546 4865 650 4913 est.
674 4857 862 4913 Omnis
881 4874 1011 4928 ergo
1032 4861 1197 4915 arbor
1225 4877 1331 4915 non
1364 4861 1566 4915 faciens
1591 4861 1823 4917 fructum
1849 4863 2069 4929 bonum,

491 4968 512 4999 ι
544 4945 822 5002 cscidetur
878 4957 932 5004 et
961 4949 1013 5003 in
1045 4949 1222 5021 ignem
1264 4951 1508 5004 mittetur
1546 4950 1698 5022 (Luc.
1723 4952 1826 5021 ut).
1863 4969 1881 5002 ι
1917 4950 2072 5007 Sacri

486 5046 668 5092 autent
706 5052 942 5094 canones
968 5040 1101 5109 quid
1143 5040 1209 5093 de
1249 5038 1566 5094 iucestuosis
1612 5039 1950 5110 prsecipiaut,
1991 5037 2070 5093 fa-

487 5128 590 5185 cile
613 5138 699 5186 est
741 5147 1059 5203 agnoscere.
1092 5131 1227 5187 Nam
1271 5133 1324 5188 in
1351 5131 1670 5188 Caésarieusi
1719 5133 1948 5188 concilio
1992 5135 2067 5189 ita

488 5222 747 5292 scriptum
777 5232 860 5279 est
891 5223 1046 5296 (Can.
1076 5224 1171 5298 2):
1207 5244 1226 5278 ‹
1258 5224 1447 5280 Mulier
1488 5224 1533 5279 si
1563 5223 1773 5280 duobus
1813 5224 2070 5279 fratribus

490 5314 753 5383 nupserit,
798 5315 1084 5384 alnjieiatur
1106 5332 1278 5387 usque
1304 5316 1372 5371 ad
1407 5324 1655 5371 mortem.
1687 5315 2067 5370 Verumtamen

492 5402 544 5457 in
576 5403 746 5469 exitu,
778 5415 984 5475 propter
1022 5406 1471 5471 misericordiam,
1495 5407 1539 5461 si
1580 5405 1889 5477 promiserit
1919 5406 2062 5474 quod

491 5489 636 5547 facta
668 5492 964 5557 incolumis,
1018 5495 1178 5564 hujus
1216 5495 1613 5565 coniunctionis
1637 5494 1847 5550 vincula
1874 5495 2067 5550 dissol-

490 5588 606 5645 vat,
631 5579 865 5636 fructum
895 5583 1225 5653 poenitentia:
1256 5595 1639 5654 consequatur.
1665 5582 1817 5650 Quod
1847 5584 1892 5637 si
1918 5582 2066 5638 defe-

491 5672 628 5726 cerit
660 5674 856 5730 mulier
880 5684 976 5731 aut
1012 5677 1095 5731 vir
1122 5678 1176 5731 in
1215 5675 1417 5730 talibus
1452 5675 1670 5746 nuptiis.
1702 5674 1933 5730 difficilis
1960 5674 2065 5728 erit

488 5765 803 5831 ptenitentia
826 5765 880 5824 in
907 5769 1014 5825 vita
1039 5769 1297 5826 manenti.
1328 5788 1348 5822 ι
1386 5767 1535 5825 Unde
1554 5776 1722 5839 patet,
1749 5766 1890 5840 quod
1913 5781 2066 5837 a-que

2170 4691 2328 4734 suum
2354 4679 2751 4751 intcrrogabas,
2783 4681 2828 4736 si
2856 4682 2946 4736 ille
2979 4683 3034 4738 in
3075 4683 3189 4754 ipsa
3214 4683 3335 4755 fuga
3365 4696 3606 4742 mortuus
3629 4686 3723 4741 fue-

2167 4768 2261 4832 rit,
2289 4779 2469 4824 utrum
2499 4769 2684 4824 liceret
2714 4786 2813 4840 pro
2854 4787 2920 4827 eo
2965 4773 3158 4828 missas
3183 4784 3429 4837 cantare,
3482 4787 3570 4831 aut
3607 4776 3723 4847 psal-

2172 4853 2398 4914 modias.
2446 4857 2558 4915 iloc
2589 4860 2640 4914 in
2672 4861 2868 4916 divinis
2908 4862 3060 4918 libris
3089 4878 3195 4918 non
3243 4865 3549 4920 invenimus
3573 4864 3727 4936 prohi-

2170 4949 2383 5004 bitum:
2430 4949 2524 5004 sed
2576 4958 2753 5024 tamen
2796 4951 2999 5006 scimus
3028 4953 3097 5007 ab
3142 4953 3402 5023 apostolis
3457 4952 3729 5010 fortissime

2165 5046 2512 5108 prmeeptum,
2542 5046 2601 5092 ut
2632 5056 2650 5089 ι
2685 5039 2827 5092 servi
2854 5039 3053 5093 subditi
3101 5040 3210 5094 sint
3261 5041 3313 5096 in
3357 5043 3508 5098 omni
3556 5045 3728 5097 timore

2168 5128 2430 5194 dominis,
2464 5144 2569 5183 non
2599 5138 2807 5184 tantum
2839 5130 2993 5185 bonis
3023 5138 3077 5185 et
3123 5131 3397 5192 modestis.
3446 5135 3540 5188 sed
3582 5135 3727 5188 etiam

2168 5220 2400 5291 dyscolis
2433 5218 2484 5292 (I
2512 5217 2629 5274 Pet.
2662 5219 2749 5291 tt),
2779 5240 2798 5272 ι
2829 5229 2886 5275 et
2912 5220 3227 5276 obcdientes
3252 5222 3357 5276 illis
3388 5223 3522 5278 fiant
3551 5224 3603 5279 in
3630 5240 3730 5278 um-

2168 5312 2345 5367 nilms.
2403 5311 2460 5366 In
2537 5327 2745 5367 canone
2793 5322 2974 5367 autem
3026 5311 3360 5384 Gangrcnsis
3408 5315 3620 5370 concilii
3667 5317 3728 5369 ita

2168 5404 2427 5475 scripturn
2454 5412 2538 5458 est
2565 5400 2706 5473 (can.
2730 5402 2824 5474 5):
2868 5423 2886 5454 ι
2939 5403 2996 5458 Si
3044 5404 3168 5474 quis
3213 5418 3427 5459 servum
3475 5407 3578 5462 sub
3613 5420 3732 5476 pne-

2168 5500 2317 5546 tcxtu
2339 5493 2505 5547 divini
2533 5493 2710 5548 cultus
2733 5495 2922 5548 doceat
2940 5492 3215 5549 dominum
3247 5505 3598 5552 contemnere
3623 5511 3730 5568 pro-

2167 5585 2367 5654 primu,
2416 5594 2473 5640 ut
2505 5585 2748 5640 discedat
2783 5585 2852 5640 ab
2886 5586 3006 5657 ejus
3049 5587 3334 5657 obsequio,
3385 5604 3486 5644 nec
3523 5591 3574 5644 ei
3621 5603 3732 5643 cum

2169 5674 2542 5730 benevolentia
2584 5683 2642 5730 et
2665 5675 2810 5730 omni
2863 5675 3067 5731 honore
3109 5676 3408 5745 deserviat,
3455 5679 3732 5756 anathema

2169 5764 2259 5820 sit.
2296 5785 2315 5816 ι
2349 5764 2501 5823 Unde
2523 5767 2678 5821 datur
2701 5765 2922 5837 intelligi
2950 5765 3094 5836 quod
3120 5769 3166 5824 si
3192 5768 3282 5827 ille
3316 5771 3606 5829 anathema
3634 5757 3736 5826 tite-
