3924 6326
191 421 331 479 1193

1434 419 1788 477 RESPONSA
1826 420 2183 476 CANONlCA.

3290 422 3425 479 HM

188 536 301 591 ruit
323 535 414 605 qui
438 535 593 590 docet
618 549 855 599 servum,
895 536 1165 589 dominum
1201 535 1473 604 proprium
1512 543 1755 588 contem-
1784 539 1831 595 Α
1858 544 1939 588 est
1968 534 2227 596 Ecclesia,
2259 532 2625 587 conventicula
2656 535 2942 589 constituta
2979 545 3119 596 sunt,
3164 544 3217 589 et
3247 548 3423 591 recto-

188 640 342 689 nere,
367 634 421 681 et
458 626 530 681 ab
554 626 670 693 ejus
696 628 959 697 obsequio
994 627 1286 680 recedere:
1339 634 1541 695 quanto
1590 626 1761 695 magis

187 713 273 770 ille
297 715 390 783 qui
409 715 683 769 dominum
705 731 859 770 suum
891 714 1114 782 spernit,
1142 721 1196 766 et
1217 713 1335 782 ejus
1360 714 1581 768 servitio
1604 713 1760 767 subdi

186 802 436 859 noluerit.
467 802 574 858 Sed
611 811 785 856 tamen
812 802 1067 857 distantia
1101 809 1184 855 est
1226 801 1367 855 inter
1390 814 1512 854 eum
1545 802 1635 871 qui
1663 816 1761 871 per

187 892 514 964 superbiam,
547 900 600 946 et
624 891 775 946 illum
797 892 888 961 qui
920 899 1139 962 propter
1176 889 1552 945 necessitatem
1603 889 1756 961 fugit,

184 994 405 1046 coactus
431 983 749 1041 crudelitate
789 985 990 1040 domini
1034 984 1136 1040 sui.
1184 983 1318 1039 Nam
1345 983 1511 1051 Agar,
1559 981 1759 1037 famula

183 1072 359 1141 Sam,
384 1072 565 1146 fugam
604 1073 745 1140 iniit,
775 1073 1042 1145 allligente
1068 1088 1187 1129 eam
1221 1072 1433 1127 domina
1476 1087 1572 1126 sua
1603 1090 1616 1125 :
1663 1071 1758 1126 sed

183 1165 375 1236 angelo
400 1168 719 1221 admonente
751 1175 809 1219 ut
835 1174 1214 1227 reverteretur,
1257 1172 1313 1217 et
1338 1162 1491 1218 ﬂeret
1520 1160 1756 1230 subjecta

183 1252 686 1317 dominatricisuaa,
727 1269 944 1308 reversa
983 1262 1067 1307 est
1113 1252 1182 1306 ad
1226 1251 1517 1306 dominam.
1569 1248 1660 1304 Sic
1703 1258 1758 1303 et

180 1340 467 1399 Onesimus
495 1356 684 1398 servus
732 1340 1060 1397 Philemonis
1101 1338 1285 1410 effugit
1325 1356 1355 1393 a
1392 1340 1608 1395 domino
1635 1352 1753 1401 suo,

183 1434 280 1491 sed
306 1433 473 1489 Paulo
516 1433 760 1504 apostolo
802 1434 1028 1487 docente
1056 1431 1283 1487 credidit
1309 1428 1543 1487 Christo.
1579 1438 1634 1484 et
1663 1428 1757 1483 ba-

182 1523 417 1592 ptizatus
436 1530 520 1578 est
592 1531 648 1577 et
675 1537 754 1578 sic
790 1535 889 1591 per
929 1519 1285 1591 patrocinium
1327 1519 1564 1590 Apostoli
1595 1518 1755 1573 resti-

184 1623 331 1670 tutus
362 1622 446 1670 est
467 1614 688 1689 proprio
711 1612 927 1669 domino
947 1626 1063 1668 suo.
1096 1610 1482 1665 Admonendus
1507 1616 1589 1663 est
1609 1608 1754 1663 enim

180 1720 370 1763 servus
413 1705 637 1777 quilibet
678 1704 951 1777 fugitivus,
989 1716 1083 1772 per
1108 1700 1290 1756 ﬁdeles
1325 1701 1595 1762 doctores,
1638 1698 1758 1752 ubi-

180 1809 393 1867 cunque
439 1797 625 1861 fuerit,
672 1804 734 1850 ut
780 1803 1085 1851 revertatur
1126 1791 1193 1847 ad
1238 1792 1511 1847 dominum
1558 1804 1751 1854 suum,

1862 639 1969 687 res,
1996 634 2051 678 et
2073 632 2266 679 cmtera
2293 623 2467 678 otllcia
2495 624 2738 680 ecclesiis
2768 635 2891 681 sunt
2913 628 3180 692 ordinata,
3212 638 3270 682 ut
3299 629 3423 683 nul-

1858 712 1942 767 lus
1966 713 2031 767 de
2057 712 2202 766 clero
2232 713 2470 777 auderet,
2509 714 2598 782 qui
2633 715 2911 769 ordinatus
2931 717 3050 769 non
3093 727 3260 782 esset,
3289 733 3427 788 prte-

1858 816 2072 858 sumere
2096 802 2325 858 cilicium
2356 806 2498 874 quod
2536 806 2699 858 sciret
2746 820 2857 859 non
2900 805 3000 859 sibi
3046 808 3308 862 creditum
3338 809 3424 865 vel

1857 910 2172 950 concessum
2201 914 2212 947 :
2244 904 2298 950 et
2328 898 2490 965 coapit
2516 895 2621 950 alio
2648 897 2833 952 ordine
2874 906 2929 951 et
2972 898 3301 965 providentia
3326 915 3426 969 gu-

1855 984 2073 1038 bernari
2120 984 2379 1039 Ecclesia.
2429 984 2578 1051 Quod
2628 987 2672 1040 si
2711 1002 2900 1041 omnes
2946 988 3132 1041 eadem
3184 1000 3422 1059 possent,

1856 1071 2220 1128 irrationabile
2247 1083 2410 1139 esset,
2451 1083 2506 1128 et
2532 1075 2766 1145 vulgaris
2800 1090 2888 1130 res
2916 1084 2971 1130 et
2997 1076 3249 1132 vilissima
3278 1079 3428 1135 vidc-

1857 1171 2024 1217 retur.
2057 1162 2195 1217 Hinc
2224 1178 2352 1233 ergo
2379 1172 2464 1218 est
2510 1166 2650 1219 unde
2700 1183 2841 1221 nunc
2883 1183 3056 1237 neque
3104 1169 3313 1225 diaconi
3370 1172 3425 1227 in

1855 1250 2051 1321 populo
2076 1253 2391 1322 praedicant,
2424 1268 2597 1323 neque
2623 1258 2801 1310 caeteri
2844 1257 3023 1313 clerici
3053 1261 3137 1316 vel
3180 1261 3300 1317 laici
3330 1264 3425 1318 ba-

1854 1341 2084 1410 ptizant,
2112 1357 2286 1410 neque
2328 1350 2645 1414 quocunque
2682 1347 2766 1400 die
2806 1349 3084 1405 credentes
3143 1353 3426 1425 tinguntur

1855 1430 1958 1485 nisi
1987 1431 2134 1503 aegri.
2161 1432 2284 1489 Ideo
2326 1447 2430 1487 non
2477 1449 2574 1503 per
2618 1436 2798 1489 omnia
2845 1440 3173 1495 conveniunt
3223 1444 3421 1513 scripta

1853 1519 2093 1588 Apostoli
2131 1520 2456 1576 ordinationi
2498 1538 2617 1592 qua:
2649 1540 2788 1579 nunc
2816 1528 2868 1581 in
2895 1527 3134 1585 Ecclesia
3163 1542 3267 1599 est,
3293 1537 3423 1605 quia

1853 1608 1971 1663 haec
1990 1609 2130 1664 inter
2157 1609 2271 1680 ipsa
2299 1611 2592 1679 primordia
2622 1624 2749 1669 sunt
2785 1617 3002 1687 scripta.
3050 1620 3181 1675 Nam
3222 1632 3280 1679 et
3308 1625 3423 1696 ipse

1855 1699 2193 1757 Timotheum
2227 1705 2592 1775 presbyterum
2644 1720 2672 1759 a
2730 1720 2789 1760 se
2825 1717 3065 1764 creatum
3113 1713 3422 1784 episcopum

1855 1800 2028 1853 vocat,
2059 1794 2182 1863 quia
2212 1795 2367 1863 primi
2398 1798 2697 1868 presbyteri
2734 1800 2966 1869 episcopi
2996 1802 3420 1873 appellabantur,

177 1893 233 1939 et
258 1866 352 1938 ﬁat
375 1885 425 1940 ei
451 1884 742 1954 subjectus,
787 1897 855 1938 ne
883 1880 1025 1937 forte
1052 1889 1401 1936 contemnens
1428 1887 1753 1950 praeceptum
1787 1866 1829 1924 Β
1857 1888 1917 1933 ut
1954 1883 2239 1937 recedente
2277 1897 2342 1937 eo
2369 1866 2597 1954 sequens
2637 1866 2965 1944 succederet.
3013 1866 3249 1962 Denique
3283 1898 3425 1967 apud

178 1972 411 2037 Domini,
450 1980 709 2042 perpetuo
735 1972 1081 2025 anathemate
1122 1969 1469 2040 percutiatur.
1498 1967 1751 2023 Attamen

175 2063 225 2120 si
251 2063 306 2118 in
356 2064 470 2133 ipsa
532 2062 657 2135 fuga
701 2062 913 2125 obierit,
952 2060 1215 2115 orandum
1254 2069 1339 2114 est
1383 2073 1482 2129 pro
1529 2073 1617 2124 eo,
1647 2058 1751 2113 nisi

176 2151 318 2209 forte
346 2152 526 2223 aliquo
547 2152 776 2207 crimine
804 2149 1009 2219 majore
1030 2150 1353 2219 implicetur,
1385 2158 1476 2203 aut
1504 2149 1557 2204 in
1585 2148 1751 2218 peril-

172 2240 318 2297 diam
344 2242 676 2306 devolvatur,
706 2242 847 2296 unde
887 2241 1160 2296 fructuosa
1200 2256 1297 2311 pro
1350 2255 1415 2295 eo
1443 2256 1549 2296 non
1580 2241 1747 2310 possit

170 2346 294 2388 esse
341 2331 536 2388 oratio.
588 2331 840 2387 Attamen
886 2330 1237 2401 Augustinus,
1284 2330 1352 2383 ad
1399 2329 1749 2385 Laurentium

171 2424 441 2488 scribens,
470 2422 545 2478 ita
586 2422 731 2477 inter
766 2421 1015 2477 alia'ait:
1056 2440 1074 2472 ι
1109 2419 1242 2476 Cum
1292 2435 1420 2491 ergo
1461 2419 1745 2487 sacriﬁcia,

172 2514 289 2569 sive
336 2512 523 2568 altaris
547 2553 562 2577 ,
614 2512 727 2567 sive
770 2526 1211 2583 quarumcunque
1262 2510 1743 2581 elecmdsynarur’n,

166 2616 267 2671 pro
295 2602 581 2673 baptizatis
620 2603 869 2658 omnibus
905 2601 1205 2657 otl‘eruntur
1234 2618 1248 2655 :
1293 2617 1389 2671 pro
1414 2601 1568 2656 valde
1592 2597 1748 2657 bonis

167 2692 464 2765 gratiarum
487 2692 727 2749 actiones
755 2701 901 2756 sunt,
927 2706 1024 2762 pro
1070 2705 1177 2745 non
1202 2690 1357 2745 valde
1384 2690 1542 2745 malis
1568 2690 1747 2760 propi—

168 2783 420 2839 tiationes
453 2793 595 2850 sunt,
643 2795 741 2854 pro
770 2781 921 2837 valde
965 2779 1141 2843 malis,
1176 2779 1389 2835 etiamsi
1442 2778 1585 2833 nulla
1618 2786 1746 2833 sunt

167 2870 472 2941 adjumenta
500 2883 855 2938 mortuorum,
909 2869 1311 2945 qualescunque
1343 2878 1523 2929 tamen
1556 2884 1745 2930 causa

169 2957 399 3016 lationes
428 2970 552 3016 sunt
587 2962 849 3018 vivorum.
886 2961 1092 3030 Quibus
1133 2973 1313 3019 autem
1358 2974 1604 3035 prosunt,
1652 2975 1745 3021 aut

166 3046 235 3102 ad
265 3048 367 3103 hoc
393 3056 639 3117 prosunt,
667 3059 723 3104 ut
756 3051 827 3105 sit
855 3052 1307 3120 plena'remissio,
1356 3061 1450 3107 aut
1494 3064 1645 3109 certe
1684 3067 1745 3110 ut

164 3136 499 3194 tolerabilior
517 3138 612 3193 ﬁat
632 3140 763 3210 ipsis
789 3142 1081 3196 damnatio.
1114 3161 1133 3193 ι

1853 1966 2143 2042 ΔΕεςριυιιι
2190 1973 2485 2045 presbyteri
2516 1976 2853 2045 consignant,
2893 1979 2938 2033 si
2966 1980 3249 2062 episcopus
3281 2001 3422 2055 pnn-

1851 2074 1975 2114 sens
2000 2076 2105 2116 non
2139 2062 2227 2116 sit.
2257 2061 2364 2119 Sed
2402 2068 2528 2132 quia
2573 2078 2854 2134 cmperunt
2880 2082 3169 2138 sequentes
3195 2076 3424 2147 presby-

1851 2151 1952 2204 teri
1997 2152 2197 2221 indigni
2250 2153 2318 2208 ad
2366 2154 2627 2223 primatus
2681 2162 2955 2226 tenendos,
3007 2164 3289 2222 immutata
3337 2182 3423 2225 est

1850 2239 2007 2305 ratio,
2042 2243 2399 2311 prospiciente
2442 2247 2669 2300 concilio
2702 2257 2762 2302 ut
2804 2266 2909 2305 non
2945 2253 3097 2318 ordo,
3131 2257 3227 2312 sed
3255 2262 3421 2314 meri-

1851 2333 1979 2391 tum,
2012 2339 2221 2383 crearet
2242 2330 2576 2401 episcopum,
2615 2335 2900 2391 multorum
2948 2342 3286 2399 sacerdotum
3327 2346 3417 2416 ju-

1848 2414 1987 2471 dicio
2024 2419 2394 2486 constitutum,
2424 2436 2492 2475 ne
2522 2422 2776 2494 indignus
2803 2438 3003 2483 temere
3031 2414 3339 2503 usurparet,
3363 2447 3421 2492 et

1847 2516 1989 2561 esset
2014 2509 2196 2565 multis
2221 2513 2554 2569 scandalum.
2587 2515 2740 2581 Quod
2766 2527 2946 2572 autem
2977 2535 3139 2576 unum
3168 2526 3238 2578 sit
3262 2524 3418 2581 Chri-

1848 2598 1917 2654 sti
1954 2597 2239 2669 baptisma,
2278 2611 2333 2657 et
2370 2604 2493 2659 licet
2519 2620 2547 2658 a
2575 2606 2800 2661 diversis
2827 2609 3161 2666 ministretur
3189 2630 3291 2669 non
3325 2617 3418 2672 de-

1844 2689 1971 2744 beat
1990 2690 2173 2746 iterari
2201 2693 2283 2748 vel
2311 2696 2530 2759 mutari,
2550 2711 2760 2755 sacrum
2783 2699 3127 2776 Evattgelium
3159 2710 3412 2776 ostendit,

1846 2778 1935 2833 ubi
1974 2780 2133 2834 verba
2156 2779 2377 2837 Joannis
2404 2784 2657 2861 Baptistae
2678 2795 2852 2862 posita
2880 2804 3004 2850 sunt
3033 2798 3105 2852 ita
3143 2800 3370 2856 dicentis
3397 2823 3410 2856 :

1850 2888 1869 2927 ε
1902 2870 2037 2943 Quia
2061 2873 2170 2933 vidi
2194 2873 2452 2950 Spiritum
2481 2884 2893 2941 descendentem
2930 2891 3081 2957 quasi
3108 2892 3412 2949 columbam

1850 2985 1869 3017 ‹
1899 2967 1966 3022 de
1996 2969 2155 3033 cmlo,
2181 2980 2235 3024 et
2270 2982 2575 3027 manentem
2605 2989 2768 3044 super
2794 2990 2939 3042 eum,
2984 2988 3037 3032 et
3070 2968 3173 3050 ego
3200 2984 3410 3036 nescie-

1847 3074 1867 3108 ‹
1901 3055 2044 3111 bam.
2070 3056 2176 3113 Sed
2198 3059 2288 3127 qui
2316 3060 2458 3115 misit
2477 3078 2562 3117 me
2587 3063 2863 3133 baptizare
2897 3068 2951 3121 iu
2980 3082 3140 3137 aqua,
3166 3070 3255 3125 ille
3282 3073 3416 3128 milii

1849 3166 1866 3198 ι
1897 3147 2032 3203 dixit
2059 3166 2072 3202 :
2102 3147 2273 3219 Super
2291 3166 2451 3220 quem
2468 3154 2664 3209 videris
2694 3156 2950 3226 Spiritum
2977 3161 3414 3230 descendentem,

235 3229 326 3286 VI.
366 3229 441 3285 De
467 3229 558 3285 illo
583 3206 713 3286 vero
740 3232 830 3301 qui
856 3232 1225 3303 presbyterum
1264 3248 1323 3289 se
1355 3248 1472 3290 esse
1503 3232 1737 3302 ﬁnxerit,
1767 3206 1811 3269 C
1850 3252 1867 3277 ι
1902 3243 1957 3289 et
1983 3206 2499 3310 maneniemlsuper
2544 3258 2688 3308 eum,
2733 3206 2827 3299 hic
2855 3257 2938 3301 est
2964 3249 3054 3317 qui
3093 3250 3329 3320 baptizat
3358 3206 3413 3307 iii

162 3332 287 3375 cum
317 3335 423 3375 non
447 3330 591 3377 esset
618 3322 915 3388 ordinatus,
941 3333 998 3378 et
1036 3324 1286 3394 baptismi
1326 3325 1557 3381 otiicium
1584 3342 1762 3385 exer—

163 3409 299 3475 cuit,
330 3410 717 3479 requirendum
746 3421 831 3467 est
852 3422 1031 3468 utrum
1062 3414 1174 3484 ipse
1202 3414 1485 3484 baptizans
1504 3417 1742 3486 baptiza-

162 3506 253 3554 tus
276 3507 437 3563 esset,
467 3507 520 3555 et
549 3509 726 3555 utrum
765 3501 819 3555 in
847 3503 1068 3558 nomine
1113 3514 1314 3559 sanctae
1338 3504 1619 3562 Trinitatis
1642 3507 1743 3561 sub

162 3587 306 3644 trina
348 3590 617 3645 mersione
663 3591 1039 3660 baptizaverit.
1071 3592 1222 3660 Quod
1260 3595 1305 3648 si
1351 3594 1425 3648 ita
1451 3603 1589 3662 erat,
1636 3611 1740 3651 non

161 3686 245 3731 est
273 3676 468 3732 iterum
509 3678 884 3749 baptizandus,
916 3680 1010 3736 sed
1047 3698 1147 3751 per
1176 3683 1574 3752 impositionem
1621 3701 1742 3740 ma-

161 3785 266 3825 nus
314 3770 637 3839 episcopalis
686 3779 742 3827 et
789 3773 1095 3827 unctionem
1137 3774 1278 3828 sacri
1337 3774 1644 3831 chrismatis
1686 3777 1742 3833 id

160 3858 304 3928 quod
355 3856 558 3913 factum
592 3867 674 3913 est
718 3859 1167 3915 confirmandum.
1204 3861 1337 3929 Quia
1384 3864 1525 3932 quod
1576 3866 1741 3920 semel

160 3957 245 4003 est
278 3948 332 4002 in
380 3958 719 4003 sacramento
762 3950 1103 4019 baptismatis
1149 3950 1420 4017 elleetum,
1466 3968 1573 4009 non
1615 3954 1739 4010 licet

160 4038 370 4104 iterari,
395 4039 648 4108 quoniam
668 4051 902 4095 unusest
928 4040 1208 4106 Dominus,
1238 4057 1343 4095 una
1377 4042 1532 4110 fides,
1565 4061 1735 4101 unum

157 4125 441 4195 baptisma.
488 4126 737 4181 Attamen
772 4127 861 4183 ille
903 4129 995 4197 qui
1042 4140 1473 4200 praesumptuose
1503 4133 1631 4204 egit,
1681 4142 1736 4189 et

160 4229 265 4268 non
300 4228 398 4282 pro
430 4216 753 4270 necessitate
792 4215 988 4285 aliqua,
1022 4219 1283 4273 canonica
1329 4219 1614 4291 disciplina
1652 4234 1737 4279 est

158 4302 507 4357 coercendus.
540 4303 726 4373 Igitur,
776 4315 837 4359 ut
875 4314 1064 4361 beatus
1118 4302 1432 4363 Ambrosius
1488 4318 1732 4376 testatur,

157 4402 439 4460 postquam
464 4392 712 4448 omnibus
737 4392 869 4449 locis
892 4394 1133 4450 ecclesiae
1161 4404 1286 4449 sunt
1325 4398 1653 4459 constitutas,
1680 4408 1734 4455 et

156 4477 331 4535 cilicia
361 4480 627 4547 ordinata,
657 4481 814 4537 aliter
838 4483 1133 4553 composita
1167 4498 1253 4538 res
1280 4492 1363 4538 est
1420 4500 1582 4554 quam
1622 4502 1729 4543 ca:-

156 4579 329 4640 perat.
350 4568 601 4624 Primum
639 4572 783 4627 enim
813 4587 1000 4627 omnes
1028 4573 1311 4640 docebant,
1337 4584 1391 4629 et
1425 4591 1615 4632 omnes
1638 4578 1732 4633 ba-
1760 4540 1809 4601 Β

154 4659 461 4729 ptizahaut,
535 4660 940 4731 quibuscunque
1000 4664 1189 4719 diebus
1254 4665 1337 4719 vel
1404 4668 1732 4737 temporibus

156 4747 347 4804 luisset
371 4751 604 4805 occasio.
634 4751 744 4806 Nec
763 4753 906 4806 enim
930 4751 1206 4823 Philippus
1228 4762 1438 4825 tempus
1466 4758 1729 4826 quaesivit,

156 4848 249 4893 aut
275 4839 416 4894 diem
446 4855 551 4911 quo
580 4842 885 4896 eunuchum
909 4844 1230 4913 baptizaret,
1259 4862 1433 4917 neque
1465 4848 1730 4917 jejunium

155 4927 498 4998 interposuit.
532 4928 715 4999 Neque
761 4930 960 4985 Paulus
1002 4942 1058 4987 et
1086 4934 1103 4954 ‘
1133 4942 1339 5005 tempus
1384 4938 1729 5007 distulerunt,

154 5034 263 5089 quo
306 5021 577 5090 optionem
616 5023 850 5078 carceris
879 5038 1003 5078 cum
1046 5022 1165 5092 ejus
1192 5028 1443 5083 omnibus
1488 5030 1731 5101 baptiza-

155 5116 297 5163 rent.
321 5107 503 5178 Neque
531 5110 721 5165 Petrus
749 5109 974 5167 clericos
1002 5113 1207 5179 habuit,
1244 5124 1337 5169 aut
1362 5117 1503 5173 diem
1536 5122 1731 5189 quaesi-

152 5199 229 5251 vit
256 5198 470 5266 quando
500 5197 806 5254 Cornelium
853 5216 974 5256 cum
1010 5203 1160 5256 omni
1185 5202 1345 5261 domo
1372 5222 1469 5261 sua
1494 5210 1734 5279 baptiza-

154 5285 257 5351 vit,
292 5299 389 5339 uee
416 5287 547 5355 ipse,
593 5287 686 5343 sed
708 5288 871 5358 jussit
912 5289 1171 5348 fratribus
1214 5297 1455 5365 quicum
1482 5315 1549 5354 eo
1573 5310 1731 5357 erant

154 5374 299 5444 apud
324 5373 629 5429 Cornelium
664 5376 720 5430 in
757 5378 946 5448 Joppe.
990 5381 1180 5437 Adhuc
1217 5387 1360 5441 enim
1403 5398 1601 5457 prmter
1639 5408 1726 5449 se—

154 5477 299 5536 pteni
326 5467 579 5523 diaconos
601 5470 776 5526 nullus
802 5472 977 5528 fuerat
1010 5475 1309 5532 ordinatus.
1355 5479 1425 5535 Ut
1454 5497 1582 5553 ergo
1607 5500 1726 5540 cre-

155 5565 336 5610 sceret
358 5556 505 5627 plebs
536 5566 591 5613 et
627 5560 1089 5632 multiplicaretur,
1137 5569 1386 5625 omnibus
1415 5585 1729 5629 concessum

154 5654 239 5700 est
262 5654 316 5700 et
346 5648 736 5718 evangelizare,
774 5661 831 5706 et
870 5652 1169 5724 baptizare,
1198 5666 1251 5713 et
1291 5658 1624 5729 Scripturam
1672 5664 1728 5719 in

153 5738 382 5792 ecclesia
421 5736 729 5807 explanare.
769 5738 839 5795 At
868 5743 956 5797 ubi
985 5747 1166 5801 omnia
1204 5747 1320 5803 loca
1364 5750 1727 5823 circumplexa

553 5832 823 5893 Parnon.
861 5833 994 5896 CX.

1850 3342 1868 3375 ι
1906 3322 2108 3393 Spiritu
2135 3336 2341 3382 sancto.
2368 3328 2435 3382 Et
2461 3344 2559 3399 ego
2590 3333 2715 3397 vidi,
2756 3342 2811 3387 et
2838 3336 3198 3391 testimonium
3226 3342 3409 3409 perhi-

1849 3433 1868 3465 (
1901 3414 1990 3470 bui
2018 3417 2141 3483 quia
2167 3417 2254 3472 hic
2281 3426 2365 3473 est
2392 3418 2558 3474 Filius
2586 3423 2677 3476 Dei
2706 3422 2884 3494 (Joan.
2927 3428 2988 3495 l).
3030 3446 3047 3478 ι
3084 3428 3253 3495 Quam
3297 3447 3415 3487 seu-

1844 3507 2067 3561 tentiam
2116 3509 2306 3564 beatus
2355 3511 2686 3581 Augustinus
2737 3517 2810 3570 ita
2861 3521 3147 3588 expoSuit:
3186 3541 3205 3573 ‹
3274 3525 3412 3590 Quid

1840 3611 1969 3667 ergo
1994 3612 2092 3667 per
2120 3600 2421 3656 columbam
2465 3604 2650 3660 didicit
2674 3604 2928 3673 Joannes,
2980 3611 3081 3665 nisi
3122 3616 3410 3682 quamdam

1841 3685 2222 3754 proprietatem
2254 3688 2307 3742 in
2348 3689 2564 3746 Christo
2586 3693 2858 3749 futuram?
2885 3706 2945 3749 ut
2970 3701 3213 3766 quamvis
3257 3703 3412 3759 multi

1842 3777 2075 3831 ministri
2106 3780 2424 3849 baptizaturi
2461 3792 2661 3849 essent,
2713 3786 2825 3841 sive
2861 3786 2991 3854 justi
3036 3790 3149 3844 sive
3200 3792 3407 3861 iujusti,

1841 3881 1946 3920 non
1978 3868 2303 3924 tribueretur
2350 3874 2608 3929 sanctitas
2655 3874 2926 3944 baptismi,
2979 3879 3077 3932 nisi
3131 3880 3202 3933 illi
3249 3897 3411 3951 super

1838 3972 1996 4026 quem
2027 3959 2300 4015 descendit
2346 3962 2610 4017 columba.
2645 3964 2720 4019 De
2746 3980 2852 4034 quo
2898 3966 3095 4022 dictum
3128 3989 3139 4022 :
3184 3970 3282 4026 llic
3327 3982 3411 4027 est

1839 4046 1929 4113 qui
1975 4046 2212 4115 baptizat
2241 4050 2291 4102 in
2325 4049 2527 4119 Spiritu
2556 4063 2763 4107 saneto.
2797 4054 2989 4111 Petrus
3033 4058 3287 4127 baptizet,
3320 4063 3409 4116 hic

1838 4136 2040 4203 estqui
2069 4137 2305 4205 baptizat
2346 4157 2357 4191 :
2416 4139 2613 4196 Paulus
2659 4142 2912 4212 baptizet,
2944 4146 3031 4200 hic
3059 4157 3143 4202 est
3172 4150 3261 4217 qui
3310 4152 3406 4205 ba-

1836 4223 2004 4293 ptizat
2028 4240 2042 4277 :
2077 4225 2243 4281 Judas
2270 4230 2527 4299 baptizet,
2551 4232 2639 4286 hic
2667 4244 2750 4287 est
2776 4236 2865 4303 qui
2894 4236 3151 4305 baptizat.
3194 4239 3327 4295 Nam
3361 4244 3409 4297 si

1836 4328 1935 4383 pro
1958 4314 2265 4371 diversitate
2290 4321 2601 4374 meritorum
2642 4322 2939 4391 baptismus
2973 4337 3131 4392 esset,
3165 4330 3287 4397 quia
3320 4332 3403 4385 di-

1837 4416 1988 4456 versa
2032 4414 2157 4457 sunt
2186 4406 2395 4471 merita,
2436 4407 2644 4463 diversa
2690 4422 2870 4466 essent
2915 4414 3255 4482 baptismata.
3296 4418 3403 4475 Sed

1836 4513 1999 4552 unum
2029 4508 2111 4554 est
2147 4498 2431 4568 baptisma,
2463 4510 2517 4555 et
2547 4504 2694 4559 solus
2738 4514 2821 4560 est
2855 4506 3123 4573 Christus,
3170 4526 3259 4579 qui
3308 4528 3407 4582 per

1834 4587 2074 4642 diversos
2121 4590 2396 4645 ministros
2438 4606 2561 4646 suos
2592 4593 2911 4661 baptismate
2954 4598 3187 4666 baptizat
3230 4600 3283 4655 in
3316 4617 3406 4656 re-

1832 4678 2140 4733 missionem
2172 4681 2409 4734 omnium
2432 4690 2825 4749 peccatorum.»
2860 4684 2981 4740 lJeo
3001 4689 3141 4742 sacri
3171 4703 3405 4746 canones

1833 4770 2146 4838 praecipiunt
2177 4780 2233 4824 ut
2260 4772 2351 4840 qui
2378 4773 2445 4828 ab
2487 4774 2755 4829 haereticis
2802 4776 3056 4845 baptizati
3101 4790 3244 4839 sunt.
3294 4800 3400 4837 non

1835 4859 2254 4927 rebaptizentur,
2306 4861 2397 4915 sed
2448 4878 2543 4929 per
2593 4864 2990 4932 impositionem
3045 4884 3235 4926 manus
3289 4876 3404 4929 sola

1835 4950 2007 5005 sancti
2030 4951 2260 5020 Spiritus
2284 4952 2639 5017 invocatione,
2664 4970 2820 5024 quem
2846 4960 2913 5012 ab
2935 4960 3198 5018 haereticis
3242 4980 3401 5020 nemo

1834 5039 2048 5109 accipit,
2071 5056 2101 5095 a
2129 5042 2408 5097 catholicis
2435 5045 2802 5100 sacerdotibus
2845 5048 3095 5105 Ecclesiae
3140 5056 3401 5110 securita-

1835 5139 1942 5185 tem
1964 5142 2379 5201 consequantur.

1905 5220 2011 5275 Vll.
2037 5220 2114 5275 De
2132 5222 2237 5276 illis
2263 5239 2390 5277 vero
2409 5224 2498 5293 qui
2521 5225 2573 5278 in
2597 5224 3014 5297 Quadragesima
3041 5241 3166 5287 ante
3190 5234 3398 5291 Pascha

1833 5327 2051 5368 carnem
2074 5314 2420 5379 manducant,
2448 5316 2528 5369 vel
2550 5315 2918 5385 juramentum
2954 5322 3005 5374 in
3034 5324 3186 5378 altari
3226 5327 3307 5381 vel
3346 5330 3399 5382 iu

1835 5409 2144 5456 sanctorum
2165 5403 2404 5473 reliquiis
2425 5403 2646 5471 faciunt,
2675 5409 3015 5465 manifestum
3039 5415 3285 5483 estquod
3315 5419 3399 5471 in-

1828 5489 1974 5559 juste
1998 5496 2184 5560 agunt,
2205 5491 2328 5560 quia
2350 5492 2543 5547 divinis
2572 5496 2837 5553 mandatis
2862 5503 3114 5555 contrarii
3141 5504 3399 5560 existunt.

1836 5576 1989 5631 Unde
2029 5586 2082 5632 et
2118 5594 2215 5647 per
2268 5579 2458 5636 Isaiam
2510 5583 2763 5640 Dominus
2810 5603 3093 5655 pravorum
3135 5592 3397 5659 jejunium

1834 5669 2057 5737 spernit,
2090 5670 2162 5723 ita
2193 5670 2378 5727 dicens
2412 5690 2423 5725 :
2463 5692 2481 5723 ι
2522 5675 2658 5729 Ecce
2699 5678 2750 5731 in
2794 5680 2879 5732 dic
2911 5680 3097 5750 jujuuii
3130 5688 3291 5740 vestri
3322 5690 3401 5742 in-

1842 5776 1861 5810 ‹
1906 5759 2372 5816 veniturvoluntas
2395 5774 2594 5832 vestra,
2619 5776 2672 5822 et
2695 5784 2881 5822 omnes
2906 5773 3172 5828 debitores
3191 5792 3401 5835 vcsros

2814 5860 2890 5921 es
