3924 6342
537 384 672 437 “93'

1164 385 1221 437 Β.
1265 386 1511 442 ΒΑΒΛΝΙ
1553 390 1768 446 MAUfll
1810 393 2124 448 ARClilEP.
2168 394 2472 453 MOGUNT.
2517 398 2797 454 OPERUM
2835 400 3012 457 PARS
3053 396 3114 455 ll.

3634 408 3757 465 H96

537 517 555 548 ι
597 496 855 565 repetitis.
913 495 1049 548 Ecce
1078 496 1143 550 ad
1185 497 1304 552 lites
1331 506 1387 552 et
1413 502 1782 554 contentiones
1819 499 2100 571 jejuuatis,
2131 510 2175 567 Α
2209 505 2421 569 scindit,
2453 514 2506 558 et
2537 513 2841 560 sanctorum
2868 505 3086 562 Patrum
3120 509 3436 565 traditiones
3459 512 3639 576 solvit,
3659 517 3760 572 sine

537 608 554 638 ι
598 597 650 641 et
685 587 963 656 percutitis
1007 601 1185 656 pugno
1229 589 1406 659 impie.
1453 590 1624 645 Nolite
1664 590 1909 659 jejunare
1953 594 2091 646 sicut

536 699 554 730 ι
599 692 767 746 usque
802 677 867 730 ad
893 676 1031 730 hanc
1059 678 1220 743 diem,
1249 689 1308 732 ut
1355 682 1603 734 audiatur
1643 682 1695 735 in
1737 684 1948 738 excelso
1985 683 2092 736 cla-

533 785 552 816 ι
598 781 716 818 mor
741 773 938 818 vester.
981 763 1228 835 Nunquid
1256 767 1361 820 tale.
1379 776 1458 821 est
1479 768 1736 838 jejunium
1766 772 1906 838 quod
1933 770 2089 839 elegi,

536 875 552 906 ι
598 870 695 925 per
719 855 858 909 diem
881 854 1114 924 afﬂigere
1135 857 1365 932 animam
1401 860 1588 912 suam?
1618 861 1855 928 nunquid
1886 870 2096 914 contor-

535 964 551 992 ι
601 958 766 1012 quere
808 944 961 1013 quasi
989 945 1246 999 circulum
1271 958 1602 1015 caputsuum
1668 957 1720 1003 et
1753 965 1909 1005 sacco
1936 959 1990 1004 et
2017 951 2094 1005 ci-

535 1055 551 1086 ι
600 1051 730 1092 nere
755 1037 1027 1091 sternere?
1078 1037 1324 1107 Nunquid
1352 1039 1490 1092 istud
1529 1041 1712 1094 vocavi
1753 1041 2010 1112 jejunium
2040 1051 2094 1097 et

536 1147 553 1178 ε
603 1129 743 1183 diem
769 1129 1152 1197 acceptabilem
1176 1130 1436 1184 Domino?
1465 1131 1651 1186 Nonne
1682 1134 1784 1189 hoc
1815 1143 1898 1189 est
1925 1135 2096 1205 magis

533 1237 551 1267 ι
592 1216 849 1284 jejunium
877 1218 1017 1285 quod
1042 1218 1212 1289 elegi?
1241 1220 1480 1275 Dissolve
1509 1221 1878 1292 colligationes
1904 1223 2094 1292 impie-

532 1326 550 1358 ι
595 1307 738 1370 tatis,
768 1307 914 1362 solve
943 1307 1228 1364 fasciculos
1252 1310 1630 1379 deprimentcs,
1656 1312 1862 1366 dimitte
1887 1328 1980 1368 eos
2003 1314 2096 1382 qui

531 1414 550 1446 ε
592 1395 849 1450 confracti
894 1407 1018 1450 sunt
1068 1383 1283 1464 liberos,
1332 1407 1386 1452 et
1429 1414 1592 1454 omne
1639 1415 1776 1454 onus
1802 1401 2092 1470 disrumpe.

533 1503 550 1535 ι
595 1484 802 1555 Frange
827 1487 1188 1542 esurientibus
1219 1503 1406 1556 panem
1438 1498 1676 1555 tuum,et
1688 1506 1885 1562 egenos
1910 1507 2100 1563 vagos-

533 1595 548 1626 ι
593 1589 695 1644 que
749 1574 906 1628 induc
945 1576 998 1628 in
1029 1573 1244 1630 domum
1267 1585 1431 1630 tuam.
1473 1576 1605 1632 Cum
1639 1579 1836 1634 videris
1874 1583 2096 1646 nudum,

531 1686 547 1718 ι
585 1667 739 1736 operi
769 1681 912 1732 etim,
953 1675 1006 1722 et
1041 1683 1257 1722 carnem
1306 1677 1450 1722 tuam
1490 1683 1558 1725 ne
1595 1670 1922 1740 despexeris.
1951 1671 2101 1727 Tunc

531 1778 550 1809 c
595 1765 838 1827 erumpet
864 1757 1016 1827 quasi
1055 1773 1213 1813 mane
1244 1757 1423 1814 lumen
1460 1767 1630 1824 tuum,
1662 1769 1717 1814 et
1759 1760 1964 1815 sanitas
2009 1771 2099 1815 tua

2195 595 2430 649 vindicta
2454 605 2630 659 exeat,
2656 598 2748 651 sed
2778 611 2875 665 pro
2902 598 3002 652 hoc
3035 612 3220 667 ptenas
3250 602 3545 671 condignas
3575 605 3756 660 solvat.

2195 682 2502 738 Sacerdotis
2539 694 2717 739 autem
2740 686 2942 754 judicio
2975 690 3320 756 temperanda
3347 699 3432 744 est
3455 707 3627 760 poena:
3654 695 3759 748 vin-

2195 773 2357 838 dicta,
2395 775 2688 829 secundum
2717 777 2932 830 modum
2958 779 3268 848 paenitentis
3295 795 3308 832 :
3340 781 3490 849 quia,
3521 793 3581 836 ut
3614 799 3762 853 supra

2195 863 2396 918 dictum
2420 872 2522 930 est,
2540 866 2630 934 qui
2659 865 2926 919 veraciter
2952 867 3175 934 prenitet
3209 878 3264 924 et
3287 884 3385 938 per
3413 870 3761 942 lacrymarum

2193 953 2390 1007 iudicia
2435 954 2610 1009 cordis
2662 954 2743 1009 sui
2776 953 3157 1009 contritionem
3203 958 3534 1024 manifestat,
3583 960 3762 1019 leviori

2195 1043 2473 1112 disciplina
2502 1042 2815 1099 tractandus
2840 1051 2943 1107 est,
2974 1043 3100 1113 quia
3137 1059 3232 1098 cor
3259 1048 3553 1101 contritum
3582 1057 3638 1102 et
3672 1049 3761 1101 hu-

2195 1132 2458 1188 miliatum
2489 1133 2628 1187 Deus
2651 1148 2755 1186 non
2777 1134 3011 1202 spernit,
3036 1145 3091 1188 et
3116 1135 3168 1188 in
3194 1149 3514 1205 quocunque
3543 1137 3631 1190 die
3653 1151 3763 1205 pec-

2197 1231 2348 1278 cator
2391 1237 2683 1278 conversus
2715 1223 3082 1292 paenitentiam
3113 1225 3304 1294 egerit,
3333 1232 3388 1280 et
3417 1223 3609 1280 fecerit
3629 1224 3759 1294 judi-

2197 1315 2341 1371 cium
2369 1323 2424 1370 et
2444 1315 2730 1384 justitiam,
2759 1316 2869 1370 vita
2895 1316 3038 1370 vivet
3091 1325 3148 1370 et
3199 1331 3305 1370 non
3350 1317 3636 1370 morietur.
3666 1314 3760 1371 Nec

2200 1406 2453 1475 temporis
2477 1405 2856 1476 longinquitas,
2894 1407 2985 1461 sed
3013 1406 3179 1459 animi
3219 1405 3440 1460 alfectus
3466 1406 3762 1474 pensandus

2199 1502 2302 1558 est,
2332 1495 2458 1564 quia
2495 1496 2730 1565 suscepit
2765 1495 3022 1550 Dominus
3051 1493 3354 1549 triduanam
3401 1496 3759 1563 paenitentiam

2199 1583 2578 1650 Ninivitarum,
2607 1592 2662 1639 et
2689 1584 2833 1640 Petri
2873 1586 3233 1655 negationem,
3258 1584 3619 1638 amarissimis
3642 1582 3763 1636 ﬂeti-

2199 1674 2302 1729 bus
2329 1673 2588 1737 ablutam,
2618 1673 2878 1728 Dominus
2911 1672 3151 1737 indulsit,
3183 1687 3306 1727 cum
3344 1687 3466 1726 eum
3495 1673 3657 1725 tertia
3690 1671 3763 1725 die

2205 1781 2488 1837 resurgens
2545 1765 2683 1819 inter
2718 1774 2940 1819 caeteros
2987 1763 3281 1834 discipulos
3332 1762 3577 1832 angelica
3622 1773 3764 1815 voca-

532 1867 551 1900 (
598 1848 757 1903 citius
778 1848 1010 1915 orietur;
1043 1855 1097 1904 et
1125 1849 1352 1903 anteibit
1371 1849 1562 1904 faciem
1589 1857 1732 1903 tuam
1751 1849 1959 1918 justitia
1982 1859 2094 1916 tua,
2126 1841 2172 1899 B
2203 1858 2347 1912 uone
2371 1857 2438 1912 ad
2458 1871 2608 1911 suam
2639 1855 2981 1926 praesentiam
3003 1861 3058 1908 et
3077 1851 3570 1908 reconciliationem
3596 1851 3766 1906 venire

528 1957 550 1990 ι
594 1946 648 1993 et
694 1939 876 2011 gloria.
913 1937 1118 1994 Domini
1161 1940 1372 2011 colliget
1417 1950 1487 1996 te.
1536 1941 1685 1996 Tunc
1722 1942 2099 2006 invocabis,et

531 2051 550 2081 ι
595 2016 853 2084 Dominis
877 2031 1148 2095 exaudiet;
1179 2031 1456 2097 clamabis,
1480 2040 1531 2088 et
1553 2032 1712 2098 dicet,
1732 2033 1869 2088 Ecce
1889 2033 2098 2101 adsum,

534 2138 553 2171 ι
598 2120 722 2189 quia
779 2119 1086 2175 misericors
1127 2135 1244 2175 sum
1288 2121 1547 2178 Dominus
1596 2123 1738 2179 Deus
1785 2132 1908 2178 tuus
1951 2123 2097 2193 (Isa.

533 2230 552 2263 ι
599 2211 771 2282 Lvm).
815 2230 833 2262 ι
866 2211 1003 2267 Hinc
1031 2213 1083 2266 in
1115 2228 1322 2268 canone
1363 2224 1674 2269 sanctorum
1706 2213 1926 2268 Patrum
1966 2215 2100 2269 scri-

525 2315 676 2375 ptum
699 2315 782 2360 est
817 2304 997 2376 (Cone.
1031 2306 1269 2371 Laodic.,
1302 2326 1420 2362 can.
1447 2309 1516 2364 50
1543 2319 1590 2363 et
1617 2307 1729 2376 52),
1759 2311 1901 2378 quod
1937 2329 1953 2361 ‹
1991 2325 2098 2364 non

524 2402 774 2463 oporteat
799 2396 853 2450 in
877 2394 1296 2467 Quadragesima
1339 2398 1552 2468 nuptias
1578 2407 1669 2452 aut
1694 2399 1937 2453 natalitia
1963 2399 2101 2453 cele-

524 2485 707 2549 brare,
745 2500 845 2539 nec
861 2484 1122 2556 jejunium
1166 2487 1393 2553 solvere,
1432 2495 1704 2557 totamque
1745 2488 2101 2558 Quadragesi-

525 2590 670 2629 mam
701 2575 815 2629 sine
846 2577 1189 2636 veneratione
1219 2579 1480 2646 transire;
1530 2598 1546 2633 ι
1586 2580 1860 2653 magisque
1895 2594 2099 2638 conve-

528 2664 641 2720 niat
668 2679 884 2721 omnem
915 2668 1389 2740 Quadragesimam
1411 2672 1657 2726 districto
1689 2672 1929 2726 venerari
1955 2672 2098 2740 judi-

531 2759 634 2814 cio.
668 2758 784 2813 Non
819 2768 901 2814 est
926 2761 1068 2814 enim
1093 2760 1335 2830 dignum,
1363 2769 1422 2816 ut
1443 2764 1532 2830 qui
1559 2762 1811 2818 Ecclesia:
1835 2763 2096 2816 unitatem

541 2917 778 2940 ..ιιι-1⁸

1967 2925 2260 2940 ’Ψ

2198 1946 2378 2017 jussit.

2278 2037 2402 2093 Haec
2425 2038 2539 2102 tibi,
2567 2045 2751 2091 sancte
2776 2035 2963 2100 frater,
2981 2040 3144 2104 prout
3172 2033 3550 2103 opportunitas
3577 2039 3767 2099 tempo-

2207 2131 2283 2184 ris
2317 2143 2376 2182 se
2404 2126 2646 2189 contulit,
2671 2125 2986 2180 festinanter
3007 2123 3205 2177 dictavi
3247 2139 3266 2174 τ
3312 2129 3557 2191 paratus,
3586 2119 3631 2173 si
3652 2117 3766 2188 quid

2208 2219 2360 2273 deest
2390 2216 2441 2269 in
2474 2213 2768 2283 responsis,
2801 2221 3042 2281 tempore
3075 2217 3378 2281 opportuno
3421 2209 3522 2264 tibi
3570 2207 3765 2279 planius

2208 2305 2494 2375 explicare.
2525 2302 2605 2357 Tu
2635 2310 2811 2357 autem
2851 2310 2905 2356 et
2935 2300 3367 2355 commendatum
3415 2299 3512 2354 tibi
3559 2312 3762 2369 gregem

2203 2394 2488 2464 diligenter
2533 2392 2756 2456 instrue,
2790 2399 2844 2446 et
2874 2405 2972 2445 nos
3016 2389 3351 2444 orationibus
3383 2385 3558 2454 juva:
3591 2395 3766 2456 quate-

2203 2498 2305 2537 nus
2334 2480 2533 2550 aliquid
2574 2479 2667 2535 tibi
2712 2479 2930 2550 dignum
2954 2478 3293 2543 ascribamus,
3317 2484 3374 2530 et
3399 2476 3468 2531 de
3508 2483 3604 2530 tuo
3637 2475 3764 2529 bono

2201 2587 2362 2645 opere
2388 2571 2477 2631 tibi
2509 2570 2748 2641 quotidie
2769 2568 3222 2640 congratulemur.
3257 2565 3522 2622 Dominus
3541 2564 3767 2630 omnipo-

2200 2680 2319 2725 tens
2345 2671 2398 2724 in
2433 2670 2533 2723 hac
2561 2668 2669 2722 vita
2707 2676 2758 2721 te
2797 2662 2952 2720 bonis
2985 2661 3236 2736 operibus
3265 2667 3484 2732 augeat,
3516 2665 3573 2716 et
3609 2651 3765 2711 infu-

2202 2768 2324 2814 turo
2346 2757 2591 2812 mercede
2612 2764 2922 2812 remuneret
2943 2754 3286 2825 sempiterna.

2273 2906 3766 2937 Μ

2118 3073 2199 3144 Π

573 3219 656 3289 Si
694 3221 888 3289 liceat
926 3219 1408 3307 chorepiscopis
1440 3221 1851 3309 presbyteros
1889 3235 1948 3289 et
1985 3225 2297 3293 diaconos
2335 3221 2661 3290 ordinare
2696 3241 2846 3287 cum
2883 3241 3200 3288 consensu
3240 3218 3540 3308 episcopi
3566 3216 3697 3286 sui.

597 3478 888 3545 Postquam
929 3489 1026 3543 per
1063 3489 1162 3528 nos
1198 3483 1536 3528 transeuntes
1578 3474 1822 3538 abiistis,
1866 3473 2095 3543 cogitavi
2125 3478 2168 3540 C
2201 3470 2548 3539 apostolicam
2588 3475 2907 3538 sequuntur,
2943 3468 3009 3522 de
3046 3481 3152 3537 qua
3186 3467 3559 3538 Philippenses
3580 3467 3766 3525 Paulus

526 3583 742 3625 mecum
764 3568 827 3622 de
855 3567 959 3620 hoc
984 3564 1123 3633 quod
1149 3564 1555 3634 praesentialiter
1581 3564 2102 3635 retulistis,qualiter

532 3661 752 3731 quidam
792 3657 858 3713 de
905 3655 1323 3711 occidentalibus
1369 3655 1636 3724 episcopis
1694 3663 1979 3711 senserunt
2035 3657 2101 3712 de

532 3747 1039 3816 chorepiscOporum
1091 3743 1310 3806 ordine,
1353 3752 1408 3796 et
1459 3743 1602 3811 quod
1646 3743 1862 3812 quidam
1912 3756 2100 3799 eorum

530 3838 906 3895 reordinarent
931 3835 1069 3898 illos,
1092 3833 1182 3903 qui
1206 3833 1534 3902 temporibus
1555 3841 1953 3888 antecessorum
1976 3846 2102 3888 suo-

532 3943 652 3983 rum
676 3941 706 3980 a
737 3923 1134 3994 chorepiscopis
1177 3921 1408 3977 ordinati
1444 3929 1589 3984 sunt,
1636 3920 1979 3991 presbyteros
2017 3927 2100 3975 at-

531 4032 637 4088 que
679 4015 949 4080 diaconos,
981 4025 1078 4066 nec
1110 4024 1214 4064 non
1238 4017 1292 4064 et
1333 4009 1586 4064 ecclesias
1623 4009 1691 4063 ab
1730 4009 1808 4064 eis
1855 4007 2102 4064 similiter

527 4111 906 4166 consecratas,
961 4100 1305 4170 profanantes
1352 4112 1566 4153 omnem
1623 4097 2099 4152 sanctificationem

530 4194 834 4265 pristinam,
857 4191 1010 4260 quasi
1052 4204 1156 4243 non
1204 4188 1516 4258 legitimam,
1547 4201 1708 4255 quam
1754 4196 1931 4242 tamen
1975 4202 2098 4241 cum

532 4298 797 4338 consensu
845 4290 1005 4348 atque
1035 4287 1300 4347 praecepto
1344 4276 1711 4345 episcoporum
1746 4291 1963 4330 suorum
1999 4275 2098 4343 ipsi

531 4369 897 4440 chorepiscopi
927 4372 1387 4437 perpetraverunt.

605 4457 754 4512 Unde
791 4464 846 4508 et
884 4454 1176 4508 schismata
1209 4453 1261 4506 in
1286 4451 1518 4507 Ecclesia
1556 4452 1652 4505 Dei
1678 4452 1943 4514 oriuntur,
1977 4465 2098 4504 cum

532 4553 772 4600 rectores
813 4542 992 4611 populi
1033 4539 1126 4596 Dei
1164 4542 1217 4595 in
1249 4541 1490 4596 doctrina
1521 4556 1615 4595 sua
1639 4541 1705 4596 ab
1736 4540 1964 4594 invicem
1991 4541 2099 4594 dis-

531 4644 755 4704 crepant
783 4653 793 4688 :
829 4633 916 4689 alii
962 4634 1200 4687 dicentes
1227 4632 1389 4688 licere
1409 4632 1806 4702 chorepiscopis
1831 4647 1949 4686 cum
1973 4646 2100 4686 con-

531 4739 692 4779 sensu
720 4730 776 4779 et
793 4731 1061 4794 praecepto
1091 4723 1355 4792 majorum
1387 4738 1624 4787 suorum,
1657 4722 1758 4777 hoc
1785 4731 1867 4778 est
1896 4737 2098 4792 praesu-

2201 3561 2471 3623 obsecrat,
2512 3559 2696 3613 dicens
2723 3556 2976 3628 (Philipp.
3009 3555 3071 3625 ιι)
3099 3575 3110 3610 :
3143 3573 3160 3606 ι
3197 3554 3252 3610 Si
3293 3570 3398 3624 qua
3427 3572 3558 3626 ergo
3581 3573 3764 3613 conso-

2208 3668 2225 3700 ι
2270 3649 2396 3702 latio
2423 3649 2476 3701 in
2499 3647 2735 3712 Christo,
2761 3648 2806 3701 si
2827 3647 2967 3716 quod
2989 3647 3240 3701 solatium
3269 3646 3571 3711 charitatis,
3601 3648 3646 3702 si
3665 3663 3769 3717 qua

2208 3757 2226 3790 ε
2275 3739 2504 3793 societas
2548 3736 2863 3807 spiritualis,
2896 3737 2940 3790 si
2977 3752 3082 3807 qua
3123 3737 3335 3791 viscera
3373 3739 3766 3793 miserationis:

2208 3843 2226 3876 ι
2270 3826 2484 3895 implete
2509 3825 2758 3893 gaudium
2785 3839 2986 3889 meum,
3019 3833 3077 3879 ut
3102 3825 3242 3880 idem
3269 3826 3508 3895 sapiatis,
3531 3827 3769 3881 eamdem

2208 3932 2226 3965 ι
2272 3915 2594 3971 charitatem
2638 3916 2920 3980 habentes,
2951 3916 3256 3982 unanimes,
3282 3917 3514 3987 idipsum
3540 3919 3769 3973 sentien-

2207 4023 2226 4056 ‹
2267 4014 2367 4071 tes,
2417 4006 2548 4060 nihil
2591 4021 2688 4075 per
2729 4007 3147 4070 contentionem,
3194 4022 3368 4076 neque
3420 4022 3517 4077 per
3561 4008 3769 4062 inanem

2206 4114 2226 4148 ι
2272 4095 2495 4165 gloriam
2521 4111 2532 4147 :
2558 4094 2652 4149 sed
2677 4093 2731 4148 in
2759 4094 3058 4149 humilitate
3083 4095 3389 4166 superiores
3414 4097 3516 4151 sibi
3547 4097 3767 4152 invicem

2208 4203 2225 4234 α
2271 4184 2617 4249 arbitrantes,
2645 4199 2750 4237 non
2779 4199 2897 4252 qua:
2941 4198 3038 4238 sua
3073 4193 3198 4238 sunt
3224 4186 3631 4241 considerantes
3657 4188 3765 4241 sin-

2207 4292 2224 4322 σ
2271 4273 2404 4342 guli,
2429 4273 2524 4326 sed
2550 4287 2611 4326 ea
2647 4287 2766 4341 qua:
2812 4271 3060 4327 aliorum.
3101 4294 3118 4323 ι
3148 4272 3301 4328 Unde
3329 4282 3383 4328 et
3433 4275 3548 4344 ipse
3588 4275 3768 4329 volens

2193 4359 2434 4428 juniores
2461 4375 2586 4416 suos
2612 4361 2944 4416 auditoribus
2966 4362 3363 4427 commendare,
3387 4371 3442 4417 et
3465 4380 3570 4419 non
3590 4365 3771 4434 despe-

2201 4461 2339 4516 ctos,
2368 4451 2460 4505 sed
2483 4449 2840 4518 acceptabiles
2884 4451 3132 4515 reddere,
3156 4450 3470 4508 Corinthios
3498 4453 3768 4518 admonet,

2200 4543 2384 4596 dicens
2411 4539 2460 4608 (1
2488 4538 2609 4592 Cor.
2641 4538 2715 4608 Iv)
2753 4558 2764 4592 :
2803 4558 2819 4590 ‹
2854 4539 3006 4609 Rogo
3035 4555 3162 4610 ergo
3194 4555 3312 4607 vos,
3355 4540 3768 4608 fratres,,imitao

2207 4650 2224 4684 ι
2271 4641 2415 4686 tores
2437 4630 2543 4684 mei
2566 4638 2758 4695 estote,
2789 4629 2930 4684 sicut
2946 4638 3001 4685 et
3025 4644 3124 4702 ego
3149 4631 3370 4686 Christi.
3405 4632 3528 4688 [deo
3551 4633 3669 4688 misi
3699 4634 3765 4687 ad

2208 4738 2226 4773 σ
2269 4735 2365 4774 vos
2394 4719 2755 4784 Timotheum,
2777 4719 2869 4788 qui
2899 4727 2983 4774 est
3013 4719 3152 4775 ﬁlius
3177 4736 3331 4777 meus
3354 4723 3698 4778 charissimus
3717 4732 3770 4778 et

533 4814 642 4869 lum
666 4815 941 4869 civitatum
970 4812 1070 4868 sub
1105 4813 1298 4881 quibus
1323 4812 1423 4881 ipsi
1453 4811 1672 4882 degunt,
1701 4829 1895 4867 manus
1919 4813 2094 4882 bapti-
2125 4805 2176 4865 D
2208 4831 2225 4862 ι
2273 4808 2446 4864 fidelis
2500 4808 2553 4862 in
2597 4807 2844 4873 Domino,
2891 4808 2982 4878 qui
3024 4823 3121 4864 vos
3165 4810 3614 4866 commonefaciat
3655 4810 3770 4866 vias

533 4904 669 4958 zatis
693 4905 984 4974 imponere,
1002 4911 1061 4958 ut
1089 4902 1356 4971 accipiant
1380 4900 1639 4971 Spiritum
1662 4909 1926 4966 sanctum,
1949 4915 2097 4970 pres-

532 4993 853 5061 byterosque
894 5000 1055 5060 atque
1087 4990 1372 5055 diaconos,
1405 5004 1612 5044 necnon
1653 4999 1707 5044 et
1739 4997 1961 5044 caeteros
1997 4988 2097 5042 Ec-

530 5079 707 5134 clesia:
737 5080 932 5149 gradus
957 5080 1207 5135 ordinare
1235 5096 1246 5132 :
1273 5079 1362 5133 alii
1407 5094 1535 5133 vero
1578 5077 1918 5144 afﬁrmantes,
1954 5077 2096 5132 nullo

533 5171 690 5226 modo
735 5171 816 5226 eis
861 5172 962 5226 hoc
990 5172 1344 5226 ministerium
1392 5179 1714 5241 competere,
1753 5170 1847 5225 sed
1887 5177 2095 5223 tantum

532 5259 634 5314 illis
659 5259 924 5328 episcopis
965 5260 1055 5329 qui
1087 5261 1306 5314 urbibus
1326 5269 1580 5329 praesunt.
1613 5259 1687 5312 Ex
1713 5273 1818 5328 quo
1849 5258 2092 5312 videlicet

528 5351 835 5405 excitantur
868 5359 1043 5413 sectar,
1085 5350 1314 5415 invidiae,
1365 5351 1478 5416 ira-,
1511 5350 1662 5414 rixae,
1706 5349 2091 5412 azmulationcs,

531 5439 910 5504 dissensiones,
935 5440 1305 5494 contentiones
1323 5458 1332 5492 :
1348 5455 1442 5508 per
1475 5455 1594 5509 qua:
1617 5439 1768 5492 multi
1792 5440 1857 5492 de
1879 5437 2090 5508 populo,

528 5529 770 5584 videntes
794 5530 1167 5600 magistrorum
1191 5530 1595 5594 dissensionem,
1622 5545 1726 5584 non
1753 5529 2094 5583 mediocriter

529 5620 977 5676 scandalizantur.

597 5706 713 5763 Non
741 5711 882 5764 enim
916 5709 1215 5778 hujusmodi
1242 5711 1533 5779 litigatores
1582 5713 1722 5765 illam
1748 5712 2088 5767 concordiam

2211 4919 2229 4950 ι
2274 4913 2440 4961 meas,
2479 4913 2598 4967 quae
2639 4905 2765 4952 sunt
2801 4898 2855 4952 in
2900 4895 3117 4953 Christo
3146 4897 3295 4965 Jesu,
3330 4900 3473 4955 sicut
3499 4902 3692 4971 ubique
3716 4901 3768 4954 in

2211 5007 2228 5038 ε
2274 4988 2510 5043 Ecclesia
2544 4988 2730 5042 doceo.
2770 5005 2789 5039 ι
2826 4985 2894 5040 Et
2929 5002 3145 5041 rursum
3195 4986 3249 5057 (Ι
3292 4986 3415 5042 Cor.
3459 4989 3574 5060 xw)
3605 5007 3618 5042 :
3649 5007 3669 5040 α
3712 4985 3768 5043 Si

2210 5101 2226 5132 ι
2271 5090 2470 5146 autem,
2507 5079 2699 5149 inquit,
2729 5079 2937 5134 venerit
2977 5078 3315 5145 Timotheus,
3343 5080 3522 5134 videte
3565 5088 3621 5134 ut
3653 5079 3771 5134 sine

2209 5189 2225 5221 ‹
2269 5170 2460 5225 timore
2496 5169 2564 5224 sit
2585 5169 2727 5238 apud
2753 5183 2848 5223 vos
2875 5182 2888 5221 :
2917 5183 3050 5238 opus
3076 5169 3220 5224 enim
3255 5167 3471 5224 Domini
3498 5178 3768 5240 operatur,

2208 5278 2226 5310 ‹
2273 5261 2411 5316 sicut
2435 5269 2490 5314 et
2514 5274 2632 5329 ego.
2666 5257 2742 5312 Ne
2764 5258 2885 5326 quis
2909 5273 3038 5327 ergo
3062 5257 3210 5312 illum
3260 5266 3502 5328 spernat,
3527 5258 3770 5313 deducite

2208 5369 2225 5400 ι
2273 5349 2418 5403 illum
2444 5365 2495 5402 ιη
2528 5363 2678 5417 pace,
2710 5357 2770 5402 ut
2790 5347 2971 5402 veniat
3004 5346 3071 5401 ad
3113 5361 3199 5402 me
3228 5365 3240 5400 :
3265 5355 3518 5419 exspecto
3543 5349 3684 5402 enim
3709 5344 3768 5401 il-

2207 5459 2224 5491 ‹
2272 5441 2380 5492 lum
2403 5454 2523 5494 cum
2564 5437 2842 5491 fratribus.
2883 5457 2900 5489 ›
2935 5435 3047 5491 Hoc
3095 5445 3271 5491 autem
3317 5447 3638 5508 praceptum
3671 5437 3774 5490 bu-

2202 5531 2440 5587 militatis
2464 5529 2606 5585 clare
2635 5529 2703 5583 ab
2726 5529 2839 5598 ipsa
2862 5529 3100 5583 Veritate
3119 5530 3364 5599 sumpsit,
3387 5531 3570 5599 quaain
3595 5529 3773 5585 Evan-

2200 5623 2339 5690 gelio
2367 5620 2656 5689 discipulos
2687 5622 2751 5674 de
2795 5619 3030 5689 primatu
3073 5622 3458 5678 contendentes
3491 5620 3769 5686 instruxit,

2200 5712 2382 5766 dicens
2409 5709 2620 5781 (Matth.
2660 5708 2749 5780 xx)
2791 5727 2804 5763 :
2851 5728 2868 5759 ι
2920 5708 3091 5779 Reges
3139 5710 3381 5779 gentium
3422 5711 3769 5766 dominantur
