3924 6336
191 352 325 406 H97

1465 348 1551 402 DE
1597 347 2151 405 CilOREPlSCGPlS.

3299 352 3430 406 HM

194 487 213 520 σ
257 479 475 528 eorum,
511 470 566 518 et
589 463 679 533 qui
707 469 1025 532 potestatem
1049 464 1249 518 habent
1274 478 1436 533 super
1455 478 1570 527 eos,
1606 464 1761 518 bcne-
1789 467 1836 525 Α
1865 467 2179 537 signationis
2221 469 2540 539 pontificalis
2585 468 2900 525 adhibenda:
2941 468 3157 523 sibimet
3199 473 3439 538 arripere

192 573 210 608 ε
253 555 340 611 fici
365 562 646 609 vocantur.
672 554 779 608 Vos
822 564 1000 609 autem
1043 569 1148 609 non
1182 555 1295 610 sic:
1331 557 1422 611 sed
1455 557 1546 624 qui
1590 555 1759 624 major

191 666 209 699 ι
255 655 340 702 est
367 646 422 700 in
443 644 619 708 vobis,
655 645 750 699 fiat
793 643 1174 712 sicutjunior;
1232 654 1287 701 et
1329 647 1418 716 qui
1466 662 1762 717 prrecessor

188 757 208 790 ι
253 745 358 801 est,
383 736 522 791 sicut
556 736 909 791 ministratur.
946 755 962 787 ι
999 735 1065 790 Ει
1086 751 1182 791 suo
1206 751 1299 792 eos
1324 737 1569 807 exemplo
1598 737 1763 794 infor-

184 842 340 882 mans
363 828 626 896 sequitur,
654 826 838 881 dicens
865 824 1014 896 (Luc.
1044 841 1190 893 nn;
1219 827 1408 882 Matth.
1440 828 1533 899 xx)
1562 847 1573 882 :
1605 847 1623 879 ι
1651 828 1761 900 Ego

190 935 208 967 ι
250 926 431 972 autem
457 917 513 970 in
549 916 728 971 medio
752 925 991 971 vestrum
1015 932 1133 971 sum
1165 917 1304 974 sicut
1325 919 1417 988 qui
1443 917 1716 972 ministrat
1746 937 1759 972 :

189 1027 210 1062 α
251 1009 394 1063 filius
419 1009 559 1064 enim
593 1008 827 1062 hominis
862 1024 967 1062 non
994 1009 1141 1063 venit
1179 1009 1499 1074 ministrari,
1533 1009 1626 1064 sed
1662 1009 1763 1063 mi-

189 1118 209 1152 ‹
253 1099 502 1159 nistrare,
533 1108 587 1154 et
616 1099 745 1153 dare
767 1098 998 1152 animam
1033 1114 1188 1154 suam
1220 1099 1640 1168 redemptionem
1663 1115 1762 1169 pro

189 1208 208 1240 t
251 1189 449 1243 multis.
486 1208 504 1240 δ

256 1277 534 1331 llabehaut
558 1279 700 1332 enim
729 1278 828 1347 ipsi
863 1278 1090 1347 apostoli
1120 1277 1399 1348 adjutores
1426 1279 1480 1335 in
1506 1280 1763 1350 przedica-

184 1370 332 1424 tione
362 1367 635 1439 Evangelii
660 1367 885 1433 Christi,
915 1371 1006 1439 qui
1037 1371 1200 1425 etiam
1225 1371 1595 1426 ordinationes
1626 1372 1763 1427 fece-

183 1465 314 1513 runt
360 1474 424 1512 ex
474 1459 754 1528 praeceptis
799 1473 1007 1514 eorum.
1034 1459 1186 1516 Unde
1243 1460 1439 1530 legitur
1484 1461 1537 1515 in
1575 1462 1761 1516 codice

183 1562 345 1617 quem
375 1547 635 1600 Damasus
660 1562 796 1616 papa
819 1548 886 1603 de
907 1549 1172 1619 episcopis
1202 1551 1456 1605 Romanae
1484 1550 1757 1617 Ecclesiae,

182 1648 400 1709 petente
443 1639 769 1710 Hieronymo
817 1641 1162 1712 presbytero,
1222 1644 1562 1714 conscripsit,
1619 1644 1760 1713 quod

184 1727 351 1783 Linus
377 1739 431 1784 et
453 1730 636 1785 Clctus
665 1745 731 1785 ex
761 1743 1028 1801 prmcepto
1052 1733 1195 1788 beati
1225 1733 1370 1789 Petri
1393 1735 1759 1790 ordinationes

182 1819 619 1890 presbyterorum
643 1820 886 1876 fecerunt
916 1839 928 1874 :
959 1837 1080 1877 eum
1109 1831 1286 1878 tamen
1308 1834 1431 1894 post
1453 1825 1761 1894 passionem
1793 1810 1836 1868 Β

182 1908 349 1976 Petri,
383 1928 488 1966 non
525 1913 620 1977 illi,
665 1915 758 1969 sed
798 1914 1062 1980 Clemens,
1097 1917 1148 1970 in
1191 1918 1451 1974 honorem
1494 1921 1765 1974 cathedrae

182 2004 527 2069 successerit,
561 2005 676 2074 ipso
710 2005 882 2060 eidem
924 2008 1168 2062 tradente
1205 2007 1448 2078 principe
1493 2010 1765 2078 apostolo-

183 2108 326 2158 rum,
368 2094 507 2149 sicut
557 2095 781 2165 epistola
829 2095 1067 2163 ejusdem
1099 2097 1410 2164 Clementis,
1456 2101 1655 2170 scripta
1698 2116 1765 2156 ex

181 2183 440 2238 mandato
464 2182 610 2239 Petri
635 2186 700 2239 ad
723 2183 980 2242 Iacobum
1011 2187 1231 2244 fratrem
1260 2191 1492 2256 Domini,
1517 2200 1760 2248 testatur.

182 2270 329 2329 Hinc
354 2289 479 2330 reor
503 2275 647 2346 quod
683 2291 815 2332 usus
845 2277 1352 2349 chorepiscoporum
1379 2281 1554 2350 primo
1597 2283 1762 2352 origi-

183 2380 308 2420 nem
335 2367 648 2436 sumpserit,
688 2376 743 2422 et
784 2369 1047 2425 hactenus
1079 2370 1134 2424 in
1174 2371 1412 2426 Ecclesia
1439 2373 1760 2436 retineatur,

182 2463 244 2510 ut
273 2456 373 2526 ipsi
417 2457 785 2527 chorepiscopi
831 2473 860 2512 a
912 2461 1148 2529 propriis
1203 2462 1469 2534 episcopis
1509 2464 1763 2528 ordinati,

177 2546 334 2617 juxta
362 2556 685 2617 praeceptum
710 2563 920 2612 eorum,
943 2549 1196 2604 diaconos
1228 2559 1283 2604 et
1310 2551 1677 2623 presbyteros,
1705 2568 1768 2607 ac

185 2648 413 2692 exteros
447 2635 646 2707 gradus
670 2636 938 2703 ordinent,
965 2646 1126 2708 atque
1158 2639 1366 2709 reliqua
1395 2640 1565 2695 otiicia
1589 2656 1768 2697 sacer-

188 2728 390 2784 dotalia
425 2737 700 2798 peragant.

266 2818 416 2875 Unde
449 2821 616 2873 miror
641 2821 909 2889 quomodo
935 2820 1022 2874 isti
1051 2822 1142 2891 qui
1186 2823 1326 2877 hanc
1369 2824 1767 2878 contentionem

186 2917 422 2975 movent,
438 2909 682 2964 ordinem
705 2909 1206 2979 chorepiscoporum
1229 2919 1434 2965 tantmn
1449 2912 1764 2982 despiciant,

187 3008 247 3054 ut
273 3014 411 3069 pene
442 3001 524 3055 eis
549 2996 681 3055 ni'nii
714 2998 944 3072 amplius
971 3014 1001 3052 a
1042 2998 1305 3068 dignitate
1332 3002 1767 3072 presbyterorum

188 3091 431 3146 tribuant
461 3108 474 3144 :
503 3106 626 3146 cum
667 3092 770 3147 hoc
800 3108 900 3148 nec
945 3108 1226 3159 novorum,
1275 3106 1375 3150 nec
1401 3092 1765 3160 antiquorum.

187 3198 289 3238 nec
318 3183 480 3238 etiam
507 3183 636 3253 ipsis
660 3184 1024 3253 apostolorum
1052 3185 1396 3256 dogmatibus
1418 3183 1763 3243 consuetudi-
1794 3168 1837 3235 (ἶ

188 3273 454 3342 nibusque
487 3275 792 3338 conveniat,
827 3275 921 3330 sed
961 3265 1013 3330 in
1058 3291 1220 3331 sensu
1247 3277 1407 3331 simul
1447 3293 1477 3332 a
1519 3277 1766 3348 dogmate

187 3365 491 3420 dissentiat.
522 3363 861 3420 Claretenim
893 3366 1016 3431 hoc,
1049 3370 1191 3438 quod
1219 3368 1270 3422 in
1299 3369 1382 3423 his
1417 3383 1522 3423 non
1550 3369 1688 3422 ratio
1714 3377 1768 3422 et

187 3455 486 3520 humilitas,
537 3457 629 3511 sed
661 3456 860 3511 invidia
896 3466 1057 3528 atque
1085 3459 1337 3526 superbia
1375 3459 1720 3514 dominentur
1749 3475 1763 3512 :

187 3545 263 3600 ita
288 3553 347 3600 ut
369 3546 638 3616 despectis
674 3549 1116 3615 cooperatoribus
1145 3549 1275 3614 suis,
1308 3550 1406 3619 ipsi
1435 3549 1533 3606 suii
1576 3558 1767 3619 poten-

185 3645 272 3692 tes
302 3651 366 3691 ac
396 3635 821 3691 sanctiﬁcatione
869 3637 1129 3706 pollentes
1177 3639 1347 3694 videri
1390 3649 1643 3709 appetant
1672 3660 1683 3693 :
1714 3646 1770 3696 ei

186 3729 290 3790 339-3
316 3728 461 3804 quod
497 3729 669 3786 sancti
699 3729 882 3784 Patres
919 3731 987 3782 ad
1018 3730 1363 3786 concordiam
1403 3741 1460 3786 et
1506 3733 1765 3788 unionem

187 3825 412 3894 singulis
441 3821 788 3894 dignitatibus
810 3820 1266 3889 conscripserunt,
1299 3821 1398 3890 ipsi
1431 3823 1603 3893 magis
1623 3823 1770 3878 dam-

188 3918 463 3972 nationem
516 3915 757 3979 noxiam,
807 3929 968 3984 quam
1026 3916 1316 3970 discretam
1362 3914 1768 3984 dispositionem

183 4021 307 4063 esse
362 4009 569 4077 putent.
600 4003 920 4073 Praecipiunt
948 4004 1092 4058 enim
1137 4004 1278 4058 sacri
1314 4017 1549 4058 canones
1590 4002 1767 4071 quali-

185 4107 272 4152 ter
299 4093 670 4166 unusquisque
711 4095 846 4149 ordo
873 4109 1179 4149 tneusuram
1221 4109 1373 4149 suam
1414 4094 1706 4158 custodiat,
1738 4108 1769 4146 a

183 4187 415 4243 minimo
463 4195 640 4255 usque
664 4181 730 4238 ad
752 4183 1067 4246 maximum,
1091 4191 1148 4238 et
1169 4184 1345 4238 minor
1361 4185 1558 4255 gradus
1581 4183 1768 4254 majori

185 4291 406 4346 semper
425 4275 677 4331 subditus-
696 4271 789 4326 ιιι
821 4290 835 4326 :
868 4273 940 4327 ita
965 4281 1024 4327 ut
1046 4274 1256 4328 diaconi
1286 4273 1490 4343 absque
1519 4274 1770 4342 episcopo

183 4370 272 4427 vel
295 4368 612 4439 presbytero
659 4365 935 4436 baptizare
980 4381 1084 4420 non
1126 4374 1474 4435 prtesumant,
1505 4365 1604 4419 nisi
1635 4380 1770 4434 pm:-

185 4461 350 4518 dictis
375 4458 623 4515 fortassis
668 4451 859 4514 ciliciis
885 4454 1096 4525 longius
1121 4456 1430 4511 constitutis
1475 4455 1770 4509 necessitas

184 4562 432 4609 extrema
456 4549 742 4618 compellat
775 4566 788 4601 :
817 4558 872 4603 et
894 4553 952 4602 ut
976 4547 1204 4617 gratiam
1239 4561 1408 4605 sacra:
1432 4546 1764 4602 communio-

184 4645 274 4704 nis
297 4649 418 4716 pos:
457 4640 803 4711 presbyteros
831 4639 1100 4708 accipiant
1137 4639 1368 4706 diaconi,
1394 4649 1485 4695 aut
1523 4649 1774 4711 epispon

185 4738 267 4794 eis
287 4746 380 4791 aut
398 4733 712 4807 presbytero
737 4730 1046 4801 porrigeute
1080 4747 1092 4782 :
1127 4729 1220 4785 sed
1249 4733 1357 4786 nec
1377 4731 1564 4788 sedere
1586 4732 1640 4787 in
1667 4747 1773 4786 me-

186 4829 278 4885 dio
303 4827 746 4898 presbyterorum
787 4819 1029 4880 diaconis
1059 4820 1237 4885 liceat,
1270 4837 1368 4877 nec
1397 4809 1568 4878 etiam.
1587 4838 1772 4878 coram

183 4919 508 4990 presbytero
541 4918 728 4972 sedere
760 4917 1011 4981 audeant,
1051 4913 1147 4972 sed
1180 4913 1426 4986 jussione
1470 4905 1777 4986 presbyteri

183 5015 429 5070 sedeant.
457 5013 720 5068 Similiter
743 5028 956 5084 quoque
1001 5017 1280 5076 mandant,
1305 5029 1366 5067 ut
1404 5012 1643 5071 diaconi:
1671 5014 1770 5070 i20-

184 5116 290 5157 nor
313 5101 632 5155 exhibentur
657 5101 722 5155 ab
749 5098 1193 5170 obsequentibus,
1219 5101 1271 5156 id
1295 5111 1400 5168 est,
1423 5103 1765 5160 subdiaconis

176 5204 234 5250 et
272 5191 524 5245 omnibus
549 5190 780 5245 clericis.

257 5280 333 5334 Dc
361 5281 691 5350 presbyieiis
727 5295 858 5335 vero
899 5281 949 5334 in
980 5279 1215 5335 decretis
1265 5279 1464 5337 Gelasii
1494 5296 1646 5352 papa:
1689 5282 1760 5335 ita

186 5373 446 5443 scriptum
473 5382 556 5427 est
585 5373 781 5442 (Getas.
815 5373 864 5438 1,
922 5389 1001 5442 ep.
1052 5373 1106 5436 9,
1150 5390 1196 5426 ε.
1231 5373 1284 5445 t3)
1316 5390 1328 5427 :
1367 5393 1383 5423 ι
1423 5370 1529 5428 Nec
1585 5374 1762 5430 minus

185 5465 348 5520 etiam
373 5464 719 5533 presbyteros
749 5463 887 5518 ultra
916 5479 1068 5516 suum
1105 5463 1320 5518 modmn
1344 5463 1563 5520 tendere
1588 5464 1765 5533 prohi-

183 5554 395 5615 bemus,
424 5566 524 5606 nec
548 5552 834 5622 episcopali
869 5552 1083 5623 fastigio
1128 5553 1305 5608 debita
1356 5554 1570 5608 sibimet
1598 5554 1759 5608 auda-

185 5652 304 5700 cter
325 5656 601 5696 assumere
627 5660 640 5697 :
665 5659 764 5698 nec
791 5643 1107 5699 conficiendi
1146 5645 1476 5711 chrismatis,
1505 5661 1601 5701 nec
1632 5661 1761 5700 con-

257 5773 284 5800 ι
307 5759 654 5817 Parcuthesis
684 5773 763 5819 est
791 5763 1017 5820 Rabani.

1868 556 2170 612 facultatem
2203 578 2214 610 :
2243 575 2345 613 non
2373 567 2633 627 pmsente
2658 558 2896 627 quolibet
2919 559 3177 624 antistite,
3207 560 3308 614 nisi
3330 559 3439 612 for-

1866 657 2009 701 tasse
2027 646 2338 714 jubeantur,
2367 650 2449 702 vel
2474 646 2734 702 orationis
2755 646 2837 702 vel
2866 647 3091 703 actionis
3117 663 3285 704 sacrm
3314 664 3441 717 supo

1865 748 2050 807 petere
2084 737 2184 792 sibi
2238 747 2565 808 prrcsumant
2611 736 2882 791 licentiam
2919 755 2932 789 :
2963 752 3137 806 neque
3183 739 3282 793 sub
3319 740 3441 810 ejus

1865 837 2110 898 aspectu,
2142 829 2246 883 nisi
2276 829 2587 898 jubeantur,
2617 837 2711 883 aut
2755 829 2943 885 sedere
2969 839 3318 899 praesumant,
3350 842 3447 887 aut

1864 921 2189 976 venerabilia
2216 929 2451 976 tractare
2473 920 2776 992 mysteria:
2810 935 2910 976 nec
2955 921 3058 976 sibi
3097 922 3441 978 meminerint

1865 1011 1971 1066 ulla
2001 1012 2209 1066 ratione
2253 1009 2496 1074 concedi,
2528 1010 2645 1064 sine
2675 1024 2884 1066 summo
2914 1010 3191 1079 pontifice,
3217 1009 3438 1066 subdia-

1863 1119 2057 1160 conum
2087 1102 2170 1156 vel
2199 1103 2502 1173 acolytbum
2523 1100 2615 1170 jus
2638 1100 2838 1156 habere
2865 1101 3090 1156 faciendi
3117 1119 3128 1154 :
3155 1116 3254 1156 nec
3280 1116 3439 1170 pror-

1863 1210 1956 1250 sus
1980 1194 2242 1257 dubitent,
2281 1193 2324 1247 si
2350 1192 2641 1262 quidquam
2669 1192 2736 1246 ad
2759 1191 3060 1261 episcopale
3081 1193 3440 1248 ministerium

1863 1283 2170 1355 specialiter
2192 1285 2486 1354 pertinens,
2515 1298 2614 1338 suo
2644 1291 2774 1338 nutu
2817 1283 3122 1353 putaverint
3140 1297 3440 1353 exsequen-

1862 1376 2012 1439 dum,
2038 1375 2291 1429 continuo
2319 1388 2377 1428 se
2407 1373 2725 1444 presbyterii
2755 1374 3016 1444 dignitate
3038 1383 3091 1429 et
3119 1389 3274 1429 sacra
3295 1389 3444 1429 com-

1862 1468 2118 1522 munione
2145 1467 2367 1537 privari.
2402 1485 2419 1516 ι

1932 1556 2009 1612 De
2032 1557 2428 1627 chorepiscopis
2453 1566 2634 1612 autem
2686 1557 2738 1612 in
2779 1557 3062 1628 Ancyrano
3086 1558 3318 1613 concilio
3366 1559 3440 1614 ita

1863 1653 2120 1723 scriptum
2151 1661 2234 1706 cst
2265 1651 2417 1723 (Con.
2453 1652 2541 1722 19)
2581 1671 2594 1706 :
2633 1672 2649 1704 ι
2680 1653 3095 1723 Chorcpiscopis
3143 1669 3250 1708 non
3279 1651 3442 1707 licere

1863 1745 2212 1815 presbyteros
2238 1753 2330 1798 aut
2358 1745 2615 1800 diaconos
2651 1745 2927 1810 ordinare,
2955 1744 3048 1801 sed
3093 1760 3194 1801 nec
3223 1746 3445 1815 presby-

1868 1845 2012 1890 teros
2033 1835 2289 1899 civitatis,
2327 1835 2444 1890 sine
2471 1845 2739 1906 prtecepto
2775 1838 3011 1906 episcopi
3041 1836 3124 1892 vel
3147 1837 3359 1901 litteris,
3387 1836 3444 1890 in

1864 1941 2190 1996 unaquaque
2238 1927 2516 1996 parochia.
2555 1947 2572 1979 ι
2605 1926 2874 1994 Attende,
2926 1929 3070 1999 quod
3142 1943 3247 1982 non
3291 1927 3442 1992 dicit,

1866 2017 2266 2086 chorepiscopis
2297 2031 2402 2071 non
2428 2016 2590 2072 licere
2630 2017 2846 2088 penitus
2883 2017 3140 2074 diaconos
3165 2027 3254 2072 aut
3280 2031 3436 2087 pres-

1865 2106 2082 2177 byteros
2128 2107 2412 2171 ordinare,
2438 2107 2531 2162 sed
2559 2121 2662 2160 non
2686 2106 2842 2162 aliter
2870 2106 3056 2172 licere,
3087 2107 3188 2161 nisi
3215 2121 3281 2161 ex
3309 2121 3445 2176 prat-

1865 2206 2022 2267 cepto
2062 2197 2297 2268 episcopi
2339 2197 2422 2251 sui
2461 2196 2544 2252 vel
2590 2197 2784 2253 litteris
2824 2197 2878 2253 in
2923 2212 3242 2267 unaquaque
3281 2211 3443 2267 paro-

1866 2287 2008 2343 chia.

1936 2379 2066 2433 item
2097 2378 2150 2432 in
2175 2376 2506 2433 Antiocheno
2533 2376 2762 2434 concilio
2796 2377 2874 2433 sic
2896 2376 3089 2448 legitur
3124 2375 3277 2441 (Can.
3309 2374 3396 2448 10)
3428 2395 3441 2431 :

1874 2486 1892 2519 ι
1930 2467 2030 2535 Qui
2058 2469 2112 2523 in
2139 2469 2273 2524 vicis
2297 2466 2382 2524 vel
2419 2467 2849 2538 possessionibus
2881 2466 3250 2537 chorepiscopi
3274 2467 3446 2521 nomi-

1871 2569 2091 2624 nantur,
2119 2560 2368 2628 quamvis
2403 2575 2598 2614 manus
2633 2558 3028 2629 impositionem
3067 2557 3442 2628 episcoporum

1868 2653 2230 2722 perceperint,
2272 2661 2327 2706 et
2364 2661 2425 2707 ut
2470 2651 2705 2722 episcopi
2735 2650 3033 2706 consecrati
3077 2650 3207 2714 sint,
3264 2659 3446 2705 tamen

1869 2759 2040 2798 sacra:
2065 2744 2268 2814 synodo
2297 2743 2519 2814 placuit,
2550 2752 2610 2798 ut
2635 2743 2850 2798 modum
2885 2742 3158 2812 proprium
3183 2757 3446 2812 recogno-

1869 2844 2043 2900 scant,
2075 2844 2128 2890 et
2153 2836 2452 2906 gubernem
2483 2832 2752 2902 subiectas
2789 2832 2891 2888 sibi
2916 2832 3198 2898 ecclesias,
3229 2845 3447 2888 carum-

1870 2941 1974 2996 que
2032 2926 2398 2981 moderamine
2427 2939 2662 2995 curaqiie
2718 2923 2954 2981 contenti
3002 2924 3129 2980 sint.
3187 2922 3451 2980 Ordinent

1869 3017 2032 3072 etiam
2059 3017 2290 3072 lectores
2308 3025 2364 3071 et
2384 3017 2740 3071 subdiaconos
2767 3025 2930 3088 atque
2973 3015 3291 3073 ezcraistas.
3313 3012 3446 3084 Qui-

1871 3107 1972 3162 bus
2011 3108 2378 3176 promotiones
2423 3107 2538 3162 istae
2577 3103 2844 3164 sufficiant
2881 3124 2896 3162 :
2933 3122 3034 3163 nec
3073 3107 3451 3182 presbyterum

1870 3213 2014 3264 vere,
2051 3213 2148 3258 nec
2169 3198 2454 3256 diaccnnm
2482 3199 2715 3257 audeant
2741 3200 2990 3254 ordinare
3035 3207 3229 3268 praeter
3253 3199 3446 3252 civita-

1869 3293 1938 3348 tis
1963 3292 2272 3362 episcopum
2319 3290 2395 3359 (id
2429 3298 2513 3344 est
2557 3299 2753 3360 praeter
2792 3288 3178 3343 conscientiam
3214 3286 3451 3341 civitatis

1868 3384 2104 3454 episcopi
2135 3384 2184 3454 α)
2211 3382 2295 3437 cui
2334 3381 2450 3451 ipse
2477 3396 2597 3436 cum
2627 3381 2966 3451 possessione
2995 3387 3075 3434 est
3102 3377 3393 3446 subjectus.
3427 3396 3445 3427 ι

1868 3474 2005 3530 Cum
2030 3483 2208 3528 autem
2237 3471 2653 3542 chorepiscopos
2679 3487 2872 3526 manus
2909 3470 3304 3541 impositionem
3329 3470 3447 3540 epi-

1871 3578 2159 3634 sceporum
2184 3561 2460 3630 percipere
2487 3561 2648 3623 dicat,
2684 3568 2740 3615 et
2785 3560 3004 3629 quidem
3041 3559 3183 3614 sicut
3211 3559 3448 3628 episcopi

1867 3649 2171 3715 Censecrati
2221 3651 2330 3710 sini
2377 3668 2391 3709 :
2436 3665 2532 3710 cur
2577 3665 2700 3710 cura
2739 3665 3008 3710 manentia
3053 3650 3447 3722 episcoporum,

1867 3750 2062 3820 quibus
2089 3748 2312 3815 subjecti
2345 3755 2491 3811 sunt,
2521 3747 2955 3802 consecrationes
2981 3755 3262 3800 sacrorum
3297 3741 3445 3795 ordi-

1869 3857 1997 3897 num
2036 3841 2117 3894 eis
2146 3839 2325 3894 facere
2373 3853 2478 3892 non
2514 3837 2658 3901 licet,
2699 3846 2754 3892 et
2786 3852 2908 3892 cum
2953 3836 3245 3891 chrismate
3294 3846 3450 3890 sacro

1869 3930 2054 3985 fideles
2075 3927 2426 3998 consignare?
2456 3925 2663 3979 Vanum
2685 3937 2769 3981 est
2788 3926 2953 3990 enim,
2979 3939 3300 3994 quemquam
3321 3938 3450 3978 con-

1867 4019 2219 4075 secrationem
2243 4016 2604 4088 episcopalem
2632 4016 2848 4078 habere,
2875 4017 2920 4070 si
2954 4014 3311 4070 ministerium
3338 4015 3448 4084 epi-

1868 4111 2016 4179 scopi
2055 4110 2104 4164 ei
2147 4125 2252 4164 non
2300 4109 2427 4163 licet
2479 4123 2656 4179 agere.
2700 4108 2781 4164 Ad
2829 4109 2956 4176 quid
2990 4121 3119 4179 ergo
3165 4107 3447 4161 invocatur

1871 4199 2104 4270 Spiritus
2131 4209 2347 4254 sanctus
2385 4199 2454 4253 ab
2485 4198 2740 4269 episcOpo
2775 4198 3086 4253 ordinatore
3139 4197 3448 4253 sanctifica-

1870 4291 2070 4346 tionem
2100 4305 2346 4359 persona:
2367 4289 2696 4354 ordinanda,
2722 4299 2773 4344 et
2803 4289 3006 4344 tribuat
3033 4287 3219 4361 [Forte
3238 4297 3297 4343 ut
3326 4304 3450 4344 san-

1869 4381 2250 4438 ctificationem
2300 4395 2546 4450 personae
2595 4380 2908 4435 ordinanda:
2948 4378 3195 4451 tribuat],
3238 4379 3282 4432 si
3335 4379 3450 4447 ipse

1874 4471 2152 4526 invocatur
2186 4477 2239 4523 et
2271 4469 2566 4534 ordinatur,
2616 4477 2737 4539 post
2774 4468 3258 4532 consecrationem,
3286 4483 3448 4538 quam

1874 4559 1972 4613 rite
1996 4559 2220 4628 peregit,
2251 4558 2694 4628 reprehenderit?
2718 4557 2966 4627 Nunquid
3005 4558 3289 4612 Dominum
3321 4558 3448 4611 irri-

1872 4653 1980 4714 det,
2020 4649 2169 4717 cujus
2215 4651 2413 4705 donum
2451 4651 2642 4719 poscit,
2684 4666 2805 4705 cum
2849 4659 3034 4720 postea
3082 4650 3210 4704 illud
3246 4652 3446 4704 donum

1870 4741 2169 4816 spreverit?
2215 4739 2464 4810 Nunquid
2496 4757 2600 4795 non
2653 4749 2710 4795 et
2751 4740 3042 4804 calumnia,
3093 4757 3194 4810 qua
3236 4741 3446 4794 Domini

1870 4837 2310 4906 significationem
2359 4831 2546 4908 [Fufia
2594 4831 3101 4905 sanctificationem]
3153 4831 3343 4896 illudit,
3380 4832 3448 4885 ad

1871 4924 2044 4997 ipsum
2085 4935 2358 4982 auctorem
2401 4925 2845 4980 sanctificationis
2889 4923 3184 4994 pertingit?
3223 4921 3448 4975 Planum

1875 5030 1959 5076 est
1985 5035 2112 5090 ergo
2136 5021 2275 5089 quod
2301 5020 2352 5073 in
2383 5018 2582 5089 Spiritu
2629 5027 2816 5072 sancto
2845 5033 2940 5088 per
2962 5017 3182 5070 verbum
3210 5014 3301 5068 Dei
3329 5029 3447 5067 om-

1878 5110 1960 5164 nis
1987 5108 2339 5163 sanctiiicatio
2360 5108 2698 5177 adimpletur.
2737 5106 2802 5160 Et
2829 5119 2998 5175 quare
3045 5119 3149 5158 non
3188 5103 3446 5171 pertime-

1872 5200 1973 5261 sci;
1997 5199 2396 5270 idasphemare,
2425 5206 2481 5252 ct
2513 5199 2767 5268 derogare
2793 5195 3026 5266 Spiritus
3052 5194 3222 5248 sancti
3258 5203 3448 5262 poten-

1874 5301 2134 5355 tiar?cum
2160 5295 2422 5362 scuiptum
2456 5291 2524 5345 sit
2557 5289 2706 5360 (Luc.
2738 5289 2836 5358 xu)
2869 5306 2882 5342 :
2919 5305 2936 5338 ‹
2977 5286 3077 5353 Qui
3105 5286 3301 5340 dixerit
3328 5299 3446 5338 ver-

1877 5409 1898 5442 ο
1939 5393 2064 5447 bum
2095 5402 2281 5446 contra
2338 5393 2510 5446 mium
2565 5381 2818 5444 hominis,
2881 5379 3185 5432 remittetur
3223 5375 3272 5428 ei
3306 5389 3320 5428 :
3354 5375 3444 5443 qui

1874 5501 1891 5532 ι
1936 5482 2108 5537 πήρη]
2147 5483 2344 5537 dixerit
2379 5493 2563 5537 conm,
2616 5471 2870 5542 Spiritum
2915 5477 3188 5530 sanetum,
3216 5482 3319 5520 non
3357 5481 3442 5520 re-

1872 5593 1888 5622 ι
1935 5569 2179 5626 mittetur
2216 5574 2284 5637 ei,
2333 5589 2505 5642 neque
2545 5575 2595 5626 in
2635 5575 2745 5628 ho."-
2787 5559 2993 5613 εποίδιυι
3039 5573 3210 5626 ιιεετιιιυ
3261 5558 3312 5609 ίῖδ
3360 5557 3444 5610 [⁸³-

1868 5683 1884 5712 ‹
1935 5669 2074 5716 tum.
2105 5682 2124 5712 ο
2158 5662 2308 5719 Unde
2343 5664 2532 5720 Petrus
2555 5665 2826 5734 apostole
2886 5651 2936 5705 ίυ
2978 5651 3198 5704 Amm“
3232 5658 3440 5717 εδυυδίοο
