3924 6366
469 418 604 478 1199

1151 421 1211 476 ll.
1256 422 1505 476 ΗΛΒΑΝΙ
1553 423 1765 479 MAUIH
1805 420 2127 478 AllClllEP.
2170 421 2474 478 MOGUNT.
2515 421 2797 478 OPERUM
2833 423 3014 477 PARS
3048 422 3108 478 ll.

3607 427 3706 481 1210

463 538 658 600 lorum,
681 549 803 591 cum
824 528 1130 590 Cornelium
1156 535 1527 591 centurionem
1549 543 1602 589 et
1625 551 1718 590 eos
1746 535 1837 605 qui
1861 548 2047 589 secum
2078 539 2123 593 Α
2155 541 2316 587 rarct.
2350 533 2423 588 De
2451 548 2557 602 quo
2582 540 2634 587 et
2665 533 2775 602 ipsa
2805 533 3039 598 Veritas,
3070 534 3360 602 discipulos
3389 534 3457 586 ad
3488 535 3710 591 imitatio-

465 635 625 682 craut
649 626 855 680 videret
898 625 1172 698 accepisse
1197 626 1428 696 gratiam
1482 625 1716 695 Spiritus
1743 627 1937 689 sancti,
1962 624 2052 678 Ju-

467 718 609 770 dzcos
635 723 824 770 contra
854 729 911 768 se
941 714 1267 770 altercantes
1313 732 1412 786 pro
1449 731 1521 782 ,eo
1562 715 1703 785 quod
1751 716 1816 770 ad
1863 725 2051 786 gentes

466 804 718 858 introiret
739 813 793 857 et
817 806 1166 860 manducaret
1193 820 1314 860 cum
1344 805 1468 871 illis,
1500 804 1590 859 tali
1622 820 1878 875 rcSponso
1907 805 2052 860 refu-

465 906 566 960 tat,
606 896 793 950 dicens
825 915 837 948 :
882 915 900 947 ‹
937 895 994 951 Si
1021 911 1151 967 ergo
1191 899 1438 953 eamdem
1475 899 1702 968 gratiam
1753 897 1900 952 dedit
1944 897 2051 952 illis

467 1007 488 1038 ‹
535 989 676 1042 Deus
701 989 840 1043 sicut
873 997 926 1043 et
955 988 1131 1053 nobis,
1160 990 1250 1058 qui
1283 989 1611 1044 credidimus
1665 989 1717 1042 in
1765 988 2050 1043 Dominum

471 1097 488 1128 ι
531 1077 716 1134 Jesum
749 1079 1020 1134 Christum
1057 1095 1069 1132 :
1104 1096 1202 1151 ego
1231 1081 1352 1150 quis
1381 1096 1527 1135 eram
1560 1080 1651 1148 qui
1686 1093 1901 1149 possem
1927 1093 2051 1148 pro-

469 1193 488 1222 ι
537 1172 724 1228 bibere
755 1173 1081 1227 Dominum?
1115 1173 1209 1227 llis
1239 1172 1435 1226 auditis
1465 1179 1770 1234 tacuerunt,
1798 1180 1852 1225 et
1883 1169 2048 1241 glori-

472 1283 489 1309 σ
535 1262 833 1316 licaveruut
881 1261 1188 1326 Dominum,
1227 1264 1468 1318 dicentes
1505 1277 1517 1315 :
1548 1263 1690 1332 Ergo
1719 1270 1772 1316 ct
1803 1261 2052 1332 gentibus

471 1372 489 1403 ι
534 1355 676 1408 Deus
695 1355 1068 1424 ptenitcntiam
1090 1354 1158 1407 ad
1183 1354 1348 1407 vitam
1372 1353 1519 1408 dedit
1541 1353 1679 1421 (Act.
1711 1351 1810 1422 χι).
1838 1371 1854 1401 ι
1880 1349 2050 1418 Quem

464 1458 594 1512 ergo
622 1442 763 1498 Deus
786 1443 926 1498 dono
949 1444 1174 1512 spiritus
1202 1443 1284 1498 sui
1315 1444 1567 1506 honorat,
1600 1456 1702 1495 non
1733 1450 1812 1494 est
1843 1449 2049 1494 rectum

464 1544 524 1588 ut
552 1535 620 1589 ab
649 1534 955 1588 hominibus
990 1534 1389 1588 deboncstetur.
1433 1531 1542 1586 Nec
1583 1531 1741 1586 debet
1764 1531 2050 1600 quisquam

463 1640 563 1694 pm
585 1625 853 1680 calumnia
877 1625 1311 1694 deputare,quod
1336 1623 1516 1678 divina
1547 1621 1903 1692 dispositione
1923 1638 2050 1678 con-

465 1722 575 1768 stat
603 1713 907 1768 ordinatum
938 1728 1059 1768 esse
1089 1730 1101 1766 :
1129 1728 1248 1783 qua:
1273 1713 1415 1767 enim
1439 1722 1582 1776 sunt,
1611 1727 1639 1764 a
1664 1711 1773 1766 Deo
1802 1711 2050 1766 ordinata

466 1812 613 1857 sunt.
666 1803 899 1858 Proinde
963 1819 1062 1858 nec
1100 1801 1445 1858 inferioribus
1499 1801 1766 1871 episcopis
1817 1801 2051 1872 dignitas

2155 637 2278 677 nem
2322 624 2403 676 sui
2433 637 2766 692 provocans,
2797 622 2872 676 ait
2901 641 2912 675 :
2953 642 2970 673 ι
3006 621 3194 676 Tollite
3219 623 3407 694 jugum
3440 640 3614 679 meum
3640 642 3709 682 su-

2157 729 2176 762 i
2216 727 2311 780 per
2335 726 2448 776 vos,
2478 719 2534 765 et
2559 711 2750 766 discite
2781 726 2809 765 a
2839 727 2925 766 me
2959 712 3084 778 quia
3114 711 3260 765 mitis
3296 729 3416 767 sum
3446 724 3500 768 et
3527 715 3711 772 humilis

2159 817 2178 850 ι
2212 800 2395 865 corde,
2430 808 2485 856 et
2511 799 2796 855 invenietis
2824 801 3063 870 requiem
3090 801 3372 856 animabus
3395 803 3608 857 vestris.
3635 802 3708 858 Ju-

2159 908 2176 940 t
2213 906 2336 962 gum
2377 891 2518 965 enim
2570 905 2746 945 meum
2797 906 2960 944 suave
3008 899 3120 954 est,
3163 903 3217 946 et
3245 907 3382 947 onus
3413 908 3592 947 meum
3620 894 3705 951 levt

2158 999 2174 1030 ι
2213 980 2421 1050 (Matth.
2465 985 2573 1052 ιιι).
2615 1001 2631 1032 ι
2676 979 2786 1034 Hoc
2829 981 3012 1050 iugum
3057 997 3152 1049 per
3190 982 3517 1037 charitatem
3558 983 3711 1038 ﬁdeles

2153 1071 2342 1135 sociat,
2373 1087 2477 1124 non
2508 1086 2604 1140 per
2631 1071 3031 1126 contentionem
3067 1072 3292 1140 dissipat
3323 1092 3336 1126 :
3366 1075 3577 1144 hocque
3603 1091 3710 1134 onus

2155 1174 2260 1212 non
2297 1161 2552 1229 opprimit
2592 1176 2650 1214 se
2688 1168 2989 1229 portantem
3029 1177 3123 1231 per
3158 1165 3414 1231 ponderis
3449 1168 3711 1232 gravitudi-

2154 1267 2303 1316 nem,
2333 1254 2424 1306 sed
2449 1253 2620 1324 magis
2643 1252 2886 1308 sublevat
2907 1269 2970 1309 ac
2993 1263 3261 1310 sustentat
3284 1271 3381 1326 per
3401 1258 3577 1312 solatii
3603 1275 3709 1314 con-

2159 1341 2474 1395 solutionem
2485 1382 2498 1394 .

2225 1433 2365 1488 Nihil
2402 1449 2530 1505 ergo
2552 1433 2702 1503 juvat
2747 1437 3166 1506 reprehensores
3205 1439 3304 1493 hos
3337 1448 3392 1492 et
3422 1441 3708 1509 vaniloquos

2155 1526 2476 1592 magistros,
2509 1527 2634 1596 quia
2668 1526 2734 1580 ad
2775 1526 3138 1582 defensionem
3169 1529 3370 1582 erroris
3404 1535 3485 1584 sui
3521 1529 3636 1583 illud
3659 1532 3710 1587 de

2152 1616 2376 1670 Actibus
2405 1617 2767 1686 apostolorum
2808 1633 3021 1672 sumere
3057 1620 3334 1680 nituntur,
3379 1622 3507 1689 quia
3545 1620 3710 1677 Petrus

2156 1714 2210 1758 et
2257 1705 2494 1760 Joannes
2545 1707 2693 1760 missi
2726 1707 2831 1760 sint
2862 1706 2930 1760 ab
2966 1708 3223 1777 apostolis
3252 1710 3318 1764 de
3347 1709 3709 1782 Hierosolymis

2156 1795 2206 1848 in
2235 1795 2536 1849 Samariam
2555 1835 2568 1858 ,
2602 1805 2662 1849 ut
2689 1796 3026 1866 imponerent
3056 1798 3161 1852 illis
3187 1813 3408 1861 manus,
3435 1801 3529 1869 qui
3556 1817 3582 1853 a
3609 1801 3710 1855 Plii-

461 1893 670 1963 proprii
734 1893 932 1964 gradus
971 1892 1195 1954 tollitur,
1236 1907 1359 1946 cum
1424 1890 1837 1960 metropolitano
1883 1891 2048 1944 totius
2077 1879 2123 1938 Β
2151 1887 2295 1957 lippo
2338 1888 2784 1956 baptizabantur,
2824 1896 3090 1957 quatenus
3141 1891 3446 1961 acciperent
3473 1890 3708 1962 Spiritum

465 1983 756 2054 provincia:
777 1997 903 2036 cura
939 1983 1236 2052 delegatur.
1271 1980 1402 2034 Nam
1437 1981 1557 2034 sine
1586 1994 1651 2034 eo
1678 1980 1730 2033 in
1772 1979 2048 2049 provincia

463 2071 774 2141 episcopum
803 2070 1076 2134 ordinare,
1116 2084 1216 2124 nec
1256 2067 1505 2139 generale
1533 2067 1824 2122 concilium
1851 2081 2051 2122 convo-

465 2176 607 2222 care,
642 2175 739 2214 nec
768 2159 1060 2229 quidquam
1098 2159 1242 2213 aliud
1291 2158 1501 2212 caeteris
1525 2157 1794 2227 episcopis
1840 2155 1968 2211 licet
1994 2156 2050 2209 In

466 2251 742 2322 provincia
770 2266 946 2320 agere,
977 2251 1078 2305 nisi
1104 2265 1224 2320 qua:
1250 2258 1363 2304 tum
1387 2259 1601 2304 constat
1625 2249 1693 2303 ad
1716 2248 2049 2319 singulorum

465 2341 751 2413 parochias
777 2351 833 2396 et
868 2341 1208 2411 episcopatus
1250 2341 1543 2411 pertinere.
1589 2338 1646 2394 Si
1682 2339 1827 2394 enim
1859 2339 1912 2392 in
1937 2338 2050 2408 epi-

465 2446 754 2500 scaporum
775 2429 966 2484 ordine
997 2429 1415 2500 chorepiscopos
1461 2444 1564 2483 non
1592 2428 1781 2484 liceret
1824 2428 2046 2490 habere,

467 2521 767 2575 nullatenus
792 2521 930 2574 inter
961 2530 1229 2576 trecentos
1264 2522 1446 2576 decem
1487 2528 1536 2574 et
1565 2529 1688 2574 octo
1717 2519 1923 2581 Patres,
1954 2518 2046 2588 qui

466 2613 518 2666 in
565 2612 781 2667 Nicaeae
828 2613 1058 2668 concilio
1102 2610 1408 2676 adfuerunt,
1452 2619 1956 2665 annumerarentur.
1989 2609 2046 2662 In

466 2718 693 2770 quorum
742 2703 987 2774 catalogo
1025 2703 1253 2772 amplius
1283 2718 1444 2773 quam
1488 2702 1771 2759 duodecim
1801 2701 2048 2771 chorepi-

470 2793 616 2860 scopi
646 2793 834 2847 inserti
858 2803 1003 2856 sunt,
1035 2794 1123 2847 ubi
1151 2792 1327 2847 nullus
1354 2793 1796 2863 presbyterorum
1819 2791 1902 2846 vel
1928 2791 2045 2845 dia-

468 2896 730 2936 conorum
764 2884 816 2936 in
857 2897 1082 2936 numero
1120 2869 1387 2951 praefinito
1417 2882 1662 2946 Patrum,
1709 2879 1803 2936 sed
1845 2879 2047 2936 solum-

467 2972 624 3027 modo
649 2971 1047 3043 metropolitani
1072 2982 1127 3025 ct
1151 2972 1408 3042 episcopi,
1448 2980 1610 3041 atque
1647 2971 2042 3040 chorepiscopi,

462 3064 782 3119 nominatim
815 3063 1062 3117 recensiti
1103 3062 1465 3117 inveniuntur.
1494 3063 1574 3117 Ad
1619 3062 1746 3132 quid
1772 3065 1916 3120 enim
1938 3066 2048 3134 epi-

462 3168 658 3223 scopus
698 3151 986 3222 cujuslibet
1027 3152 1262 3207 civitatis
1291 3151 1735 3222 chorepiscopum
1783 3153 1886 3209 sibi
1931 3155 2045 3208 vult

2151 1986 2418 2044 sanctum,
2445 1978 2698 2047 quoniam
2725 1978 2880 2034 aliter
2903 1979 3004 2034 hoc
3033 1980 3146 2034 ﬁeri
3173 1996 3278 2035 non
3309 1982 3556 2045 decebat,
3571 1998 3707 2052 quant

2151 2076 2212 2120 ut
2238 2067 2463 2137 apostoli
2515 2067 2797 2136 implerent
2829 2077 2886 2125 et
2911 2068 3234 2137 perﬁcerent
3268 2086 3332 2126 ea
3369 2087 3490 2141 qua:
3519 2089 3546 2126 a
3575 2075 3707 2127 mini-

2152 2165 2265 2213 stro
2289 2173 2474 2213 eorum
2507 2157 2642 2212 bene
2672 2166 2846 2227 empta
2876 2157 3111 2214 fuerant.
3139 2159 3253 2216 Non
3278 2162 3425 2217 enim
3453 2161 3707 2232 Philippus

2151 2248 2239 2302 hic
2277 2263 2415 2303 unus
2452 2247 2517 2302 de
2555 2248 2867 2313 duodecim,
2905 2249 2998 2303 sed
3029 2264 3169 2304 unus
3205 2249 3270 2306 de
3304 2261 3514 2320 septem
3551 2253 3708 2306 diaco-

2150 2336 2309 2392 nibus
2333 2347 2472 2401 erat,
2501 2337 2591 2405 qui
2618 2337 2685 2391 ab
2709 2338 2964 2407 apostolis
2990 2340 3151 2409 paulo
3175 2349 3299 2396 ante
3318 2342 3558 2396 ordinati
3579 2351 3700 2407 sunt,

2150 2427 2240 2496 qui
2263 2427 2391 2481 etin
2421 2427 2664 2497 catalogo
2686 2436 2890 2496 septem
2920 2427 3202 2484 levitarum
3229 2430 3434 2499 primus
3454 2441 3574 2500 post
3599 2431 3702 2487 Ste-

2149 2519 2383 2588 phanum
2408 2529 2796 2574 annumeratus
2817 2530 2918 2574 est.
2940 2519 3096 2576 Unde
3114 2531 3233 2592 post
3260 2521 3526 2593 Stephani
3545 2539 3703 2579 necent

2151 2607 2332 2662 statim
2362 2609 2427 2663 ad
2458 2608 2688 2679 Philippi
2724 2619 2877 2664 actus
2914 2611 3261 2680 explicandos
3291 2613 3527 2683 scriptor
3562 2614 3707 2669 histo-

2151 2698 2245 2753 ria:
2272 2699 2482 2753 videtur
2510 2701 2772 2764 transire,
2808 2701 2882 2754 ita
2913 2702 3097 2757 dicens
3131 2720 3145 2756 :
3185 2721 3202 2754 ι
3239 2703 3405 2759 Facta
3432 2717 3519 2760 est
3552 2716 3706 2760 autem

2156 2809 2174 2842 ‹
2212 2791 2267 2844 in
2299 2791 2386 2844 illa
2418 2791 2504 2846 die
2532 2792 2836 2860 persecutio
2875 2808 3071 2865 magna
3112 2794 3164 2848 in
3213 2795 3442 2851 ecclesia
3473 2813 3586 2867 quae
3609 2807 3708 2852 erat

2156 2900 2173 2931 ι
2211 2880 2614 2952 Hierosolymis,
2651 2891 2706 2936 et
2732 2898 2918 2939 omnes
2950 2884 3176 2954 dispersi
3209 2895 3336 2940 sunt
3361 2903 3460 2957 per
3487 2891 3706 2958 regiones

2156 2991 2174 3022 ι
2215 2971 2413 3026 ιυιιτθω
2439 2982 2494 3026 et
2522 2972 2783 3028 Samarite
2819 2982 3016 3043 prteter
3053 2975 3322 3044 apostolos
3361 2975 3498 3048 (Act.
3532 2982 3657 3049 vin).
3687 2999 3702 3030 ι

2151 3062 2215 3116 Ει
2248 3071 2370 3132 post
2397 3077 2567 3132 pauca
2599 3081 2609 3115 :
2641 3083 2658 3113 ‹
2681 3063 2846 3133 Igitur
2876 3065 2965 3134 qui
2995 3064 3223 3135 dispersi
3252 3076 3429 3131 erant,
3457 3079 3710 3137 pertrans-

2155 3172 2172 3203 σ
2212 3155 2389 3209 ierunt
2443 3154 2870 3226 evangeitzantes
2897 3157 3119 3211 verbum
3163 3157 3277 3213 Dei.
3316 3157 3586 3230 Philippus
3623 3177 3706 3214 au-

461 3260 526 3297 ac
547 3245 790 3298 decernit
841 3243 1114 3309 ordinare,
1145 3244 1190 3298 si
1247 3243 1416 3312 ipsam
1457 3244 1849 3299 ordinationem
1891 3260 2042 3299 suam
2071 3215 2116 3278 C
2156 3264 2173 3294 ι
2215 3254 2319 3297 tem
2353 3245 2684 3299 descendens
2711 3245 2762 3298 in
2794 3245 3066 3301 civitatem
3095 3246 3375 3314 Samarite,
3404 3249 3709 3319 przedicabat

461 3333 662 3388 nullam
691 3332 981 3389 efﬁcaciam
1001 3335 1293 3390 arbitratur
1319 3333 1543 3388 habere.
1569 3333 1710 3388 Dicit
1736 3335 1880 3389 enim
1904 3335 2043 3403 Apo-

461 3421 630 3477 stolus
660 3421 834 3494 (Rom.
865 3421 976 3493 xiv)
1008 3437 1021 3476 :
1056 3443 1073 3473 ι
1104 3422 1301 3478 Beatus
1332 3423 1422 3493 qui
1465 3439 1571 3477 non
1614 3421 1820 3491 judicat
1848 3431 2042 3478 semct-

468 3532 484 3562 ι
531 3513 702 3580 ipsum
728 3512 780 3565 in
807 3527 870 3567 eo
895 3513 1038 3581 quod
1083 3514 1293 3582 probat.
1341 3513 1442 3580 Qui
1481 3523 1660 3567 autem
1690 3514 1968 3578 discernit,
1995 3514 2039 3568 si

467 3624 484 3654 ι
529 3603 933 3658 manducaverit
979 3604 1263 3658 damnatus
1310 3611 1414 3666 cst,
1466 3603 1591 3672 quia
1651 3618 1754 3656 non
1800 3617 1864 3656 ex
1916 3603 2038 3656 fide.

466 3716 482 3744 ‹
531 3694 700 3750 Omne
746 3705 925 3750 autem
973 3701 1113 3762 quod
1163 3710 1269 3749 non
1313 3702 1398 3749 est
1445 3709 1511 3748 ex
1573 3691 1694 3759 ﬁde,
1753 3702 2036 3762 peccatum

469 3805 486 3835 ι
531 3794 632 3840 est.
667 3807 681 3834 ι
722 3784 869 3838 Hauc
895 3785 1110 3854 quidem
1142 3784 1467 3838 sententiam
1515 3798 1619 3836 non
1671 3783 1739 3835 ad
1792 3783 2036 3837 ciborum

460 3875 797 3930 solummodo
821 3875 1134 3944 qualitatem
1159 3884 1212 3928 et
1235 3872 1588 3928 differentiam
1610 3872 2034 3936 discernendum,

461 3967 553 4020 sed
581 3965 644 4019 ad
670 3979 882 4020 omnem
910 3966 1314 4036 ambiguitatem
1361 3973 1412 4020 et
1455 3965 1823 4035 duplicitatem
1853 3965 2040 4019 tollen-

460 4056 604 4118 dam,
633 4054 894 4124 prolatam
927 4069 1045 4109 esse
1075 4054 1426 4124 intelligimus
1456 4072 1466 4107 :
1503 4063 1561 4107 ut
1593 4069 1699 4108 non
1722 4054 1892 4109 simus
1913 4070 2040 4124 par-

461 4145 568 4199 vuli
593 4145 912 4201 ﬁuctuantes
944 4147 995 4200 in
1040 4147 1183 4199 omni
1212 4154 1371 4200 vcnto
1399 4145 1677 4210 doctrinae,
1720 4145 1812 4199 sed
1839 4145 1954 4200 sani
1984 4153 2039 4200 et

459 4237 678 4292 stabiles
702 4237 754 4290 in
784 4236 883 4290 ﬁde
912 4246 964 4291 et
1008 4235 1142 4289 ﬁrmi
1178 4236 1229 4290 in
1263 4234 1553 4305 apostolica
1582 4235 1848 4289 doctrina.
1888 4253 1904 4285 ι
1942 4235 2037 4289 Vir

465 4349 482 4378 ο
525 4328 668 4381 enim
695 4327 887 4396 duplex
925 4327 1105 4380 animo
1130 4327 1442 4380 inconstans
1473 4332 1556 4379 cst
1582 4325 1633 4378 in
1657 4325 1906 4379 omnibus
1932 4325 2035 4379 viis

465 4438 484 4468 ‹
529 4417 681 4470 suis:
713 4425 784 4480 et,
810 4417 901 4486 qui
941 4415 1151 4470 haesitat
1186 4415 1376 4470 similis
1420 4423 1498 4469 est
1535 4413 1718 4469 ﬂuctui
1751 4415 1918 4470 maris
1943 4415 2034 4484 qui

467 4530 482 4557 ι
526 4523 556 4558 a
581 4516 743 4560 vento
780 4515 1025 4560 movetur
1047 4516 1099 4558 ct
1122 4504 1498 4560 circumfertur
1523 4505 1660 4568 (Jac.
1691 4507 1751 4575 l).
1786 4524 1803 4555 ›

2152 3352 2170 3385 t
2209 3334 2312 3387 illis
2343 3334 2634 3388 Christum.
2679 3334 3032 3391 lntendcbant
3067 3348 3247 3393 autem
3284 3339 3452 3394 turbae
3495 3341 3578 3396 bis
3603 3357 3708 3412 quin

2151 3441 2169 3473 σ
2207 3438 2236 3476 a
2265 3422 2508 3492 Philippo
2540 3425 2880 3488 dicebantur,
2905 3427 3233 3481 unanimiter
3257 3429 3532 3486 audientes
3562 3440 3614 3484 et
3642 3431 3708 3483 vi-

2150 3531 2169 3563 ‹
2207 3513 2393 3568 dentes
2441 3516 2589 3584 signa
2636 3530 2752 3583 quae
2782 3514 3034 3571 faciebat.
3063 3516 3212 3572 Multi
3242 3518 3388 3573 enim
3417 3533 3598 3574 eorum
3625 3521 3706 3590 qui

2150 3623 2166 3655 ι
2205 3606 2477 3660 habebant
2517 3609 2739 3677 spiritus
2771 3609 3100 3676 immundos,
3134 3610 3432 3668 clamantes
3454 3629 3579 3669 voce
3607 3631 3707 3669 ma-

2149 3713 2167 3744 ι
2205 3710 2330 3765 gna,
2357 3697 2592 3750 exibant.
2628 3697 2774 3751 Multi
2804 3708 2982 3754 autem
3012 3700 3293 3770 paralytici
3317 3710 3372 3755 et
3398 3702 3569 3758 claudi
3622 3719 3706 3758 cu.

2147 3805 2164 3835 σ
2207 3785 2308 3838 rati
2338 3793 2462 3839 sunt
2503 3803 2513 3838 :
2546 3785 2745 3840 factum
2776 3795 2859 3842 est
2883 3797 3061 3842 autem
3092 3803 3345 3858 magnum
3385 3791 3627 3861 gaudium
3659 3793 3706 3846 in

2147 3895 2164 3925 ‹
2202 3875 2287 3929 illa
2319 3877 2536 3931 civitate
2567 3876 2775 3948 (Ibid).
2815 3897 2828 3928 ι

2211 3964 2275 4018 Et
2300 3981 2405 4020 non
2430 3965 2655 4020 multum
2681 3975 2797 4037 post
2830 3981 2844 4020 :
2881 3986 2900 4018 ε
2931 3966 3064 4023 Cum
3088 3976 3290 4032 autem,
3319 3970 3506 4041 inquo,
3537 3973 3698 4027 audis-

2146 4077 2163 4107 ι
2201 4066 2320 4112 sent
2354 4058 2580 4126 apostoli
2623 4059 2712 4128 qui
2745 4069 2898 4114 erant
2926 4058 3334 4129 Hierosolymis,
3362 4062 3482 4130 quia
3515 4064 3702 4132 recepit

2103 4138 2116 4152 ’
2145 4168 2164 4200 ι
2204 4147 2449 4203 Samaria
2481 4149 2699 4203 verbum
2734 4150 2827 4204 Dei
2859 4165 2872 4202 :
2905 4151 3164 4205 miserunt
3200 4152 3268 4206 ad
3295 4167 3390 4206 eos
3413 4151 3626 4207 Petrum
3655 4161 3703 4207 ct

2143 4261 2161 4293 ‹
2195 4241 2455 4296 Joannem
2477 4281 2490 4305 ,
2523 4242 2612 4309 qui
2643 4256 2764 4295 cum
2807 4241 3107 4306 venissent,
3135 4251 3428 4298 oravcrunt
3452 4259 3549 4313 pro
3585 4244 3702 4313 ipsis

2141 4350 2159 4382 ι
2199 4338 2257 4385 ut
2285 4332 2591 4402 acciperent
2624 4330 2882 4400 Spiritum
2911 4342 3176 4387 sanctum.
3208 4333 3455 4389 Nondum
3486 4337 3627 4390 enim
3655 4337 3699 4390 in

2141 4441 2157 4472 ε
2202 4437 2523 4492 quemquam
2553 4421 2764 4476 illorum
2795 4432 3018 4478 venerat
3049 4441 3060 4474 :
3088 4424 3182 4479 sed
3210 4424 3469 4495 baptizati
3507 4436 3702 4481 tantum

2141 4532 2157 4562 ι
2197 4521 2352 4566 erant
2388 4513 2438 4566 in
2479 4513 2694 4566 nomine
2735 4512 2944 4567 Domini
2985 4512 3128 4567 Jesu.
3180 4513 3334 4568 Tunc
3371 4515 3704 4584 imponebant

531 4594 644 4650 l\'on
675 4609 804 4665 ergo
829 4595 1054 4648 aestimet
1085 4595 1243 4648 homo
1266 4593 1374 4659 ille,
1402 4593 1544 4662 quod
1573 4593 1802 4662 accipiat
1830 4594 2031 4662 aliquid
2059 4579 2111 4638 D
2142 4620 2159 4651 ‹
2201 4616 2389 4654 manus
2410 4617 2572 4670 super
2597 4601 2736 4666 illos,
2757 4611 2808 4655 et
2831 4601 3167 4669 accipiebant
3189 4579 3459 4671 Spiritum
3472 4614 3706 4660 sanctum

459 4705 489 4743 a
521 4687 861 4751 Domino,ait
881 4687 1024 4741 enim
1048 4686 1160 4756 ipsa
1187 4686 1392 4740 Veritas
1415 4685 1465 4739 in
1483 4685 1773 4754 Evangelia
1797 4703 1810 4738 :
1834 4684 2032 4739 «Amen

465 4797 483 4828 ς
519 4776 640 4831 dico
668 4776 853 4840 vobis,
885 4773 1140 4844 quidquid
1181 4781 1397 4828 orantes
1435 4773 1616 4841 petitis
1636 4814 1648 4836 ,
1679 4772 1882 4828 credite
1907 4773 2033 4841 quia

463 4889 481 4918 σ
521 4869 816 4939 accipietis,
841 4877 892 4922 et
916 4866 1007 4920 ﬁet
1031 4867 1200 4920 vobis.
1229 4865 1417 4919 Omnia
1439 4865 1583 4920 enim
1611 4864 1882 4933 possibilia
1911 4872 2037 4918 sunt

463 4979 480 5012 ι
518 4961 757 5015 credenti
799 4958 1002 5029 (Marc.
1034 4973 1118 5018 x1;
1160 4955 1326 5009 Marc.
1358 4956 1477 5027 ix),
1517 4976 1535 5006 ι
1573 4954 1697 5024 quia
1739 4954 1870 5008 ﬁdes
1907 4968 2033 5007 vera

458 5061 605 5104 recte
634 5049 940 5102 credentem
981 5047 1149 5099 salvat
1180 5064 1190 5098 :
1224 5054 1278 5099 et
1310 5043 1486 5112 justus
1520 5044 1572 5098 in
1613 5043 1716 5098 ﬁde
1749 5059 1844 5098 sua
1877 5043 2026 5107 vivit,

457 5141 546 5194 illa
572 5139 817 5193 videlicet
839 5153 956 5206 qua:
979 5152 1071 5206 per
1093 5135 1428 5190 dilectionem
1451 5142 1723 5201 operatur.
1751 5132 1864 5187 lloc
1885 5134 2026 5186 enim

457 5240 765 5286 sanctorum
808 5229 1028 5282 Patrum
1059 5227 1339 5296 prudentia
1372 5227 1600 5296 posteris
1636 5226 1746 5278 suis
1775 5226 2026 5294 providit,

457 5340 513 5383 et
543 5346 697 5384 sacra
721 5344 982 5382 canonum
1008 5327 1300 5381 auctoritas
1326 5325 1575 5387 instituit,
1608 5333 1666 5376 ut
1690 5323 1952 5377 dissensio
1977 5330 2031 5376 ct

459 5421 749 5474 schismata
791 5419 842 5470 in
886 5417 1122 5471 Ecclesia
1157 5415 1355 5471 Christi
1395 5432 1495 5469 non
1535 5414 1755 5477 fierent,
1793 5415 1882 5467 sed
1919 5429 2030 5467 ma-

460 5511 540 5578 gis
580 5509 758 5561 unitas
793 5518 848 5562 et
891 5508 1170 5561 concordia
1223 5505 1372 5574 pacis
1418 5505 1545 5557 inibi
1597 5503 1924 5572 pl‘tL‘\".tit‘t‘vfl.
1969 5503 2033 5554 Et

462 5601 581 5653 ideo
613 5599 898 5665 unicuique
921 5597 1090 5651 ordini
1113 5597 1264 5665 juxta
1295 5585 1600 5649 mensuram
1627 5611 1776 5648 suam
1799 5594 2028 5647 cilicium

461 5691 758 5761 delegavit,
799 5700 856 5743 ut
886 5705 981 5757 per
1019 5691 1253 5743 studium
1298 5687 1613 5740 humilitatis
1649 5694 1703 5740 ct
1732 5685 2030 5740 dilectionis

462 5797 565 5851 pas
597 5782 898 5836 Christiana
940 5788 993 5834 et
1032 5778 1319 5833 concordia
1357 5777 1407 5831 in
1441 5775 1633 5846 populo
1660 5775 1752 5831 Dei
1781 5791 2023 5845 perseve-

2142 4710 2159 4741 ε
2205 4689 2410 4760 (Ibid).
2455 4710 2472 4741 ι
2515 4690 2657 4744 idem
2697 4691 2857 4744 etiam
2901 4690 3174 4762 Philippus
3213 4693 3506 4762 baptizavit
3545 4709 3702 4747 eunu-

2143 4797 2160 4828 ι
2198 4780 2358 4833 chum
2409 4777 2676 4832 Canda‘cis
2714 4780 2912 4849 regina:
2954 4777 3302 4847 Aitbiopum,
3350 4782 3490 4836 sicut
3527 4796 3703 4837 consc-

2137 4856 2362 4937 qucntei'
2389 4880 2572 4922 narrat
2607 4886 2619 4920 :
2653 4877 2709 4922 et
2748 4878 2867 4938 post
2902 4868 3198 4923 discessum
3239 4870 3356 4942 ejus
3388 4890 3419 4921 ι-
3441 4879 3704 4942 ρεγῑηιιεο

2141 4978 2158 5010 ι
2198 4959 2312 5012 iens
2350 4958 2754 5028 cvangi-lizabat
2779 4959 3088 5013 civitatibus
3120 4961 3349 5025 cunctis,
3376 4962 3542 5018 donec
3563 4964 3703 5017 veni-

2140 5069 2158 5093 σ
2199 5057 2278 5101 ret
2322 5047 2624 5102 Caesaream
2669 5047 2816 5116 (Act.
2863 5049 3008 5118 vm).
3059 5069 3077 5100 ι
3114 5049 3190 5103 De
3234 5065 3343 5119 quo
3376 5050 3544 5107 Lucas
3583 5053 3701 5107 alibi

2137 5137 2462 5190 muttioncttt
2494 5135 2644 5199 facit,
2674 5154 2797 5194 cum
2828 5139 3106 5191 transitum
3138 5139 3287 5194 Pauli
3322 5142 3387 5196 ad
3416 5141 3702 5198 Jerusalem

2136 5236 2536 5293 enumerasset,
2567 5230 2639 5282 ita
2667 5231 2850 5284 dicens
2880 5248 2891 5282 :
2933 5248 2949 5278 ‹
2983 5229 3098 5284 Alia
3140 5244 3319 5286 autem
3345 5233 3431 5287 die
3464 5234 3698 5303 profecti,

2141 5341 2157 5370 ι
2197 5322 2438 5374 venimus
2473 5319 2800 5375 Czcsarcam.
2843 5322 2909 5376 Et
2947 5324 3210 5377 intrantes
3235 5325 3452 5380 domum
3485 5325 3700 5396 Philippi

2142 5433 2157 5462 ι
2197 5413 2567 5481 evangeliszzn,
2599 5413 2688 5479 qui
2731 5424 2846 5466 erat
2874 5429 3012 5468 unus
3051 5429 3116 5468 ex
3151 5423 3386 5484 Septem,
3414 5416 3701 5470 mansimus

2142 5522 2157 5548 ι
2197 5503 2333 5571 apud
2362 5518 2507 5555 eunt.
2539 5502 2671 5555 liuic
2693 5511 2868 5556 autem
2891 5515 3046 5557 erant
3073 5504 3192 5558 lilia‘
3219 5513 3453 5573 quatuor
3478 5506 3702 5575 virgines

2143 5613 2160 5642 ς
2198 5594 2580 5661 proplzctantcs
2612 5592 2748 5661 (.lct.
2788 5593 2919 5665 xxi).
2971 5617 2989 5647 ι
3029 5595 3177 5652 Unde
3205 5607 3430 5667 apparet
3455 5598 3574 5666 quia
3605 5599 3702 5651 iste

2137 5682 2410 5752 Philippus
2436 5699 2540 5736 non
2581 5682 2680 5735 fttit
2711 5683 2991 5754 cpiscopus
3014 5725 3028 5749 ,
3068 5700 3242 5754 neque
3269 5687 3700 5756 cltorepiscopus,

2135 5776 2226 5831 scd
2258 5785 2461 5830 tantum
2503 5773 2762 5830 diaconus
2798 5786 2853 5831 ct
2885 5775 3228 5845 evangelista.
3275 5775 3330 5831 Si
3367 5777 3508 5832 enim
3536 5777 3698 5831 chor’
