3924 6330
211 375 340 433 {aut
1513 379 1598 433 DE
1637 376 2196 437 CllOREPlSCOPIS.
3346 390 3477 447 ΗΜ

207 493 493 561 episcopus
532 496 705 554 esset,
745 502 1084 559 nequaquam
1134 488 1364 559 scriptor
1406 488 1648 544 historiae
1693 490 1798 543 hoc
1826 491 2033 554 Alius,
2083 492 2289 561 inquit,
2334 492 2566 546 hominis
2612 494 2757 548 venit
2799 493 3008 550 salvare
3058 497 3198 565 quod
3248 500 3487 567 perierat

209 580 487 636 tacuisset.
521 579 758 636 Necdum
796 580 1035 650 Apostoli
1062 582 1129 636 ab
1153 580 1385 637 invicem
1412 581 1793 646 discesserant,
1899 580 2113 652 (Matth.
2142 582 2316 651 xviri).
2354 601 2371 632 ι
2404 582 2469 635 Et
2496 598 2710 637 rursum
2745 603 2755 636 :
2792 605 2809 635 ‹
2845 585 2956 639 Non
2988 588 3131 641 enim
3163 590 3309 642 venit
3340 589 3479 645 ﬁlius

208 679 269 725 ut
296 686 350 724 in
374 668 601 740 singulis
626 669 923 739 provinciis
945 677 1038 724 aut
1062 670 1372 724 civitatibus
1396 670 1678 739 episcopos
1705 679 1798 724 aut
1902 690 1921 722 ι
1961 673 2195 727 hominis
2222 684 2277 727 ut
2296 674 2503 744 judicet
2535 676 2815 741 mundum,
2849 679 2943 733 sed
2972 690 3027 732 ut
3056 680 3295 735 salvetur
3323 698 3479 737 mun-

205 761 625 831 chorepiscopos
658 762 1000 827 ordinarent,
1029 763 1122 817 sed
1161 763 1215 817 in
1257 761 1645 833 Hierosolymis
1680 771 1797 817 tan-
1901 784 1919 815 ‹
1958 765 2057 819 dus
2086 780 2181 834 per
2218 766 2391 835 ipsum
2423 766 2603 833 (Joan.
2647 768 2747 838 ιιι).
2786 788 2802 819 ι
2835 768 2905 822 At
2947 778 3130 825 contra
3161 773 3205 828 si
3241 773 3480 842 despecti

208 861 320 906 tum
354 861 631 906 manentes
655 853 1023 922 praedicabant
1048 853 1269 907 verbum
1295 851 1414 916 Dei,
1454 852 1642 917 donec,
1677 852 1799 921 Spi—
1894 857 2105 911 caeteris
2154 857 2413 913 fratribus
2454 874 2517 913 ac
2567 860 2847 913 conservis
2896 862 3123 925 nostris,
3165 864 3216 917 in
3254 864 3481 921 sublime

206 942 345 997 ritus
387 944 559 997 sancti
611 943 964 1012 dispositione
1004 953 1229 1014 agente,
1272 939 1350 997 'ad
1391 942 1795 1012 praedicandum
1895 946 2142 1002 volumus
2170 947 2383 1013 extolli,
2412 964 2475 1004 ac
2501 949 2598 1004 soli
2628 959 2874 1020 potentes
2906 961 2958 1007 et
2994 952 3209 1023 gloriosi
3235 956 3480 1025 cupimus

204 1033 456 1101 gentibus
482 1048 579 1102 per
602 1036 788 1088 orbem
818 1033 1007 1087 directi
1037 1042 1186 1088 sunt.
1895 1038 1963 1093 ab
1989 1040 2297 1095 hominibus
2325 1042 2496 1096 videri
2536 1061 2548 1095 :
2578 1044 2694 1097 sine
2724 1045 2887 1098 dubio
2922 1045 3065 1101 illius
3096 1046 3369 1101 imitamur
3396 1049 3481 1117 ja-

277 1122 475 1193 Sicque
505 1125 683 1179 omnis
710 1125 845 1181 ordo
873 1124 1279 1180 ecclesiasticus
1308 1125 1363 1179 in
1393 1125 1622 1196 singuiis
1658 1125 1795 1181 locis
1894 1131 2152 1184 ctantiam
2175 1171 2187 1194 ,
2228 1132 2318 1201 qui
2349 1132 2620 1203 despectis
2652 1135 2862 1188 czeteris
2900 1136 3133 1201 sanctis,
3167 1137 3475 1207 angelorum

197 1215 353 1287 juxta
390 1231 575 1270 eorum
613 1217 1022 1287 dispositionem
1058 1218 1409 1285 distributus,
1438 1217 1701 1274 hactenus
1737 1220 1791 1273 in
1895 1219 2088 1274 turmis
2132 1221 2199 1275 ad
2239 1221 2661 1277 simulitudinem
2702 1222 2796 1277 Dei
2840 1240 2944 1278 non
2985 1240 3082 1293 per
3120 1227 3478 1283 humilitatem

203 1306 429 1362 ecclesia
454 1306 721 1361 catholica
754 1315 1040 1361 servatur:
1066 1317 1119 1363 et
1145 1309 1288 1363 sicut
1314 1323 1419 1362 una
1444 1307 1601 1373 ﬁdes,
1628 1324 1793 1363 unum
1894 1308 1987 1363 sed
2033 1324 2132 1377 per
2175 1308 2497 1376 jactantiam
2542 1311 2708 1365 voluit
2754 1312 3026 1367 sublimari
3052 1355 3065 1377 ,
3116 1330 3238 1369 eum
3282 1316 3417 1373 dixit
3457 1332 3474 1369 :

202 1396 469 1468 baptisma
490 1438 504 1461 ,
536 1413 643 1450 una
673 1397 892 1468 religio,
917 1412 945 1450 a
972 1398 1298 1453 Christianis
1326 1398 1381 1451 in
1410 1406 1525 1451 toto
1555 1399 1687 1452 orbe
1713 1406 1791 1453 te-
1898 1416 1916 1451 ‹
1951 1400 2255 1455 Ascendam
2294 1402 2347 1456 in
2396 1402 2624 1468 etelum,
2666 1419 2827 1473 super
2865 1405 3202 1460 altitudinem
3238 1406 3486 1467 nubium,

201 1501 362 1549 netur
384 1512 397 1546 ;
421 1492 493 1548 ita
518 1492 678 1547 unius
701 1492 1051 1563 ejusdemque
1076 1492 1312 1563 Spiritus
1341 1492 1512 1547 sancti
1539 1491 1792 1547 distribu-
1900 1510 1919 1542 ι
1954 1507 2149 1560 ponam
2179 1493 2431 1547 thronum
2459 1508 2637 1548 meum
2671 1496 2738 1548 ad
2766 1494 3095 1564 aquilonem,
3126 1503 3179 1549 et
3210 1510 3305 1551 ero
3328 1497 3481 1551 simi-

200 1585 347 1640 tione
379 1600 483 1655 pax
520 1594 573 1639 et
603 1585 893 1640 concordia
924 1585 977 1639 in
1002 1585 1189 1641 electis
1217 1584 1311 1641 Dei
1340 1584 1541 1655 ubique
1565 1585 1793 1639 lirmiter
1900 1600 1917 1633 ι
1955 1581 2021 1636 lis
2050 1581 2324 1638 Altissimo
2360 1583 2493 1653 (Im.
2522 1584 2655 1652 xw).
2690 1604 2707 1635 ι
2743 1583 2894 1639 Unde
2925 1586 3119 1640 merito
3140 1587 3207 1642 de
3231 1586 3478 1642 sublimi-

200 1676 618 1743 corroboratur,
663 1677 948 1746 omnisque
996 1677 1263 1731 discordia
1313 1675 1503 1747 procul
1553 1675 1787 1746 pellitur.
1893 1680 2003 1727 tate
2024 1674 2262 1745 angelica
2286 1674 2559 1745 projectus
2583 1676 2635 1729 in
2662 1676 2855 1731 inferni
2881 1686 3143 1732 tartarum
3170 1678 3333 1733 draco
3358 1694 3482 1749 per-

200 1766 491 1835 Quoniam,
520 1766 675 1835 juxta
716 1766 1034 1837 Apostolum
1077 1766 1255 1835 (Rom.
1287 1763 1789 1836 vm),¢quicumque
1894 1761 2062 1829 ﬁdus,
2094 1764 2259 1818 traxit
2300 1779 2481 1819 secum
2514 1766 2725 1820 tertiam
2755 1776 2965 1836 partem
2994 1768 3228 1823 siderum
3259 1787 3271 1821 :
3305 1770 3394 1824 ubi
3424 1779 3481 1824 et

204 1876 222 1909 ι
260 1858 453 1930 spiritu
492 1857 587 1912 Dei
624 1867 885 1929 aguntur,
927 1860 983 1913 bi
1025 1857 1117 1912 ﬁlii
1159 1866 1287 1911 sunt
1314 1856 1408 1911 Dei
1440 1874 1452 1911 :
1484 1857 1576 1927 qui
1606 1866 1784 1911 autem
1815 1852 1862 1912 B
1890 1869 2021 1920 nos,
2067 1856 2113 1909 si
2154 1856 2271 1925 ejus
2310 1856 2591 1925 sequimur
2627 1859 2963 1924 vecordiam,
3015 1868 3235 1929 propter
3282 1862 3480 1917 mentis

204 1967 223 2001 ς
262 1950 510 2019 spiritum
540 1950 741 2005 Christi
770 1966 875 2005 non
904 1949 1086 2011 habet,
1119 1948 1209 2002 hic
1238 1962 1344 2002 non
1372 1956 1456 2002 est
1484 1947 1619 2015 ejus.
1658 1969 1676 2001 ι
1888 1955 2088 2001 nostra:
2130 1946 2435 2016 superbiam
2482 1964 2512 2002 a
2566 1958 2876 2005 sanctorum
2923 1950 3182 2007 societate
3228 1952 3476 2023 expulsi,

267 2039 503 2094 Proinde
540 2039 679 2094 idem
718 2040 904 2094 doctor
935 2038 1173 2108 gentium
1205 2052 1303 2092 nos
1329 2037 1585 2093 admonet
1603 2037 1789 2093 dicens
1887 2049 2077 2107 ptenas
2101 2037 2359 2109 gehennae
2384 2050 2508 2095 cum
2535 2040 2624 2096 illo
2649 2040 2858 2097 luemus
2884 2050 3137 2098 aeternas.

197 2130 414 2205 (Ephes.
442 2130 517 2201 ιν)
552 2148 565 2183 :
604 2149 622 2181 ‹
655 2128 894 2185 Obsecro
925 2130 1105 2198 itaque
1132 2142 1226 2182 vos
1246 2142 1347 2197 ego
1366 2127 1580 2182 vinctus
1604 2126 1657 2180 in
1684 2126 1789 2182 Do-
1959 2128 2236 2196 Quomodo
2262 2138 2441 2185 autem
2467 2139 2574 2186 tam
2597 2132 2834 2202 praelatis
2862 2148 3025 2202 quam
3051 2134 3284 2190 subditis
3308 2150 3475 2206 agen-

201 2241 221 2276 ι
260 2228 442 2287 mino,
485 2229 545 2275 ut
590 2221 751 2291 digne
800 2218 1086 2273 ambuletis
1134 2218 1415 2272 vocatione
1456 2231 1563 2286 qua
1610 2218 1786 2272 vocati
1887 2219 2013 2274 dum
2046 2220 2145 2285 sit,
2173 2220 2427 2277 Ecclesia:
2457 2231 2642 2291 pastor
2670 2223 2864 2278 Petrus
2906 2224 2959 2277 in
2990 2224 3230 2294 Epistula
3253 2240 3349 2280 sua
3380 2229 3478 2281 ad~

199 2334 219 2367 ι
257 2316 419 2379 estis,
457 2330 579 2369 cum
610 2314 757 2368 omni
794 2312 1095 2367 humilitate
1123 2321 1177 2364 et
1205 2309 1636 2373 mansuetudine,
1662 2323 1786 2363 cum
1888 2319 2071 2365 monet
2095 2311 2281 2366 dicens
2310 2329 2323 2365 :
2361 2329 2379 2361 ι
2415 2311 2668 2367 Seniores
2694 2327 2824 2383 ergo
2846 2314 2937 2383 qui
2966 2314 3018 2368 iu
3048 2315 3201 2369 vobis
3224 2324 3349 2370 sunt
3376 2318 3474 2371 ob-

198 2426 218 2460 ι
257 2406 515 2477 patientia
537 2447 550 2470 ,
584 2413 964 2475 supportautes
992 2402 1220 2456 invicem
1243 2402 1297 2455 in
1323 2401 1607 2463 charitate,
1635 2400 1782 2455 solli-
1892 2418 1912 2450 ι
1955 2416 2130 2467 secro,
2160 2402 2447 2457 consenior
2471 2412 2525 2457 et
2549 2403 2701 2457 testis
2732 2402 2931 2459 Christi
2955 2404 3286 2473 passionum,
3307 2407 3398 2474 qui
3421 2414 3477 2461 et

199 2519 217 2553 ι
254 2500 349 2555 citi
397 2512 617 2553 servare
662 2496 925 2551 unitatem
973 2492 1208 2562 Spiritus
1252 2492 1308 2546 in
1354 2490 1569 2545 vinculo
1613 2492 1781 2561 pacis.
1893 2509 1911 2541 ι
1948 2494 2063 2562 ejus
2091 2494 2283 2562 quzein
2310 2492 2491 2549 futuro
2512 2494 2793 2549 revelanda
2818 2502 2921 2560 est,
2958 2494 3141 2564 gloria:
3168 2498 3472 2551 communio

198 2611 217 2643 ι
254 2591 431 2647 Unum
457 2604 655 2659 corpus
681 2596 733 2643 et
757 2603 895 2642 unus
920 2586 1166 2655 spiritus,
1197 2585 1339 2640 sicut
1366 2584 1543 2639 vocali
1570 2584 1702 2639 estis
1731 2586 1785 2639 in
1892 2600 1911 2632 ι
1946 2592 2097 2638 cater
2130 2603 2140 2636 :
2171 2584 2377 2654 pascite
2410 2585 2502 2655 qui
2529 2586 2582 2639 in
2613 2586 2764 2641 vobis
2790 2594 2873 2641 est
2899 2602 3118 2658 gregem
3146 2587 3264 2653 Dei,
3292 2589 3475 2658 provi-

196 2699 215 2733 ι
254 2696 363 2736 una
391 2696 484 2750 spe
517 2679 813 2734 vocationis
836 2687 1048 2732 vestrae.
1085 2695 1101 2727 ι
1892 2693 1910 2723 ι
1947 2675 2134 2730 dentes
2187 2690 2294 2730 non
2349 2684 2536 2731 coacte
2558 2718 2572 2741 ,
2628 2677 2721 2733 sed
2778 2686 3074 2747 spontanee
3097 2720 3111 2745 ,
3169 2680 3467 2735 secundum

262 2771 527 2828 Convenit
594 2773 739 2826 enim
789 2770 1093 2840 quibusque
1138 2766 1383 2822 ﬁdelibus
1430 2776 1481 2822 et
1527 2766 1785 2823 membris
1890 2783 1908 2815 ‹
1945 2764 2147 2831 Deum;
2181 2780 2355 2837 neque
2384 2768 2556 2837 turpis
2590 2766 2723 2823 lucri
2768 2769 2973 2838 gratia,
3009 2770 3103 2825 sed
3134 2770 3467 2835 voluntarie;

192 2863 435 2933 corporis
459 2861 661 2919 Christi
692 2870 752 2915 ut
770 2861 976 2915 honore
1004 2874 1061 2913 se
1089 2859 1317 2913 invicem
1345 2859 1695 2929 prteveuiant,
1726 2874 1783 2914 se
1890 2874 1907 2905 ε
1946 2871 2119 2924 neque
2168 2864 2227 2910 ut
2272 2856 2610 2911 dominantes
2655 2858 2705 2911 in
2744 2857 2904 2913 cleris
2932 2899 2947 2923 ,
2988 2860 3082 2914 sed
3128 2858 3302 2915 forma
3344 2860 3473 2917 facti

192 2956 455 3014 suil‘erant
489 2976 501 3010 ε
534 2971 603 3011 ne
641 2964 831 3010 contra
865 2952 1179 3024 Apostolum
1220 2971 1235 3003 ι
1271 2950 1574 3006 eﬁiciantur
1606 2951 1783 3007 inanis
1890 2965 1907 2997 ι
1946 2948 2123 3018 gregis
2147 2961 2212 3002 ex
2244 2950 2424 3004 animo
2456 2968 2468 3001 :
2500 2960 2556 3004 et
2595 2965 2717 3004 cum
2755 2952 3066 3020 apparuerit
3098 2953 3347 3022 princeps
3375 2969 3474 3022 pa-

191 3050 375 3122 glorize
400 3049 599 3119 cupidi,
628 3048 857 3102 invicem
886 3054 1260 3115 provocantes,
1289 3044 1517 3098 invicem
1544 3042 1783 3097 inviden—
1890 3056 1907 3087 ε
1944 3044 2149 3091 storum
2173 3078 2187 3102 ν
2218 3039 2531 3109 percipielis
2559 3040 3060 3096 immarcescibilem
3100 3042 3285 3113 gloria:
3316 3059 3463 3098 coro-

196 3158 215 3192 ι
256 3149 335 3194 tes
378 3137 532 3211 (Gal.
568 3137 665 3211 v);
715 3157 734 3189 ι
776 3135 869 3192 sed
914 3137 1090 3206 magis
1130 3134 1413 3189 unanimes
1456 3148 1644 3188 omnes
1675 3133 1784 3187 siut
1812 3194 1853 3218 Π
1893 3147 1911 3179 ί
1944 3144 2091 3183 nam.
2120 3127 2384 3185 Similiter
2409 3131 2782 3187 adolescentes
2812 3132 3008 3187 subditi
3044 3142 3216 3188 estote
3245 3135 3475 3189 seniori-

191 3231 245 3287 in
276 3202 552 3295 oratione,
584 3202 1058 3298 «'compatientes',
1098 3224 1458 3280 fraternitatis
1484 3233 1777 3287 amatores,
1810 3202 1854 3256 (ἶ
1892 3238 1909 3271 ι
1948 3220 2067 3285 bus,
2095 3234 2285 3275 omnes
2311 3231 2491 3276 autem
2523 3223 2750 3277 Invicem
2779 3223 3133 3279 humilitatem
3160 3226 3468 3283 insinuatc:

197 3341 216 3375 ι
255 3322 666 3385 misericordes,
709 3320 942 3377 humiles
970 3318 1020 3391 (I
1068 3318 1183 3372 Pet.
1226 3317 1354 3388 "1);.
1395 3336 1413 3367 ι
1450 3314 1583 3369 nihil
1620 3322 1778 3385 agant
1891 3329 1909 3360 ι
1948 3311 2073 3380 quia
2101 3310 2243 3366 Deus
2276 3312 2523 3381 superbis
2565 3314 2802 3376 resistit,
2850 3315 3141 3371 humilibus
3173 3326 3351 3373 autem
3381 3321 3473 3373 dat

188 3428 287 3485 per
331 3414 771 3477 contentionem,
810 3412 936 3481 quia
981 3426 1087 3464 non
1120 3418 1203 3464 est
1242 3405 1596 3463 dissensionis
1639 3405 1781 3460 Deus
1890 3419 1908 3451 ι
1947 3401 2175 3473 gratiam
2229 3400 2288 3471 (I
2332 3398 2477 3455 Petr.
2533 3402 2616 3464 v).
2668 3422 2685 3453 ι
2727 3402 3064 3473 Quapropter
3103 3409 3467 3478 necessarium

191 3505 285 3561 sed
317 3506 485 3575 pacis,
1885 3494 2017 3547 mihi
2054 3493 2262 3547 videtur
2299 3501 2358 3547 ut
2392 3506 2580 3548 omnes
2616 3494 2962 3550 bumiliemus
3003 3511 3101 3551 nos
3128 3498 3228 3551 sub
3264 3500 3465 3567 potenti

263 3592 388 3648 Haze
416 3594 560 3648 enim
603 3594 977 3647 tantummodo
1019 3590 1173 3645 nobis
1213 3589 1466 3644 credendi
1500 3588 1681 3659 regula
1711 3605 1778 3644 ex
1884 3596 2047 3636 manu
2074 3582 2189 3645 Dei.
2217 3592 2478 3650 quatenus
2506 3582 2617 3652 ipse
2642 3598 2741 3637 nos
2766 3584 2965 3639 eaaltet
2991 3585 3043 3639 in
3073 3595 3312 3657 tempore
3342 3589 3467 3644 visi-

186 3695 461 3758 przeeepto
490 3684 769 3738 Dominico
796 3681 1141 3744 conceditur,
1181 3688 1241 3733 ut
1268 3679 1659 3733 contendamus
1684 3694 1781 3746 per
1883 3673 2104 3727 talionis
2135 3690 2146 3724 :
2176 3682 2231 3727 et
2252 3672 2496 3742 quisquis
2534 3674 2587 3728 in
2616 3673 2806 3742 majori
2836 3676 3093 3747 diguizate
3118 3693 3184 3733 ex
3208 3678 3470 3737 electione

189 3783 473 3847 angustam
512 3782 719 3843 portam
753 3773 977 3835 intrare,
1005 3782 1059 3825 et
1088 3780 1293 3825 arctam
1326 3770 1465 3823 viam
1499 3770 1779 3824 intendere
1883 3764 2073 3818 Divina
2109 3779 2168 3819 se
2217 3764 2451 3833 positum
2492 3766 2763 3835 agnoscit,
2792 3769 3185 3825 commilitones
3229 3786 3355 3825 suos
3404 3789 3468 3829 ac

188 3884 310 3939 quae
350 3868 496 3923 ducit
537 3867 603 3921 ad
642 3864 838 3929 vitam;
871 3879 977 3917 non
1008 3862 1171 3916 latam
1210 3869 1265 3917 ct
1294 3861 1585 3931 spatiosam
1612 3902 1627 3926 ,
1658 3876 1779 3931 quae
1884 3854 2161 3909 ministros
2186 3856 2331 3908 omni
2360 3854 2563 3909 honore
2602 3855 2792 3926 dignos
2822 3857 3146 3924 arbitretur,
3176 3868 3230 3913 et
3255 3876 3318 3915 ex
3350 3878 3469 3916 mu-

188 3959 338 4015 ducit
374 3959 439 4012 ad
464 3964 712 4011 mortem.
759 3952 815 4008 Si
850 3954 992 4007 enim
1020 3954 1174 4008 bona
1207 3952 1510 4006 devotionis
1541 3961 1595 4006 et
1620 3966 1777 4005 man-
1884 3955 1975 4002 tua
2001 3946 2287 4003 dilectione
2318 3948 2493 4003 locum
2528 3950 2606 4005 eis
2630 3953 2869 4021 praebeat
2905 3954 3213 4023 perﬁciendi
3240 3970 3304 4010 ac
3328 3957 3466 4011 bene

188 4050 492 4107 suetudinis
525 4048 728 4104 indicia
768 4062 866 4116 per
903 4044 1223 4099 humilitatis
1258 4051 1419 4113 atque
1458 4041 1778 4097 obedientia:
1881 4038 2136 4108 operandi
2182 4057 2195 4092 :
2236 4039 2361 4109 quia
2400 4041 2618 4095 venient
2658 4041 2806 4108 dies,
2850 4045 3064 4114 quando
3100 4061 3205 4100 non
3246 4046 3468 4103 honoris

186 4142 490 4212 praebemus
514 4137 685 4194 olIicia
716 4156 730 4190 :
761 4136 872 4191 veri
906 4135 1204 4189 imitatores
1228 4132 1325 4187 Dei
1347 4130 1545 4195 effecti,
1575 4129 1778 4185 Christi
1881 4127 2199 4198 dignitates,
2245 4127 2339 4183 sed
2368 4129 2633 4185 bonorum
2672 4147 2894 4201 operum
2920 4134 3265 4203 requirentur
3292 4138 3467 4193 actio-

188 4230 405 4287 Domini
431 4243 719 4298 sequemur
745 4226 1013 4296 exempla,
1042 4226 1154 4295 qui,
1178 4240 1299 4279 cum
1325 4223 1500 4277 adhuc
1530 4229 1779 4291 peccato.
1882 4232 1999 4273 nes.
2034 4217 2203 4274 Filius
2228 4221 2370 4274 enim
2398 4221 2491 4276 Dei
2516 4232 2776 4278 venturus
2794 4234 2877 4279 est
2905 4226 2956 4279 in
2982 4226 3149 4297 gloria
3180 4228 3357 4284 Patris
3383 4230 3467 4284 sui

186 4339 279 4379 res
303 4336 563 4385 essemus,
594 4335 690 4389 pro
720 4318 901 4388 impiis
925 4318 1097 4373 servis
1141 4334 1159 4367 ‹
1197 4324 1444 4369 mortuus
1470 4323 1571 4377 est,
1598 4312 1776 4382 justus
1880 4325 2003 4364 cum
2027 4310 2231 4380 angelis
2252 4311 2364 4367 suis
2390 4330 2402 4365 :
2430 4320 2485 4366 et
2510 4322 2636 4368 tunc
2656 4315 2841 4369 reddet
2864 4316 3150 4387 unicuique
3171 4321 3465 4375 secundum

194 4433 213 4465 ι
248 4427 349 4484 pro
403 4412 616 4482 injustis
651 4429 663 4463 :
696 4418 756 4465 ut
807 4425 907 4463 nos
966 4407 1185 4462 oti‘erret
1235 4407 1367 4471 Deo,
1421 4404 1775 4460 mortiﬁcatus
1880 4416 2042 4471 opera
2076 4400 2214 4469 ejus.
2264 4420 2280 4452 ι
2330 4402 2531 4458 Omnes
2570 4404 2711 4459 enim
2756 4405 3018 4460 stabimus
3062 4416 3188 4462 ante
3232 4408 3462 4463 tribunal

193 4522 212 4556 ι
250 4501 465 4572 quidem
502 4515 694 4564 carne,
744 4500 1049 4553 viviﬁcatus
1093 4505 1272 4551 autem
1323 4496 1515 4566 spiritu
1562 4495 1610 4567 (I
1654 4494 1769 4550 Pet.
1802 4566 1838 4572 _
1886 4508 1905 4541 ι
1941 4489 2169 4553 Christi.
2219 4499 2278 4545 ut
2308 4490 2509 4546 referat
2542 4494 2913 4563 unusquisque
2948 4496 3160 4565 propria
3192 4500 3460 4567 corporis,

193 4612 212 4645 ι
250 4566 356 4663 ιιι).
400 4611 417 4644 ι
454 4610 471 4643 ι
508 4590 610 4657 Qui
637 4591 902 4646 destruxit
927 4588 1142 4657 quidem
1176 4595 1424 4651 mortem,
1452 4566 1773 4640 illuminavit
1802 4566 1851 4625 Ῑ)
1884 4602 1902 4634 ι
1941 4591 2102 4651 prout
2124 4582 2314 4652 gessit,
2350 4583 2463 4637 sive
2492 4584 2722 4650 bonum,
2754 4585 2866 4639 sive
2906 4586 3103 4641 malum
3132 4586 3303 4658 (Rom.
3347 4606 3458 4655 xrv,

194 4702 213 4735 ι
247 4692 427 4737 autem
468 4681 631 4735 vitam
683 4688 737 4735 et
784 4678 1242 4746 incorruptionem
1288 4692 1385 4745 per
1427 4675 1770 4746 Evangelium
1880 4673 1943 4728 II
1971 4672 2092 4727 Cor.
2128 4672 2201 4742 v).
2239 4694 2255 4724 ι
2292 4672 2393 4740 Qui
2430 4682 2607 4729 autem
2651 4674 2920 4731 inferioris
2954 4678 3156 4748 gradus
3197 4686 3315 4743 est,
3354 4695 3459 4736 non

188 4774 275 4847 (ΙΙ
304 4774 438 4829 Tim.
468 4773 529 4845 ι).
571 4794 589 4826 ι
634 4771 894 4827 Excelsus
925 4772 1065 4825 inter
1093 4768 1341 4837 angelos,
1384 4768 1605 4822 humilis
1636 4768 1776 4820 inter
1878 4764 2085 4833 majora
2123 4772 2179 4819 et
2212 4780 2333 4835 quae
2380 4767 2445 4820 ad
2482 4781 2541 4821 se
2580 4782 2684 4822 non
2721 4768 2992 4836 pertinent
3025 4786 3123 4839 per
3172 4771 3459 4829 elationem

188 4867 467 4932 homines,
498 4864 810 4919 ministrare
839 4862 1029 4925 voluit,
1056 4876 1159 4914 non
1193 4859 1508 4914 ministrari.
1539 4857 1693 4913 Unde
1720 4859 1772 4913 iu
1879 4865 2158 4926 appetens,
2192 4864 2361 4911 tentet
2390 4872 2402 4909 :
2434 4858 2528 4912 sed
2558 4866 2843 4913 contentus
2870 4860 2939 4914 sit
2972 4861 3164 4924 ollicio,
3190 4866 3331 4933 quod
3356 4866 3460 4921 sibi

188 4971 343 5012 cmua
366 4955 593 5026 mystica
618 4952 1003 5022 discipulorum
1030 4954 1194 5020 pedes
1224 4950 1371 5012 lavit,
1396 4958 1450 5003 et
1480 4950 1643 5003 linteo
1664 4964 1772 5018 quo
1878 4947 2069 5003 Divina
2108 4948 2379 5003 ordinatio
2426 4948 2595 5004 voluit
2634 4951 2880 5005 conferre
2923 4970 2934 5004 :
2982 4961 3039 5007 et
3074 4954 3147 5007 ita
3194 4954 3293 5008 rite
3337 4972 3462 5011 cre-

184 5059 307 5105 erat
346 5048 669 5117 prmcinctus
698 5046 882 5109 tersit,
912 5060 1031 5097 eum
1068 5042 1366 5111 publicanis
1393 5050 1446 5095 ct
1476 5040 1773 5110 peccatori-
1878 5040 2071 5105 dendo,
2100 5054 2163 5093 ac
2192 5048 2337 5094 recte
2363 5040 2603 5096 docendo
2622 5082 2634 5105 ,
2666 5042 2909 5111 beneque
2939 5044 3213 5113 operando
3234 5085 3248 5109 ,
3281 5046 3461 5114 quoti-

186 5140 289 5194 bus
316 5135 690 5199 manducavit,
721 5134 1080 5203 peccatricem
1117 5131 1397 5185 mulierem
1435 5132 1500 5185 ad
1530 5144 1587 5184 se
1614 5144 1768 5184 acce-
1878 5131 1963 5185 die
1991 5132 2043 5184 in
2069 5132 2237 5186 Deum
2270 5132 2547 5201 proﬁciat,
2577 5143 2633 5186 ut
2666 5134 2949 5188 ministerii
2979 5136 3060 5189 sui
3090 5136 3285 5190 bonum
3312 5153 3454 5207 pra:-

185 5231 317 5286 dere
344 5229 618 5300 per-misit,
645 5236 699 5281 et
725 5226 903 5279 lavare
935 5224 1189 5293 lacrymis
1228 5238 1290 5277 ac
1330 5232 1539 5291 tergere
1568 5220 1774 5290 capillis
1881 5222 2044 5276 mium
2084 5233 2465 5292 consequatur.
2515 5224 2612 5290 Qui
2664 5224 2804 5278 enim
2857 5225 2993 5279 bene
3045 5227 3455 5294 ministraverit,

184 5322 352 5394 pedes
382 5335 507 5375 suos
535 5316 837 5379 consensit,
874 5313 1004 5368 nihil
1029 5315 1231 5367 veritus
1259 5314 1648 5367 Phariszeorum
1678 5326 1771 5365 su-
1879 5315 2102 5385 gradum
2144 5316 2243 5369 sibi
2270 5317 2465 5371 bonum
2498 5317 2749 5385 adquirit.
2786 5317 2937 5373 Unde
2966 5319 3078 5388 ipsa
3103 5319 3305 5374 Veritas
3331 5321 3406 5375 ait
3439 5339 3452 5375 :

185 5412 552 5485 perstitiosam
589 5405 1056 5477 reprehensionem
1079 5446 1092 5467 ,
1134 5413 1355 5473 propter
1388 5402 1528 5470 quod
1558 5401 1770 5470 injustis
1882 5425 1899 5456 ‹
1931 5406 2030 5472 Qui
2065 5406 2192 5459 mihi
2222 5406 2509 5472 ministrat,
2540 5422 2623 5461 me
2654 5417 2912 5475 sequatur
2944 5427 2953 5458 ‘.
2988 5418 3042 5460 et
3073 5409 3159 5461 ubi
3183 5424 3300 5461 smn
3330 5424 3455 5479 ego,

186 5502 544 5576 querimoniis
575 5516 761 5555 eorum
807 5500 878 5552 ita
911 5498 1185 5567 respondit
1215 5496 1397 5551 dicens
1436 5513 1446 5545 :
1487 5511 1503 5543 ι
1538 5492 1769 5547 Dimissa
1880 5515 1897 5546 ι
1936 5496 2042 5550 illic
2070 5504 2122 5549 et
2159 5497 2404 5551 minister
2440 5512 2591 5551 meus
2620 5499 2739 5550 erit.
2772 5498 2827 5551 Si
2860 5497 2979 5566 quis
3006 5498 3135 5551 mihi
3176 5498 3452 5552 ministra-

194 5616 211 5649 ι
248 5608 375 5650 sunt
417 5596 464 5649 ei
513 5601 728 5663 peccata
780 5591 975 5652 multa,
1017 5590 1268 5657 quoniam
1316 5588 1499 5641 dilexit
1542 5585 1769 5640 multum
1883 5606 1897 5635 ι
1933 5586 2090 5650 verit,
2120 5586 2499 5641 bonoriﬁcabit
2526 5603 2646 5641 etim
2686 5587 2845 5641 Pater
2875 5602 3022 5640 meus
3058 5586 3237 5649 (Jomt.
3272 5587 3390 5657 xu).
3429 5605 3447 5639 ι

194 5707 214 5741 ι
253 5686 379 5740 Luc.
439 5686 554 5753 vn).
594 5705 610 5733 ι
656 5681 721 5737 [ut
758 5686 883 5735 item
920 5702 929 5733 ς
978 5705 988 5729 ι
1031 5679 1143 5733 Non
1182 5680 1322 5742 veni,
1354 5680 1545 5748 inquit.
1579 5693 1770 5733 vocare
1876 5677 1940 5731 Et
1966 5676 2089 5729 alibi
2123 5695 2133 5727 :
2171 5695 2187 5725 ‹
2223 5676 2373 5739 Volo,
2408 5699 2423 5725 ι
2460 5679 2648 5747 inquit,
2678 5678 2858 5743 Pater,
2886 5687 2944 5731 ut
2971 5679 3056 5732 ubi
3087 5694 3201 5732 sum
3229 5691 3346 5747 ego,
3379 5676 3451 5733 ibi

194 5808 209 5840 τ
252 5788 436 5851 gurdos,
474 5777 561 5833 sed
590 5785 900 5846 peccatores
928 5774 1119 5827 illum.
1162 5772 1238 5832 tt).
1280 5792 1294 5821 η·
1330 5772 1388 5825 Et
1420 5770 1541 5825 alibi
1575 5788 1584 5822 :
1625 5788 1640 5819 t
1682 5769 1736 5824 1⁵1

1050 5792 1119 5826 ir.
1162 5772 1238 5832 tt).
1280 5792 1294 5821 ηι
1330 5772 1388 5825 Et
1420 5770 1541 5825 alibi
1575 5788 1584 5822 :
1625 5788 1640 5819 t
1682 5769 1770 5824 1"i-
1879 5788 1897 5819 ι
1930 5767 1998 5821 sit
2030 5776 2081 5820 et
2107 5766 2346 5821 minister
2373 5783 2543 5821 meus.
2584 5789 2599 5819 δ
