3924 6374
425 451 566 510 12B

1099 453 1158 508 Β.
1203 453 1456 510 ΠΑΒᾹΝΙ
1494 454 1712 512 MAL'Rl
1749 455 2067 513 ARCillEI’.
2114 456 2423 515 MOGUNT.
2466 458 2750 516 OPERUM
2786 461 2965 520 PARS
3004 463 3066 519 ll.

3575 470 3716 528 ηαδ

493 568 732 625 Grandis
757 570 931 624 honor
963 579 1080 634 est,
1110 568 1312 626 Christi
1344 571 1651 625 ministrum
1681 585 1800 625 esse
1831 587 1843 622 :
1875 570 2016 625 unde
2043 575 2093 632 Α
2128 588 2145 618 ι
2182 568 2334 624 vobis
2367 568 2583 640 (Matth.
2617 569 2716 641 vi).
2759 590 2775 620 ι
2827 590 2844 621 ι
2877 569 2979 637 Qui
3015 586 3121 627 non
3161 576 3557 631 renuntiaverit
3592 594 3714 632 om-

421 672 480 721 et
512 663 716 734 grande
743 659 1022 730 praemium
1061 660 1199 715 bene
1228 661 1602 716 ministrantes
1638 660 1902 730 sequitur,
1937 662 2011 716 ita

420 764 483 810 ut
527 771 649 810 cum
697 753 915 809 Christo
956 760 1011 808 et
1061 753 1266 809 sanctis
1301 755 1506 826 angelis
1551 752 1668 822 ejus
1709 755 1762 808 in
1808 755 2011 812 cmlesti

417 846 753 906 beatitudine.
781 844 898 900 sine
926 843 1033 900 ﬁne
1057 844 1307 900 laetentur
1345 856 1560 916 ratque
1593 847 1711 901 ideo
1744 862 1847 900 non
1878 862 2010 902 con-

416 937 566 992 venit
592 936 765 993 servis
790 934 994 991 Christi
1025 937 1355 992 contendere
1390 938 1455 993 de
1484 937 1812 992 sublimitate
1838 939 2008 995 hono-

363 1079 368 1082 .
417 1028 527 1094 ris,
561 1028 654 1083 sed
684 1027 858 1096 magis
893 1037 1104 1082 certare
1132 1027 1199 1083 de
1235 1028 1467 1084 utilitate
1503 1044 1646 1084 sanae
1674 1030 2011 1098 praedicatio-

413 1117 521 1182 nis,
547 1127 602 1172 et
627 1117 948 1173 assiduitate
970 1117 1124 1172 bonae
1149 1119 1502 1188 operationis,
1525 1129 1584 1174 ut
1603 1120 1830 1191 populus
1853 1121 2010 1176 Chri-

414 1209 486 1264 sti
512 1209 698 1264 audiat
719 1225 787 1265 ex
811 1224 906 1266 ore
928 1224 1116 1266 eorum
1142 1211 1363 1266 verbum
1393 1220 1554 1268 recta:
1582 1213 1725 1280 ﬁdei,
1749 1221 1802 1268 et
1828 1213 2009 1268 videat

413 1299 469 1354 in
501 1298 714 1354 actibus
754 1314 943 1354 eorum
983 1301 1184 1356 bonum
1216 1302 1521 1372 exemplum
1550 1317 1649 1373 per
1687 1303 2008 1359 humilitatis

410 1391 673 1448 indicium
693 1433 706 1458 ,
734 1393 859 1463 quia
882 1393 1037 1463 juxta
1067 1393 1312 1449 veritatis
1354 1394 1676 1450 sententiam
1710 1411 1721 1445 :
1763 1414 1779 1444 ι
1819 1393 1994 1451 Omni:

414 1506 432 1533 α
469 1484 562 1554 qui
599 1499 656 1539 se
684 1485 998 1541 exaltaverit
1020 1526 1034 1549 ,
1080 1485 1490 1540 humiliabitur:
1523 1494 1578 1540 et
1605 1487 1695 1554 qui
1737 1501 1794 1542 se
1824 1488 2003 1541 humi-

412 1592 433 1624 ι
470 1574 715 1640 liaverit,
747 1577 1076 1631 exaltabitur
1107 1576 1328 1645 (Matth.
1349 1573 1672 1645 xxut).iQui
1708 1578 1851 1633 enim
1883 1594 2001 1650 gra-

408 1668 536 1720 dum
578 1666 800 1722 honoris
847 1668 900 1721 in
949 1667 1188 1723 Ecclesia
1236 1667 1436 1724 Christi
1478 1683 1830 1740 acceperunt,
1875 1688 2004 1742 quo-

406 1757 569 1813 modo
609 1758 793 1814 vivere
823 1759 1057 1814 debeant
1090 1768 1145 1814 et
1184 1760 1312 1830 quid
1343 1776 1535 1831 agere,
1573 1762 1795 1817 audiant
1825 1764 2000 1832 ipsum

405 1848 696 1905 Dominum
725 1850 1099 1907 ostendentem
1127 1860 1291 1922 atque
1315 1854 1715 1925 praecipientem
1752 1874 1763 1908 :
1801 1875 1817 1905 α
1856 1856 1996 1921 Sint,

2122 678 2140 710 ε
2181 660 2340 715 nibus
2368 675 2488 730 qua:
2514 661 2770 730 possidet,
2806 677 2910 715 non
2939 672 3118 731 potest
3143 677 3265 718 esse
3294 680 3446 719 meus
3475 665 3716 739 discipu-

2120 768 2138 800 ι
2179 749 2261 805 lus
2289 749 2442 821 (Luc.
2472 752 2604 820 xw).
2646 772 2662 800 ι
2704 770 2721 799 ι
2757 750 2856 818 Qui
2890 753 3006 805 vult
3038 754 3224 809 venire
3250 764 3370 824 post
3404 770 3512 821 me,
3547 757 3721 814 abne.

2121 859 2140 891 ι
2177 849 2265 911 get
2291 840 2641 911 semetipsum
2663 882 2676 905 ,
2706 850 2762 897 et
2801 842 2949 896 tollat
2978 858 3194 898 crucem
3223 860 3409 908 suam,
3438 855 3495 900 ct
3522 861 3712 915 sequa-

2119 949 2137 981 ι
2177 941 2264 986 tur
2299 947 2405 987 me.
2449 932 2551 1000 Qui
2589 935 2734 988 enim
2773 933 3003 990 voluerit
3036 935 3271 990 animam
3309 953 3465 992 suam
3506 939 3708 994 salva.u

2118 1043 2136 1074 ι
2170 1022 2380 1090 facere,
2409 1024 2596 1092 perdet
2626 1040 2766 1078 eam.
2796 1025 2895 1092 Qui
2933 1037 3110 1080 autem
3150 1029 3447 1096 perdiderit
3469 1030 3712 1084 animam

2118 1133 2136 1166 ε
2173 1131 2325 1168 suam
2350 1123 2570 1185 propter
2595 1133 2700 1180 me,
2730 1117 2965 1172 inveniet
2995 1134 3133 1172 eam.
3160 1119 3297 1186 Quid
3320 1123 3464 1176 enim
3488 1121 3713 1191 prodest

2116 1223 2135 1256 ε
2172 1205 2410 1269 homini,
2450 1207 2494 1262 si
2533 1208 2791 1262 mundum
2834 1209 3148 1265 universum
3188 1217 3427 1266 lucretur
3461 1230 3474 1264 :
3514 1213 3714 1266 anima:

2116 1315 2135 1348 ι
2175 1312 2304 1352 vero
2334 1313 2444 1353 suae
2470 1298 2855 1354 detrimentum
2878 1301 3145 1371 patiatur?
3175 1301 3543 1374 etr.i(Matth.
3564 1323 3653 1361 xvi
3671 1301 3710 1373 .)

2109 1385 2246 1441 Hinc
2267 1396 2322 1441 et
2341 1386 2554 1452 Petrus,
2577 1388 2874 1444 exhortans
2898 1390 3082 1447 ﬁdeles
3105 1391 3158 1445 in
3179 1391 3416 1462 Epistula
3441 1408 3563 1460 sua,
3588 1394 3664 1447 ait
3691 1409 3708 1446 :

2115 1498 2130 1526 ι
2172 1477 2444 1533 Succincti
2485 1478 2697 1536 lumbos
2734 1481 2932 1537 mentis
2968 1492 3196 1549 vestrae,
3239 1484 3407 1540 sobrii
3464 1485 3711 1556 perfecte

2113 1588 2129 1617 ι
2170 1576 2382 1637 sperate
2409 1569 2460 1622 in
2489 1584 2610 1624 eam
2640 1586 2760 1640 quae
2793 1571 3018 1627 otl'ertur
3055 1575 3210 1630 vobis
3235 1577 3490 1646 gratiam,
3535 1577 3588 1631 iu
3622 1591 3711 1632 re-

2111 1677 2130 1708 ι
2166 1657 2488 1712 velationem
2512 1659 2638 1714 Jesu
2668 1661 2889 1727 Christi,
2919 1665 3074 1732 quasi
3104 1663 3198 1718 ﬁlii
3222 1665 3568 1732 obedientiaz,
3596 1684 3707 1722 non

2111 1769 2128 1799 ι
2163 1747 2482 1820 conﬁgurati
2513 1752 2784 1820 prioribus
2813 1752 3131 1823 ignorantiae
3163 1765 3354 1811 vestra:
3387 1758 3707 1823 desideriis.

2111 1859 2127 1888 ι
2166 1839 2259 1892 sed
2289 1841 2583 1894 secundum
2625 1856 2748 1894 eum
2788 1843 2878 1911 qui
2923 1846 3136 1900 vocavit
3173 1862 3300 1912 vos,
3331 1858 3613 1915 sanctum;
3648 1858 3711 1905 et

408 1957 430 1990 ι
466 1939 665 2012 inquit,
697 1940 862 1997 lumbi
890 1942 1055 1998 vestri
1082 1945 1381 2013 pracincti,
1411 1953 1464 2000 ει
1491 1946 1722 2000 lucerna;
1749 1947 1999 2003 ardentes
2033 1931 2074 1989 Β
2109 1955 2125 1984 σ
2167 1936 2265 2004 ipsi
2297 1937 2467 1992 sancti
2499 1937 2552 1991 in
2584 1939 2729 1993 omni
2760 1941 3174 1996 couversatiune
3209 1950 3407 2007 estote,
3441 1943 3704 2010 quoniam

408 2052 428 2084 α
462 2032 518 2088 in
555 2034 841 2090 manibus:
872 2043 928 2090 et
950 2050 1046 2091 vos
1073 2037 1276 2092 similes
1302 2037 1612 2095 lioruinibus
1635 2043 1998 2110 eXSpectanti-

409 2143 428 2174 ι
465 2123 566 2179 bus
597 2124 872 2180 dominum
904 2141 1090 2191 suum,
1130 2129 1346 2198 quando
1376 2139 1681 2186 revertatur
1707 2148 1737 2188 a
1773 2135 1994 2204 nuptiis,

405 2232 427 2266 ι
465 2221 523 2269 ιιι
546 2229 668 2270 cum
693 2217 904 2271 venerit
928 2225 983 2272 et
1009 2218 1334 2289 pulsaverit.
1364 2221 1648 2278 confestim
1679 2225 1926 2294 aperiant
1948 2228 1998 2282 ei

408 2325 426 2358 α
463 2303 621 2376 (Luc.
661 2306 784 2378 xu).
823 2326 843 2362 ι
894 2307 964 2363 Et
1013 2309 1174 2378 quale
1221 2325 1315 2366 eos
1370 2314 1648 2382 praemium
1686 2316 1867 2372 taliter
1920 2317 1998 2372 fa-

399 2397 607 2454 cientes
637 2399 690 2454 in
733 2399 914 2457 futuro
960 2411 1248 2472 sequatur,
1280 2420 1399 2459 mox
1432 2405 1736 2478 subjttugit,
1768 2409 1993 2466 dicens:

403 2507 426 2541 ι
467 2488 620 2545 Beati
654 2492 726 2545 illi
756 2494 934 2557 servi,
965 2507 1131 2563 quos,
1165 2511 1285 2549 cum
1318 2497 1526 2551 venerit
1561 2498 1820 2556 Dominus
1848 2502 1997 2557 iuve-

405 2601 426 2636 ι
466 2585 609 2641 nerit
643 2585 947 2657 vigilantes.
975 2589 1146 2644 Amen
1196 2589 1318 2645 diro
1351 2591 1520 2656 vobis,
1566 2593 1708 2662 quod
1762 2597 1994 2664 praarin-

403 2694 423 2729 ι
465 2685 553 2748 get
581 2692 658 2743 se,
690 2687 744 2734 et
771 2677 936 2736 faciet
965 2680 1086 2737 illos
1110 2681 1485 2749 discumbere,
1517 2695 1572 2740 et
1599 2688 1867 2743 transiens
1895 2689 1994 2742 mi—

402 2788 424 2823 σ
466 2771 855 2829 t‘i.strabit‘illis
894 2773 1107 2847 (Ibid.).
1145 2795 1161 2826 ι
1197 2776 1263 2830 Ει
1293 2777 1450 2846 paulo
1481 2786 1603 2847 post
1640 2797 1653 2833 :
1689 2799 1706 2830 ι
1737 2779 1869 2847 Quis
1898 2797 1993 2852 pu-

399 2878 420 2912 ι
458 2869 540 2916 tas
587 2874 707 2929 est,
756 2865 957 2934 inquit,
1011 2864 1184 2921 ﬁdelis
1227 2867 1598 2938 dispensator,
1636 2877 1691 2924 et
1733 2871 1990 2938 prudens,

367 2968 421 3005 ,ι
458 2966 620 3022 quem
650 2955 938 3011 constituit
961 2957 1210 3013 dominus
1238 2973 1402 3029 super
1427 2958 1686 3015 familiam
1723 2978 1896 3029 suam,
1934 2973 1993 3017 ut

401 3061 420 3093 ι
459 3043 552 3099 det
580 3045 685 3101 illis
720 3047 772 3101 iu
806 3055 1051 3119 tempore
1083 3050 1250 3106 tritici
1288 3055 1637 3110 mensuram?
1675 3055 1870 3112 Beatus
1905 3057 1992 3111 ille

397 3155 419 3190 ι
457 3152 670 3203 servus,
699 3155 881 3210 quem,
914 3157 1038 3197 cum
1069 3145 1278 3201 venerit
1306 3146 1569 3202 Dominus
1597 3149 1742 3218 ejus,
1774 3151 1991 3204 inverte-

394 3247 420 3283 σ
457 3231 528 3285 rit
553 3231 630 3286 ita
661 3232 972 3290 facientem.
1001 3234 1144 3292 Vere
1177 3237 1298 3293 dico
1328 3239 1500 3305 vobis,
1531 3241 1653 3309 quia
1679 3256 1841 3311 super
1869 3257 1988 3296 om-

395 3343 418 3380 σ
453 3327 541 3383 nia
572 3343 693 3399 qua:
725 3330 1002 3399 possidet,
1039 3333 1331 3389 constituet
1372 3333 1521 3388 illum
1563 3335 1772 3404 (Ibid).
1821 3356 1839 3387 ι
1872 3334 1986 3391 Νοιι

388 3419 537 3474 enim
572 3421 743 3492 pigris
779 3431 834 3477 et
876 3423 1160 3480 hebetibus
1187 3425 1530 3490 doctoribus,
1560 3435 1612 3482 et
1651 3429 1716 3482 de
1754 3428 1987 3497 primatu

388 3509 555 3583 hujus
577 3515 760 3569 mundi
784 3524 948 3584 atque
967 3513 1173 3570 divitiis
1192 3519 1546 3584 certantibus,
1578 3521 1684 3575 tale
1707 3521 1986 3589 praemium

386 3605 726 3674 promittitur
753 3624 765 3659 :
796 3606 889 3662 sed
908 3605 1045 3662 bene
1066 3606 1464 3675 laborantibus,
1486 3619 1540 3665 et
1562 3612 1721 3681 digne
1744 3612 1852 3665 Deo
1875 3628 1988 3667 ser-

386 3695 689 3752 vientibus.

462 3783 582 3841 Non
619 3794 703 3840 est
748 3788 894 3842 enim
934 3803 1147 3860 aequum
1173 3831 1188 3855 ,
1224 3801 1285 3846 ut
1322 3793 1540 3848 collatio
1580 3795 1723 3849 sacri
1754 3797 1983 3863 ordinis,

391 3877 572 3934 servis
589 3877 794 3936 Christi
827 3880 925 3937 ﬁat
951 3898 1112 3939 causa
1140 3884 1392 3942 elationis
1412 3895 1468 3941 et
1493 3895 1720 3942 terrenae
1742 3888 1986 3960 volupta-

386 3970 462 4026 tis
489 3989 502 4025 :
531 3971 657 4041 quia
683 3987 786 4028 nec
819 3973 873 4028 in
903 3973 1072 4045 ipsius
1101 3977 1345 4047 magistri
1382 3993 1483 4033 nec
1512 3979 1566 4032 in
1598 3979 1982 4048 discipulorum

384 4059 508 4129 ejus
523 4062 684 4118 dictis
704 4063 818 4120 sive
837 4065 1102 4135 exemplis
1123 4065 1327 4136 aliquid
1351 4067 1661 4136 hujusmodi
1685 4071 1980 4139 reperiunt.

387 4149 675 4219 Quomodo
697 4160 878 4210 autem
905 4154 973 4210 de
995 4154 1196 4210 Christi
1225 4158 1466 4212 moribus
1489 4174 1586 4213 nos
1609 4159 1842 4214 instruat
1861 4177 1987 4230 apo-

386 4245 561 4318 Italus
586 4244 806 4312 Paulus,
841 4248 1124 4303 audiamus
1156 4266 1169 4302 :
1208 4266 1226 4299 ι
1268 4249 1379 4305 Hoc
1402 4259 1602 4314 autem,
1639 4252 1832 4320 inquit,
1862 4269 1986 4318 sen-

392 4351 412 4385 ι
449 4333 546 4390 tite
587 4334 642 4389 in
681 4335 835 4392 vobis
860 4337 1004 4406 quod
1047 4347 1102 4392 et
1131 4339 1184 4392 in
1218 4335 1435 4393 Christo
1460 4339 1619 4405 Jesu,
1653 4341 1743 4410 qui
1775 4357 1896 4395 cum
1929 4343 1980 4396 in

392 4442 412 4477 ι
451 4423 626 4480 forma
656 4425 750 4480 Dei
783 4435 959 4493 esset,
1004 4443 1109 4482 non
1144 4428 1390 4499 rapinam
1428 4430 1722 4484 arbitratus
1751 4440 1834 4484 est
1862 4445 1982 4485 esse

393 4533 414 4569 ε
450 4532 510 4572 se
543 4519 808 4588 aequalem
841 4519 972 4585 Deo,
1002 4521 1096 4576 sed
1133 4521 1481 4590 semetipsum
1511 4523 1841 4587 exiuanivit,
1873 4523 1981 4578 for-

2113 2044 2124 2075 ι
2163 2025 2422 2095 scriptum
2450 2034 2576 2082 est:
2610 2026 2790 2082 Sancti
2821 2029 3002 2093 eritis,
3045 2031 3301 2098 quoniam
3334 2046 3436 2100 ego
3479 2039 3708 2088 sanctus

2107 2133 2125 2164 ι
2161 2130 2281 2169 sum
2307 2113 2358 2186 (1
2390 2114 2536 2174 Patr.
2565 2115 2625 2190 ι).
2661 2137 2679 2169 ι
2716 2119 2791 2174 De
2817 2134 2926 2188 quo
2951 2129 3006 2173 et
3041 2119 3277 2176 Joannes
3302 2123 3375 2175 ait
3415 2139 3430 2176 :
3468 2141 3487 2172 ι
3526 2120 3709 2178 Nolite

2107 2222 2126 2257 ι
2164 2205 2387 2277 diligere
2411 2207 2693 2273 mundum,
2715 2223 2892 2278 neque
2916 2225 2981 2266 ea
3008 2227 3128 2281 qum
3151 2211 3206 2265 in
3231 2213 3433 2267 mundo
3460 2222 3604 2267 sunt.
3643 2212 3707 2268 Si

2107 2314 2125 2346 ι
2161 2297 2282 2366 quis
2305 2296 2482 2368 diligit
2507 2299 2792 2364 mundum,
2821 2314 2930 2354 non
2952 2310 3036 2356 est
3061 2302 3302 2358 charitas
3329 2303 3512 2359 Patris
3534 2304 3588 2358 in
3609 2319 3704 2369 eo.

2107 2407 2125 2439 ε
2161 2388 2418 2458 quoniam
2449 2403 2610 2444 omne
2635 2391 2778 2458 quod
2811 2391 2863 2445 in
2892 2392 3097 2448 mundo
3118 2402 3222 2460 est,
3252 2394 3706 2464 concupiscentia

2104 2498 2122 2529 ι
2159 2480 2342 2535 carnis
2365 2488 2420 2534 et
2445 2481 2885 2551 concupiscentia
2911 2484 3191 2539 oculorum
3225 2495 3325 2549 est,
3359 2495 3414 2541 et
3444 2486 3705 2558 superbia

2103 2587 2120 2620 ι
2161 2571 2306 2636 vitae,
2334 2587 2455 2641 quae
2484 2588 2588 2627 non
2615 2582 2700 2628 est
2728 2588 2792 2628 ex
2835 2573 3013 2639 Patre,
3046 2576 3138 2631 sed
3171 2591 3238 2630 ex
3269 2578 3470 2632 mundo
3501 2585 3615 2642 est;
3647 2587 3707 2633 et

2104 2681 2120 2712 ι
2158 2665 2389 2718 mundus
2418 2666 2637 2729 transit,
2669 2674 2722 2721 et
2751 2668 3191 2738 concupiscentia
3214 2669 3350 2740 ejus.
3379 2668 3482 2736 Qui
3514 2679 3706 2725 autem

2103 2777 2120 2807 ι
2158 2757 2286 2812 facit
2315 2758 2652 2814 voluntatem
2681 2761 2806 2825 Dei,
2839 2770 3023 2817 manet
3057 2762 3111 2818 in
3157 2770 3419 2818 aeternum
3449 2761 3498 2834 (1
3529 2762 3704 2818 Joan.

2103 2867 2120 2898 ι
2161 2848 2243 2918 ιι).
2280 2868 2298 2900 ι
2333 2848 2470 2904 Hinc
2507 2860 2562 2906 et
2596 2851 2794 2906 Paulus
2822 2853 2899 2906 ait
2929 2871 2941 2906 :
2977 2871 2994 2902 ι
3037 2853 3156 2908 Νοιι
3189 2869 3317 2924 ergo
3346 2863 3538 2923 regnet
3565 2868 3704 2924 pec-

2102 2958 2119 2989 ‹
2157 2949 2335 2994 catum
2372 2941 2428 2994 in
2470 2949 2652 2995 vestro
2697 2941 2906 2995 mortali
2955 2957 3184 3012 corpore
3229 2944 3297 2997 ad
3333 2942 3707 2999 obedientium

2100 3050 2118 3080 ι
2155 3030 2439 3085 desideriis
2461 3031 2580 3101 ejus
2616 3050 2628 3084 :
2662 3031 2760 3087 sed
2792 3046 2967 3101 neque
2997 3033 3298 3088 exbibeatis
3328 3035 3571 3089 membra
3607 3049 3696 3089 ve

2100 3139 2118 3171 ι
2157 3129 2269 3175 stra
2308 3136 2458 3176 arma
2503 3120 2807 3190 iniquitatis
2845 3136 2928 3192 pet
2945 3132 3068 3178 cato
3121 3138 3135 3177 :
3176 3124 3270 3179 sed
3308 3123 3561 3179 exhibete
3601 3139 3705 3179 vos

2099 3231 2116 3261 ι
2158 3210 2290 3277 Deo,
2320 3219 2578 3281 tanquam
2610 3225 2678 3265 ex
2719 3213 2948 3266 mortuis
2983 3213 3224 3268 viventes
3247 3253 3261 3276 ,
3293 3228 3442 3267 arma
3463 3211 3704 3280 iustitiae

2018 3280 2061 3342 (ἶ
2100 3324 2118 3353 ι
2156 3302 2266 3358 Deo
2296 3303 2676 3377 (Rom.v,xn).
2713 3325 2730 3357 ι
2774 3303 2843 3359 Εῑ
2879 3306 3076 3360 iterum
3117 3320 3131 3364 :
3169 3327 3186 3357 ι
3223 3305 3444 3371 Carnis,
3479 3306 3703 3375 inquit,

2099 3414 2116 3445 ι
2152 3410 2339 3450 curam
2383 3411 2451 3450 ne
2489 3395 2734 3452 feceritis
2770 3398 2825 3452 in
2865 3397 3150 3453 desideriis
3181 3397 3358 3469 (Rom.
3394 3398 3537 3470 xm).
3574 3419 3594 3450 ι
3633 3399 3701 3455 Et

2092 3500 2309 3539 rursum
2353 3504 2366 3540 :
2407 3504 2425 3536 ι
2471 3485 2589 3540 Non
2631 3499 2762 3558 ergo
2805 3479 3038 3556 amplius
3068 3487 3300 3542 invicem
3336 3487 3699 3558 judicemus:

2096 3595 2114 3626 ι
2153 3577 2246 3630 sed
2292 3577 2395 3632 hoc
2428 3575 2672 3645 judicate
2710 3582 2913 3648 magis,
2956 3594 3024 3634 ne
3055 3580 3273 3648 ponatis
3306 3579 3701 3638 otfendiculutn

2095 3688 2112 3718 ι
2155 3666 2345 3732 fratri,
2382 3667 2467 3723 vel
2511 3669 2827 3724 scandalum
2865 3669 3046 3740 (Rom.
3090 3671 3236 3742 xlv).
3273 3692 3290 3723 ι
3328 3672 3394 3727 Et
3426 3674 3632 3728 iterum
3677 3692 3694 3729 :

2094 3778 2112 3808 ι
2151 3759 2418 3814 Debemus
2443 3769 2626 3815 autem
2655 3776 2754 3816 nos
2782 3762 3082 3832 ﬁrmiores,
3109 3763 3517 3822 imbecillitates
3539 3767 3700 3823 inﬁr-

2095 3867 2112 3898 ι
2154 3866 2361 3904 morum
2389 3852 2682 3916 sustinere,
2712 3863 2768 3908 et
2796 3868 2903 3909 non
2930 3853 3086 3910 nobis
3111 3855 3324 3925 placere
3352 3874 3366 3909 :
3395 3860 3696 3928 unusquis-

2094 3959 2112 3989 ι
2153 3956 2256 4010 que
2294 3945 2544 4009 proximo
2572 3960 2672 4000 suo
2700 3947 2912 4014 placeat
2948 3947 3000 4002 in
3036 3948 3237 4003 bonum
3269 3950 3334 4004 ad
3372 3949 3698 4006 :ediﬁcatio-

2093 4053 2111 4084 ι
2152 4051 2272 4088 netu
2305 4033 2482 4104 (Rom.
2510 4036 2622 4108 xv).
2660 4057 2678 4090 ι

2158 4143 2218 4199 Si
2246 4155 2426 4200 autem
2455 4147 2752 4203 secundum
2783 4147 3090 4220 liujusmodi
3120 4150 3422 4208 doctrinam
3462 4153 3693 4210 confor-

2086 4250 2298 4291 memus
2326 4251 2424 4292 nos
2446 4239 2708 4307 exemplis
2733 4240 3079 4306 obcdientize,
3107 4243 3427 4300 humilitatis
3450 4254 3508 4298 et
3538 4260 3666 4300 man

2086 4327 2386 4383 sue;udiuis
2425 4327 2661 4395 Christi,
2699 4331 3111 4387 considerantes
3150 4333 3347 4403 singuli
3393 4350 3501 4390 nou
3539 4335 3692 4406 quod

2087 4421 2261 4485 nobis,
2293 4421 2386 4475 sed
2416 4422 2557 4490 quod
2591 4422 2713 4476 aliis
2741 4423 2868 4478 utile
2893 4433 2997 4490 est,
3028 4441 3128 4480 nec
3162 4426 3554 4496 cupiditatibus
3584 4430 3688 4484 hu-

2078 4511 2169 4581 jus
2212 4511 2428 4575 mundi,
2466 4521 2628 4581 atque
2671 4514 2939 4571 illecebris
2978 4531 3200 4586 operam
3233 4519 3426 4576 demus
3472 4537 3487 4575 :
3539 4521 3684 4576 nulla

388 4627 411 4661 ε
453 4624 598 4664 mam
636 4611 781 4666 εριυνί
828 4611 1132 4682 accipiens,
1163 4611 1218 4666 in
1257 4613 1665 4668 sunnimdinem
1698 4615 1976 4669 hominum
2006 4632 2056 4691 D
2083 4602 2188 4656 erit
2220 4603 2361 4656 inter
2402 4617 2501 4658 nos
2539 4606 2813 4659 contentio
2851 4607 2918 4661 de
2957 4607 3290 4663 sublimitate
3327 4608 3587 4678 honoris,
3629 4625 3697 4667 et

393 4720 412 4752 ι
449 4699 646 4767 fartus,
675 4709 730 4757 et
757 4702 945 4758 habitu
976 4703 1226 4759 iuventus
1252 4713 1308 4759 ut
1341 4704 1520 4759 homo.
1560 4704 1874 4762 Humiliavit
1902 4723 1980 4762 se-

393 4812 412 4844 ι
449 4793 738 4861 tuetipsum
764 4792 939 4848 factus
962 4793 1221 4849 obediens
1250 4810 1421 4863 usque
1445 4795 1511 4850 ad
1543 4807 1794 4861 mortem,
1828 4813 1976 4852 mor-

393 4902 413 4934 ι
453 4892 561 4937 tem
600 4891 782 4938 autem
819 4883 1002 4939 crucis
1053 4903 1065 4938 :
1106 4894 1329 4953 propter
1371 4885 1514 4955 quod
1556 4896 1608 4941 et
1647 4888 1788 4942 Deus
1827 4887 1977 4943 illum

393 4991 414 5026 α
452 4975 743 5038 esaltavit,
786 4984 843 5029 et
879 4974 1100 5028 donavit
1146 4975 1221 5029 illi
1247 4990 1472 5038 nomen,
1512 4977 1656 5046 quod
1695 4987 1778 5032 est
1815 4995 1979 5049 super

391 5084 412 5118 ο
450 5078 611 5120 omne
636 5079 852 5130 nomen,
883 5070 942 5118 ut
971 5063 1022 5118 in
1053 5066 1270 5120 nomine
1290 5063 1417 5122 Jesu
1441 5081 1602 5121 omne
1627 5082 1766 5138 genu
1795 5068 1977 5124 ﬂecta-

394 5175 412 5207 ι
450 5163 560 5220 tur,
605 5154 930 5220 ctelestium,
972 5157 1332 5220 terrestrium,
1380 5166 1435 5212 et
1481 5155 1812 5213 infernorum
1866 5178 1877 5212 :
1921 5167 1976 5213 rt

393 5265 414 5298 c
449 5247 626 5302 omnis
645 5245 824 5316 lingua
846 5245 1187 5312 conﬁteatur,
1211 5248 1336 5317 quia
1367 5248 1624 5305 Dominus
1643 5249 1800 5305 Jesus
1823 5250 1977 5305 Chri—

394 5355 414 5388 ε
449 5344 536 5392 tus
562 5337 615 5391 in
645 5336 812 5406 gloria
844 5345 927 5392 cst
955 5337 1050 5393 Dei
1074 5338 1253 5394 Patris
1283 5338 1506 5410 (Philip.
1529 5341 1646 5410 ιι).›
1680 5341 1816 5397 llinc
1845 5357 1974 5412 ergo

388 5426 666 5496 discipulis
711 5427 829 5482 suis
867 5430 1153 5498 prtecepit,
1197 5430 1380 5484 dicens
1425 5449 1437 5484 :
1490 5452 1508 5480 ι
1555 5430 1726 5486 Nolite
1761 5433 1973 5487 solliciti

395 5538 413 5570 ε
450 5533 592 5583 esse,
618 5517 880 5584 dicentes,
907 5519 1048 5587 Quid
1090 5520 1569 5577 manducabimus?
1598 5531 1692 5577 aut
1723 5524 1852 5592 quid
1891 5525 1971 5577 bi-

395 5629 416 5662 (
452 5611 676 5666 bemus?
704 5620 796 5665 aut
823 5626 930 5681 quo
954 5611 1300 5681 operiemur‘!
1332 5612 1446 5667 lucc
1467 5614 1610 5667 enim
1637 5615 1816 5668 omnia
1846 5629 1974 5684 geu-

392 5722 413 5754 c
449 5711 534 5757 tes
555 5702 852 5771 inquirunt.
885 5701 1000 5757 Scit
1025 5704 1169 5758 enim
1199 5712 1350 5773 pater
1377 5714 1575 5768 vester,
1602 5707 1723 5773 quia
1756 5705 1838 5759 his
1860 5722 1974 5759 nm-

393 5808 415 5842 σ
449 5793 608 5846 nibus
655 5791 925 5861 indigetis.
982 5791 1218 5858 Quaerite
1260 5803 1437 5847 autem
1473 5795 1703 5864 primum
1750 5811 1971 5865 regnum

396 5903 414 5933 ο
455 5885 579 5949 Dei,
609 5893 662 5938 ct
694 5883 958 5952 justitiam
999 5886 1155 5953 ejus:
1196 5896 1246 5939 ct
1288 5887 1399 5940 luet:
1439 5889 1615 5940 munia
1657 5887 1975 5955 adjiciuntur

2083 4700 2229 4754 inani
2260 4699 2524 4766 jactautia
2561 4713 2789 4757 terrenae
2829 4703 3143 4772 potestatis,
3183 4713 3240 4758 et
3278 4705 3566 4761 conflictus
3594 4722 3700 4763 ne-

2081 4806 2241 4860 quam
2270 4792 2336 4845 de
2362 4800 2569 4860 quzestu
2600 4791 2832 4846 nefando
2868 4794 3153 4863 praesentis
3187 4793 3370 4849 saeculi
3403 4811 3417 4848 :
3448 4795 3544 4851 sed
3578 4797 3692 4852 erit

2080 4881 2238 4935 ﬁrma
2275 4896 2378 4951 pax
2420 4892 2476 4939 et
2526 4885 2815 4939 concordia
2863 4884 3006 4940 inter
3047 4900 3176 4951 nos,
3223 4886 3693 4960 exercebitur-quo

2079 4976 2410 5030 unanimiter
2440 4976 2617 5031 cultus
2644 4977 2862 5046 pietatis
2901 4995 2913 5029 :
2945 4985 3000 5031 et
3028 4978 3218 5050 religio
3244 4989 3458 5046 sancta,
3485 4991 3546 5036 et
3579 4982 3694 5037 im-

2079 5071 2347 5126 maculata
2370 5087 2552 5127 coram
2579 5074 2689 5128 Deo
2711 5072 3108 5144 (exspccmntes
3131 5088 3421 5144 supernam
3445 5075 3691 5146 gloriam

2079 5164 2132 5219 in
2156 5165 2480 5221 revelatione
2501 5166 2716 5221 Domini
2737 5166 2906 5221 nostri
2926 5164 3053 5222 Jesu
3074 5166 3301 5239 Christi)
3315 5176 3370 5223 et
3390 5167 3691 5226 Salvatore

2076 5263 2284 5319 nostro,
2317 5255 2433 5310 sine
2463 5256 2881 5325 reprehensione
2903 5256 3242 5312 custodietur
3271 5271 3284 5310 :
3316 5257 3460 5312 etita
3489 5261 3688 5316 omnia

2077 5348 2319 5402 membra
2347 5350 2591 5417 corporis
2625 5346 2827 5402 Christi
2869 5358 3030 5403 erunt
3069 5349 3122 5402 in
3153 5362 3322 5417 pace,
3360 5365 3523 5418 quem
3550 5365 3688 5406 cum

2078 5452 2184 5492 non
2215 5438 2492 5502 videmus,
2524 5438 2831 5508 diligimus;
2875 5439 2927 5493 in
2955 5453 3117 5507 quem
3141 5454 3286 5494 nunc
3310 5454 3527 5509 quoque
3566 5457 3689 5498 non

2078 5528 2322 5584 videntes
2349 5528 2651 5592 credimus,
2689 5537 2746 5583 et
2778 5528 3071 5584 exultando
3095 5543 3404 5598 speramus,
3435 5529 3584 5599 quod
3626 5532 3690 5587 in

2077 5619 2308 5672 adventu
2346 5619 2463 5689 ejus
2489 5619 2850 5688 percipiamus
2880 5619 3042 5675 ﬁnem
3089 5620 3212 5675 ﬁdei
3255 5629 3483 5687 nostra,
3527 5620 3694 5679 salu-

2079 5717 2185 5762 tem
2218 5725 2517 5763 animarum
2545 5718 2877 5764 nostrarum.

2149 5799 2315 5868 Igitur
2347 5799 2471 5868 quia
2503 5800 2636 5854 ordo
2671 5801 2957 5869 prseteritae
2987 5801 3318 5856 narrationis
3345 5812 3574 5867 vestrae,
3623 5811 3694 5860 et

2079 5890 2443 5958 responsionis
2474 5890 2756 5945 parvitatis
2779 5899 2999 5956 nostrae,
3027 5890 3127 5947 hoc
3151 5892 3424 5962 exigebat,
3456 5902 3516 5946 ut
3536 5909 3690 5950 cou-
